2456 4264
138 907 164 946 §.
184 909 229 943 ιο.

131 1475 228 1514 §.th

126 2328 159 2369 ἕ.
170 2330 223 2367 42.

127 3321 159 3361 §-
170 3322 223 3359 43.

257 255 374 314 476
928 273 1256 303 HOCHSTRATVS
1280 273 1427 303 ovAns
1444 273 1692 303 nunoevs.
1734 290 1737 292 -

253 420 297 460 et
333 412 505 459 eiulans
543 409 809 458 recantavit,
849 406 1150 452 inevitabilem
1186 406 1610 452 enim‘sententiam
1647 405 1755 459 tuli,
1792 413 1840 454 et
1872 421 1992 455 novo
2028 409 2292 470 inquisitori
2317 411 2384 456 sic

253 490 346 529 erat
383 481 574 542 paranda
611 479 853 528 autoritas,
892 492 992 537 quae
1030 490 1175 537 neque
1211 478 1388 538 paritur
1424 489 1569 537 neque
1606 477 1863 524 custoditur
1898 481 1994 525 sine
2031 480 2218 526 maximo
2247 487 2381 531 metu,

251 554 303 598 ad
342 566 471 612 quem
510 548 811 595 incutiendum
848 547 1018 593 leviora
1055 554 1160 593 sunt
1196 547 1396 608 exempla
1434 562 1532 607 quae
1569 547 1685 593 edidi
1721 549 1768 594 in
1804 549 1989 596 miseras
2024 556 2071 596 et
2106 551 2252 597 fatuas
2288 566 2384 596 mu-

252 621 472 668 lierculas.
535 626 741 679 quantam
779 619 974 664 nominis
1012 618 1315 664 accessionem
1354 618 1546 669 faceret,
1585 620 1624 664 si
1659 618 1817 665 liceret
1851 618 2120 681 Capnionem
2155 622 2249 682 igni
2285 623 2382 667 inii-

250 708 373 743 cere,
413 691 489 751 qui
529 689 708 736 obstitit
746 703 834 749 quo
873 690 1019 734 minus
1056 689 1161 734 libri
1198 689 1450 735 Iudaeorum
1487 690 1803 741 inficerentur,
1841 691 2017 751 quando
2055 692 2109 738 de
2145 693 2262 738 victo
2301 704 2418 752 pera

250 763 538 811 sententiam,
577 767 647 806 tot
684 760 874 820 vigiliis,
917 766 983 805 tot
1022 759 1262 805 sudoribus
1302 765 1346 805 et
1382 761 1579 806 nummis
1616 767 1831 821 emptam,
1881 761 2074 808 formido
2113 762 2171 809 fio
2209 764 2385 809 cunctis

250 833 473 894 ingeniis?

386 915 528 950 LEVS.
602 902 844 948 Maximam.
892 901 970 946 sed
1004 900 1243 947 vehemens
1279 916 1350 947 me
1388 903 1509 962 capit
1545 902 1805 953 admiratio,
1856 902 2067 963 quidnam
2103 905 2184 956 sit,
2232 919 2385 965 quam-

249 974 401 1019 obrem
440 973 678 1020 consilium
716 979 842 1018 tuum
879 972 934 1018 de
971 972 1288 1018 comburendis
1324 972 1741 1020 librisludaeorum
1778 979 1991 1034 tanquam
2027 975 2253 1021 haereticis
2279 989 2386 1021 con-

247 1046 420 1106 ceperis
458 1045 629 1095 animo,
680 1049 724 1088 et
763 1046 838 1104 qui
876 1045 1080 1103 potueris
1118 1043 1391 1104 persuadere
1429 1044 1471 1089 id
1512 1044 1594 1090 tibi
1630 1044 1803 1091 licitum
1840 1058 1923 1091 ceu
1968 1044 2230 1091 haereticum
2279 1060 2384 1091 con·
2406 1055 2442 1089 to

246 1116 452 1161 demnare
479 1115 524 1160 id
562 1115 683 1175 quod
719 1128 866 1175 neque
903 1115 1083 1175 legeris,
1123 1121 1169 1160 et
1204 1121 1257 1160 ut
1293 1115 1416 1160 istud
1452 1129 1650 1176 unquam
1687 1115 1840 1176 legere
1878 1116 2039 1167 discas,
2078 1129 2224 1177 neque
2261 1118 2388 1176 inge-

245 1187 369 1232 nium
407 1199 552 1247 neque
589 1191 698 1231 aetas
737 1187 950 1246 suppetit.
2417 1198 2421 1202 ’

383 1269 773 1304 HOOHSTRATVS.
845 1256 1120 1307 Ridiculum,
1158 1257 1286 1317 quasi
1324 1258 1554 1303 hominum
1591 1257 1764 1304 iustitia
1798 1271 1892 1303 non
1928 1260 2115 1303 maxima
2151 1272 2285 1304 causa
2311 1259 2384 1309 sit,

245 1343 324 1374 cur
365 1330 532 1388 optima
577 1341 768 1388 quaeque
806 1327 1137 1387 reprobentur:
1179 1327 1243 1373 sic
1280 1334 1511 1389 receptum
1550 1334 1643 1380 est,
1683 1335 1728 1374 et
1766 1344 1789 1375 a
1826 1328 2074 1375 maioribus
2111 1335 2278 1375 nostrae
2316 1343 2385 1375 se-

245 1405 327 1445 ctae
374 1398 634 1455 didicimus,
694 1398 814 1458 quod
860 1399 1060 1444 omnium
1106 1398 1294 1445 maxime
1343 1400 1402 1444 sit
1446 1399 1500 1446 ab
1546 1399 1896 1460 inquisitoribus
1940 1400 2166 1448 haereticae
2212 1399 2381 1460 impro-
2401 1409 2441 1442 15

251 1470 440 1516 bandum
477 1470 522 1515 id
560 1469 679 1529 quod
718 1468 915 1514 omnium
952 1469 1132 1514 minime
1169 1469 1445 1529 intelligunt.
1485 1471 1591 1531 quid
1628 1471 1746 1516 enim
1784 1470 1905 1516 aliud
1928 1470 2055 1517 illum
2080 1471 2386 1517 Reverendum

242 1547 416 1600 patrem
453 1539 756 1591 Vratislaviae,
807 1540 928 1600 quod
966 1546 1035 1585 est
1074 1540 1289 1601 oppidum
1329 1540 1509 1593 Slesiae,
1559 1548 1610 1587 ut
1647 1541 1857 1588 Eucliden
1893 1542 2218 1588 mathematicis
2255 1541 2386 1587 lineis

231 1613 360 1664 ,varie
408 1611 648 1656 dissectum
699 1611 874 1656 solenni
925 1625 1089 1672 pompa
1137 1613 1183 1657 in
1231 1611 1377 1658 medio
1415 1613 1585 1673 templo
1623 1612 1930 1664 combureret,
1983 1613 2092 1674 quid
2127 1612 2273 1664 aliud,
2320 1614 2387 1658 in-

242 1697 397 1742 quam,
436 1682 561 1727 illum
600 1681 796 1733 induxit,
837 1696 968 1742 quam
1008 1683 1131 1744 quod
1167 1690 1347 1743 captum
1387 1684 1484 1729 eius
1523 1690 1593 1729 tot
1628 1683 1830 1744 impediti
1867 1683 2021 1730 circuli
2060 1684 2385 1744 exuperarent?

243 1753 474 1798 Sententia
511 1753 738 1798 tutissima
775 1758 861 1804 est,
901 1753 1022 1813 quod
1059 1753 1252 1804 dubitas,
1292 1768 1347 1799 an
1374 1755 1433 1799 sit
1457 1753 1642 1806 bonum,
1681 1769 1705 1800 e
1730 1754 1876 1801 medio
1902 1754 2052 1805 tollas,
2090 1768 2147 1801 ne
2172 1756 2439 1815 ignoratam

240 1825 334 1869 eius
373 1822 542 1869 malitia
578 1828 737 1868 noceat
774 1823 1059 1884 imprudenti.
1110 1824 1484 1885 quemadmodum
1531 1825 1673 1886 igitur
1708 1826 1810 1886 pius
1846 1832 1975 1886 pater
2010 1825 2181 1886 figuras
2216 1827 2385 1872 mathe·
2434 1830 2436 1834 “

239 1909 342 1940 seos
379 1894 648 1940 diiudicabat
685 1907 737 1938 ex
774 1895 869 1940 zelo
895 1895 981 1946 dei,
1019 1895 1303 1942 characteres
1341 1909 1442 1941 esse
1477 1898 1693 1957 magicos,
1731 1896 1867 1956 idque
1903 1889 2093 1958 propter
2116 1897 2384 1958 imperitiam

240 1972 285 2011 et
321 1966 488 2026 ingenii
526 1966 804 2016 tenuitatem,
842 1967 906 2011 ita
943 1980 1027 2026 ego
1064 1965 1207 2012 libros
1234 1966 1548 2014 Thalmudicos
1585 1967 1875 2029 pronuntiavi
1910 1981 2021 2014 nova
2048 1966 2270 2015 industria
2293 1968 2385 2014 hae-

237 2036 403 2082 reticos
450 2049 572 2087 esse,
622 2051 737 2096 quos
778 2042 924 2083 tamen
961 2037 1030 2082 vel
1067 2038 1114 2083 in
1151 2037 1338 2084 latinum
1386 2052 1542 2084 versos
1582 2038 1639 2085 ob
1676 2039 1896 2100 ignaviam
1930 2038 2002 2084 vix
2040 2039 2252 2099 dignarer
2285 2053 2385 2100 per-

239 2108 436 2168 spicere,
482 2107 668 2158 nedum,
716 2114 766 2153 ut
803 2122 881 2154 eos
919 2101 1243 2168 intelligerem,
1291 2110 1561 2156 sustinerem
1599 2109 1886 2157 Thalmudice
1922 2110 2111 2157 discere.
2172 2110 2383 2159 damnare
2399 2123 2440 2156 25

238 2184 386 2224 autem
425 2177 545 2238 quod
582 2180 751 2229 nescis,
801 2184 947 2225 atrum
985 2194 1039 2226 an
1076 2178 1226 2225 album
1264 2182 1349 2232 sit,
1388 2181 1624 2228 honestam
1660 2180 1796 2227 habet
1831 2194 2037 2233 causam,
2077 2182 2181 2242 quia
2223 2187 2384 2228 natura

238 2255 500 2309 suspectum
539 2254 609 2294 est
647 2250 767 2309 quod
804 2256 1008 2296 nostram
1044 2251 1252 2297 notitiam
1290 2251 1463 2311 effugit.

320 2323 322 2326 ’
377 2332 522 2367 ans.
597 2320 706 2366 Rem
743 2327 897 2373 tenes,
948 2322 1221 2368 Reuchlinus
1269 2323 1401 2368 istam
1447 2324 1784 2384 persuasionem
1832 2322 2023 2370 exclusit
2058 2337 2143 2370 suo
2179 2323 2384 2376 consilio,

238 2405 370 2452 quem
409 2391 587 2451 quidem
624 2393 840 2452 expositis
878 2393 1129 2439 rationibus
1168 2394 1415 2454 superasti:
1465 2393 1575 2441 facis
1611 2393 1755 2454 igitur
1801 2407 1949 2456 operae
1994 2394 2215 2455 pretium,
2263 2395 2385 2456 quod

239 2462 427 2508 celerem
465 2463 609 2507 victor
645 2464 927 2524 triumphum
965 2465 1179 2518 adornas;
1219 2465 1492 2525 applaudent
1529 2467 1638 2511 satis
1676 2465 1854 2512 sodales
1891 2471 1938 2511 et
1974 2467 2137 2516 amici,
2163 2465 2382 2512 dolebunt
2399 2480 2450 2514 aov

238 2534 389 2578 miseri
413 2532 667 2584 adversarii,
711 2534 1088 2596 trepidabuntque
1112 2550 1170 2582 ne
1208 2535 1376 2582 relictis
1414 2536 1626 2597 frugibus
1664 2537 1730 2583 eis
1767 2536 2045 2583 redeundum
2083 2538 2143 2583 sit
2180 2537 2234 2583 ad
2260 2536 2384 2597 glan-

239 2604 339 2655 des,
378 2617 434 2648 ne
471 2604 663 2665 pristina
699 2605 974 2652 resorbenda
1011 2606 1264 2653 barbaries:
1304 2622 1329 2652 o
1368 2621 1452 2654 nos
1488 2607 1666 2655 felices!

346 2687 765 2723 ·H00Hs'rRA'rvs.
839 2675 1038 2738 Epinicia
1076 2678 1358 2724 celebremus
1394 2680 1594 2725 crastino
1632 2677 1846 2730 Coloniae,
1885 2680 2048 2725 iccirco
2086 2679 2385 2725 communiter

238 2745 420 2790 idoneas
458 2746 512 2792 ad
550 2746 646 2792 haec
682 2746 883 2793 rationes
922 2748 1112 2796 subinde
1149 2751 1425 2809 cogitemus,
1476 2764 1586 2811 quas
1623 2750 1757 2796 modo
1797 2763 1952 2796 omnes
1988 2749 2255 2796 haberemus
2291 2764 2384 2797 me-

236 2816 420 2867 ditatas,
478 2818 565 2862 nisi
612 2817 751 2878 longo
802 2818 1068 2879 dialogismo
1114 2834 1197 2880 per
1243 2827 1289 2867 te
1334 2821 1576 2866 fuissemus
1624 2822 1819 2874 avocati;
1878 2835 2133 2882 quanquam
2179 2823 2438 2882 apprime35

239 2887 521 2946 splendorem
557 2886 763 2935 laborum
801 2895 847 2935 et
882 2891 1189 2951 periculorum
1225 2891 1618 2943 commemoratio,
1666 2898 1711 2938 et
1758 2906 1872 2953 quos
1910 2906 2043 2938 casus
2080 2891 2242 2938 dubios
2278 2905 2381 2953 per·

239 2957 419 3009 tuleris,
460 2957 668 3004 conciliat
693 2961 814 3006 iuxta
837 2961 1048 3013 Paulum,
1089 2964 1165 3022 qui
1204 2963 1267 3008 ait
1303 2962 1455 3008 ‘Nemo
1494 2962 1788 3010 coronabitur
1823 2963 1911 3008 nisi
1949 2964 2026 3024 qui
2061 2962 2262 3023 legitime
2287 2977 2382 3009 cer·

239 3025 428 3076 taverit'.
501 3029 724 3091 principio
762 3032 904 3090 igitur
939 3033 1178 3079 consilium
1215 3033 1393 3080 videtur
1439 3039 1492 3080 ut
1536 3035 1827 3086 sententiam,
1875 3035 2087 3095 quoniam
2133 3033 2382 3080 honorifice

240 3098 388 3143 nostri
425 3103 729 3147 commeminit
767 3107 813 3147 et
848 3109 1051 3150 nostram
1087 3106 1384 3151 constantiam
1434 3104 1712 3157 subindicat,
1757 3119 1839 3167 pro
1889 3104 2068 3166 templis
2116 3103 2381 3166 affigendam

239 3182 459 3215 curemus
2392 3190 2436 3224 4ο

378 3252 521 3287 ans.
594 3242 785 3290 Necesse
824 3246 1018 3297 videtur,
1057 3260 1157 3292 nam
1194 3246 1366 3293 facinus
1404 3246 1582 3308 insigne
1618 3248 1665 3292 in
1704 3246 1899 3294 obscuro
1936 3248 2083 3293 iacere
2119 3260 2210 3292 non
2233 3246 2380 3292 debet.

378 3323 764 3362 HOGHSTRATVS.
838 3316 1001 3362 Deinde
1039 3319 1141 3378 quia
1179 3317 1376 3364 fullones
1400 3318 1581 3370 lanarii,
1619 3318 1838 3364 cerdones
1864 3325 1910 3364 et
1933 3316 2208 3364 mulierculae
2233 3319 2379 3368 etiam,

240 3386 290 3425 ut
326 3394 416 3426 non
456 3395 609 3429 omnes
645 3394 951 3433 consuescunt
975 3387 1203 3447 Magistris
1228 3385 1405 3435 Nostris
1443 3395 1488 3435 et
1524 3389 1792 3438 Reverendis
1829 3388 2057 3450 patribus,
2095 3401 2187 3433 non
2225 3402 2381 3434 omnes
2446 3435 2448 3437 ,

242 3450 380 3495 latine
418 3452 579 3503 sciunt,
617 3462 860 3516 propterea
897 3458 1172 3505 voluntatem
1210 3460 1309 3520 cepi
1346 3460 1602 3506 nullitatem
1626 3466 1862 3520 praetensae
1888 3458 2115 3520 Spirensis
2142 3459 2378 3505 sententiae

239 3521 308 3566 his
334 3521 482 3566 verbis
509 3522 780 3572 Germanicis
808 3541 1030 3588 exponere
1068 3530 1175 3576 ‘Hie
1209 3531 1332 3576 nach
1367 3536 1454 3577 stet
1486 3533 1572 3578 der
1602 3535 1811 3577 sententz
1846 3536 1947 3576 etc.
1986 3544 2047 3576 zu
2085 3530 2184 3575 dem
2223 3524 2379 3575 ersten
2394 3545 2436 3578 45

353 3672 370 3699 5
401 3674 455 3716 de
486 3676 609 3717 victo
641 3678 679 3716 1.
694 3680 733 3717 2.
749 3679 792 3717 3.
823 3677 1005 3719 devicto
1036 3682 1076 3720 4.
1165 3681 1182 3706 ⁶
1212 3682 1410 3722 numinis
1439 3684 1483 3725 2.
1571 3680 1605 3708 ¹⁵
1644 3682 1851 3724 haeretic.
1874 3685 1915 3723 1.
1931 3685 1976 3724 3.
2006 3681 2189 3723 haerete.
2213 3683 2256 3721 2.
2286 3680 2378 3722 hae-

239 3743 398 3785 reticis
429 3747 470 3786 4.
577 3743 613 3771 ¹⁷
641 3747 940 3788 Vratissauiae
971 3752 1014 3789 2.
1129 3751 1390 3804 oppidulum
1423 3755 1467 3793 3.
1571 3751 1607 3779 ¹⁸
1637 3753 1827 3794 solemni
1856 3756 1900 3794 2.
2017 3750 2303 3794 comburerat
2333 3754 2374 3792 4.

238 3813 273 3841 ²³
305 3816 604 3868 pronunciavi
634 3819 674 3857 2.
689 3820 731 3858 3.
834 3816 872 3843 ²⁷
901 3818 1118 3859 noticiam
1148 3822 1189 3860 2.
1293 3818 1330 3846 ²⁸
1360 3825 1497 3863 teneo
1530 3825 1572 3864 3.
1679 3822 1716 3848 ³²
1746 3822 1942 3864 foelices.
1966 3824 2010 3867 3.
2096 3820 2134 3847 ³⁷
2161 3821 2293 3863 Paul.
2315 3822 2375 3864 11.

242 3898 312 3937 ep.
336 3885 393 3926 ad
413 3886 529 3926 Tim.
551 3886 609 3929 II.
632 3886 670 3927 5.
758 3885 793 3912 ⁴4
825 3889 955 3942 coepi
986 3891 1082 3931 edd.
1170 3887 1207 3914 ⁴¹5
1236 3891 1325 3932 Hie
1356 3891 1476 3931 nach
1581 3892 1745 3945 geben.
1777 3895 1913 3934 omitit
1942 3894 1982 3933 4.
