2456 4264
877 310 983 339 vor..
1008 311 1039 339 1.
1103 305 1160 340 17.
1182 310 1376 340 IOANNIS
1400 310 1526 340 111121‘.
2200 290 2279 347 27

38 500 48 505 ἱ
115 446 330 500 stanteS,
381 445 431 490 et
477 440 766 490 iuraverunt
813 438 946 504 quod
997 437 1177 488 vellent
1224 439 1411 489 nemini
1450 453 1658 503 parcere
1696 445 1902 504 propter
1939 441 2195 500 iustitiam,
2237 452 2285 493 et

116 526 265 592 aliqui
311 526 479 590 iuriste
517 529 567 574 et
604 524 814 574 curiales
850 529 1152 589 rogaverunt
1189 539 1280 588 pro
1321 540 1395 574 eo.
1472 523 1532 573 Et
1571 523 1757 573 domini
1796 526 2016 589 magistri
2055 526 2286 577 dixerunt

118 611 248 678 quod
297 625 398 660 nou
437 616 510 660 est
546 609 808 676 possibile,
859 610 971 674 quia
1015 608 1202 658 habent
1238 615 1443 667 statuta,
1493 615 1542 659 et
1588 609 1861 659 secundum
1911 616 2089 660 statuta
2138 611 2286 662 debet

29 751 40 757 -
117 695 342 760 relegari.
415 694 477 744 Et
524 695 655 760 quod
705 700 779 745 est
823 693 1075 753 mirabile,
1126 696 1272 744 etiam
1319 695 1552 759 princeps
1600 695 1765 759 petivit
1801 710 1894 759 pro
1934 711 2019 753 eo,
2072 701 2119 745 et
2164 696 2284 746 nihil

32 802 39 811 ‚
75 781 261 838 siuvit,
313 780 426 845 quia
474 780 703 830 dixerunt
750 779 810 830 ad
861 779 1038 830 ducem
1088 780 1220 845 quod
1259 785 1453 844 oportet
1490 794 1688 829 servare
1727 786 1902 829 statuta
1942 781 2284 832 universitatis

31 886 38 898 .
118 865 231 931 quia
277 870 456 915 statuta
503 866 552 914 in
602 865 917 915 universitate
965 871 1079 914 sunt
1123 866 1249 914 sicut
1296 864 1504 927 ligatura
1544 865 1592 912 in
1631 864 1775 915 libro,
1851 866 1962 929 quia
2002 866 2042 915 si
2078 867 2287 930 ligatura

32 934 66 1014 ’,ᾗ
116 965 218 1001 non
245 956 388 1007 esset,
427 957 547 999 tunc
584 950 702 1000 folia
741 951 975 1001 caderent
1012 950 1262 999 hincinde.
1340 955 1388 998 et
1426 950 1466 998 si
1492 953 1672 998 statuta
1697 964 1797 997 non
1826 955 2001 1008 essent,
2042 956 2161 1000 tunc
2187 967 2286 1001 non

31 1025 64 1091 t‘
115 1040 246 1086 esset
280 1034 405 1085 ordo
442 1036 492 1085 in
530 1037 869 1094 universitate,
911 1041 960 1085 et
997 1037 1252 1100 supposita
1290 1039 1480 1085 starent
1516 1034 1564 1082 in
1605 1033 1866 1091 discordia,
1908 1040 1955 1083 et
1991 1034 2080 1083 fiel
2084 1042 2131 1084 et
2169 1051 2285 1084 con-

114 1120 277 1170 fusum
326 1119 503 1169 chaos:
555 1134 675 1184 ergo
725 1121 932 1171 deberet
979 1135 1255 1184 procurare
1293 1119 1481 1168 bonum
1519 1119 1876 1176 universitatiS‚
1928 1120 2055 1168 sicut
2095 1119 2287 1170 fecisset

31 1181 254 1272 mpater
299 1220 434 1256 suus
510 1205 649 1255 Tunc
698 1207 932 1270 princeps
980 1206 1205 1269 pelmisit
1252 1203 1346 1254 sibi
1383 1203 1708 1267 persuade1e,
1769 1209 1817 1253 et
1855 1203 1975 1252 dixit
2014 1205 2145 1269 quod
2184 1220 2283 1254 non

32 1280 56 1379 ζ
110 1294 272 1358 potest
306 1291 475 1340 facere
513 1297 687 1341 contra
725 1291 1109 1340 univeisitatem.
1187 1295 1235 1338 et
1274 1288 1405 1353 quod
1445 1289 1644 1353 expedit
1680 1288 1791 1353 plus
1830 1289 1964 1353 quod
2002 1305 2131 1340 unus
2157 1289 2282 1339 rele-

18 1369 56 1461 Ξ
109 1381 252 1441 gatus
298 1389 446 1440 quam
499 1376 632 1441 quod
685 1381 782 1425 tota
821 1363 1114 1426 universitas
1152 1375 1338 1438 patitur
1375 1373 1678 1424 scandalum.
1756 1379 1803 1424 et
1842 1374 2287 1438 dominimagistri

32 1449 93 1544 ᾗ
108 1453 310 1512 fuerunt
334 1461 521 1525 optime
547 1462 783 1519 contenti,
825 1466 872 1511 et
898 1461 1160 1511 dixerunt:
1204 1459 1434 1509 ‘Domine
1459 1461 1710 1525 princePS,
1741 1460 1833 1509 deo
1860 1461 2041 1522 gratias
2068 1460 2127 1510 de
2154 1459 2282 1510 bona

36 1538 66 1598 :'.'
109 1545 320 1599 iustitia'.
394 1545 456 1595 Et
501 1552 668 1596 rector
706 1546 859 1596 affixit
905 1562 1060 1596 unum
1099 1545 1386 1595 mandatum
1426 1547 1473 1595 in
1523 1544 1670 1594 valvis
1719 1544 1948 1609 ecclesie,
1990 1545 2120 1610 quod
2160 1545 2285 1614 Esti-

22 1602 397 1782 {neampianus
435 1637 510 1680 est
546 1630 798 1695 relegatus
836 1631 897 1681 ad
937 1631 1108 1681 decem
1147 1645 1319 1680 annos
1381 1635 1428 1679 et
1466 1630 1718 1679 auditores
1755 1632 1830 1680 sui
1869 1631 2003 1680 secu
2009 1638 2096 1680 unt
2132 1631 2284 1680 multa

107 1715 272 1775 verba,
313 1722 363 1767 et
399 1716 632 1766 dixerunt
668 1718 802 1782 quod
841 1717 1026 1766 domini
1064 1717 1125 1767 de
1165 1715 1367 1766 consilio
1394 1716 1623 1765 fecenunt
1647 1716 1875 1765 iniuriam
1902 1716 2281 1787 Esticampiauo.

22 1758 50 1871 ἐ
106 1801 196 1853 sed
229 1802 322 1867 ipsi
369 1801 555 1852 domini
591 1802 822 1852 dixerunt
858 1803 989 1867 quod
1028 1818 1129 1851 non
1166 1800 1345 1851 vellent
1383 1801 1501 1850 dare
1540 1816 1693 1851 unum
1734 1800 1934 1851 obulum
1973 1817 2065 1866 pro
2105 1818 2179 1851 eo.
2240 1809 2289 1851 et

36 1873 258 1952 ¹{aliqui
303 1885 552 1938 domicelli
599 1887 832 1938 dixerunt
882 1887 1015 1952 quod
1052 1887 1451 1957 Esticampianus
1500 1885 1646 1935 vellet
1683 1887 1823 1935 istam
1863 1887 2091 1936 iniuriam
2132 1888 2284 1936 vindi-

39 1955 58 2017 (
110 1987 252 2031 care,
308 1978 358 2023 et
403 1971 549 2023 vellet
586 1974 739 2022 citare
778 1974 1143 2023 universitatem
1184 1972 1244 2021 ad
1285 1971 1478 2020 Curiam
1520 1970 1810 2021 Romanam.
1886 1971 2025 2021 Tunc
2066 1972 2284 2036 magistri

114 2058 340 2109 riserunt
376 2063 425 2107 et
462 2057 715 2107 dixerunt:
758 2059 845 2108 ‘Ha
873 2058 987 2122 quid
1020 2058 1161 2108 vellet
1196 2058 1360 2106 facere
1387 2058 1477 2105 iste
1503 2055 1779 2106 1·ibaldus‘?’
1854 2057 1915 2105 Et
1942 2056 2130 2106 debetis
2157 2059 2286 2107 scire

51 2206 57 2220 ι
110 2141 244 2209 quod
279 2157 414 2192 nunc
451 2148 526 2193 est
561 2158 740 2208 magna
779 2143 1043 2194 concordia
1081 2145 1131 2192 in
1158 2143 1489 2192 universitate.
1550 2142 1612 2191 Et
1638 2143 1871 2205 magister
1897 2141 2141 2191 Delitzsch
2167 2142 2287 2206 legit

51 2235 54 2247 ·
109 2229 164 2279 in
218 2233 324 2278 arte
379 2227 712 2278 humanitatis,
787 2229 848 2278 Et
894 2228 1117 2278 similiter
1169 2229 1403 2291 magister
1441 2226 1827 2291 RotburgensiS‚
1888 2228 1971 2291 qui
2011 2228 2288 2291 composuit

41 2338 64 2383 g,
111 2328 268 2364 unum
314 2312 497 2363 librum
545 2313 675 2363 hene
725 2314 773 2362 in
823 2313 971 2378 triplo
1018 2315 1082 2363 ita
1131 2327 1364 2376 magnum
1415 2314 1542 2362 sicut
1591 2318 1664 2362 est
1700 2311 1931 2376 Virgilius
1968 2313 2016 2361 in
2057 2312 2287 2361 omuibus

42 2384 56 2459 ἶ,
114 2399 215 2449 suis
251 2397 504 2464 operibus,
578 2398 641 2447 Et
687 2400 853 2463 posuit
898 2398 1049 2448 multa
1099 2398 1228 2448 hona
1280 2400 1330 2447 in
1370 2397 1452 2447 illo
1490 2397 1643 2456 libre,
1687 2398 1830 2446 etiam
1870 2413 1962 2462 pro
2002 2397 2287 2447 defensione

43 2468 283 2548 gtuanen}
319 2484 490 2533 matris
527 2482 750 2547 ecclesie,
791 2490 840 2533 et
877 2484 937 2534 de
963 2483 1192 2534 laudibus
1219 2490 1519 2533 sanctorum.
1595 2482 1657 2531 Et
1683 2483 2043 2532 commendavit
2068 2488 2287 2532 nostram

52 2559 59 2605 Ῑ
114 2568 481 2620 universitatem
508 2569 866 2634 principaliter,
908 2575 956 2619 et
982 2584 1173 2619 sacram
1213 2568 1539 2633 theologiam,
1581 2575 1628 2618 et
1666 2568 1946 2618 facultatem
1987 2569 2286 2625 artistarum,

43 2655 94 2697 's
116 2660 169 2705 et
198 2653 524 2721 reprehendit
559 2653 670 2704 illos
708 2661 879 2719 poetas
917 2654 1165 2719 seculares
1204 2660 1252 2704 et
1277 2653 1500 2718 gentiles.
1577 2654 1637 2703 Et
1665 2654 1849 2703 domini
1874 2655 2094 2717 magistri
2121 2654 2291 2715 dicunt

45 2718 73 2789 ῗ
115 2737 248 2805 quod
292 2754 381 2790 sua
430 2745 585 2790 metra
633 2746 748 2790 sunt
783 2742 851 2789 ita
890 2739 1019 2790 bona
1059 2741 1188 2790 sicut
1223 2746 1381 2790 metra
1419 2739 1630 2804 Virgilii,
1681 2745 1729 2789 et
1766 2754 1865 2788 non
1904 2739 2084 2789 habent
2128 2738 2288 2804 aliqua

51 2878 54 2885 ,
115 2823 254 2881 vitia,
305 2825 419 2890 quia
467 2826 574 2890 ipse
612 2825 833 2891 perfecte
871 2826 963 2874 scit
999 2831 1155 2874 artem
1196 2825 1550 2883 metrificandi,
1602 2831 1650 2875 et
1687 2831 1801 2875 ante
1841 2836 1955 2875 .ΧΧ.
1997 2840 2153 2874 annos
2201 2825 2292 2873 fuit

59 2906 279 2965 ”bonus
321 2910 556 2960 metrista.
634 2910 950 2976 Quapropter
998 2911 1183 2960 domini
1233 2910 1293 2960 de
1343 2910 1546 2959 consilio
1597 2911 1956 2975 permiserunt,
2015 2910 2145 2974 quod
2186 2911 2289 2972 ipse

117 2993 264 3045 debet
296 2994 445 3046 istum
483 2994 664 3046 librum
703 2995 900 3060 publice
938 2994 1104 3060 legere
1143 3011 1235 3061 pro
1263 2996 1512 3053 Terentio,
1552 2996 1663 3060 quia
1703 3002 1776 3045 est
1803 2997 1959 3060 magis
1985 2996 2292 3045 necessarius

117 3093 263 3146 quam
299 3080 584 3140 TerentiuS,
635 3090 683 3131 et
721 3081 871 3132 habet
906 3081 1091 3131 honam
1131 3081 1536 3131 christianitatem
1576 3082 1622 3130 in
1662 3097 1739 3137 se,
1792 3089 1838 3129 et
1876 3096 1974 3129 uon
2016 3085 2193 3129 tractat
2231 3080 2291 3129 de

57 3188 60 3190 ·
118 3165 464 3218 meretricibus
515 3173 564 3217 et
608 3166 902 3225 husonibus,
953 3168 1079 3216 sicut
1127 3167 1404 3217 Terentius.
1482 3166 1577 3215 Vos
1616 3165 1804 3215 debetis
1843 3166 1934 3230 hec
1973 3180 2097 3215 nova
2137 3166 2290 3231 mani-

50 3233 99 3317 ξ
121 3246 299 3301 [estare
343 3251 392 3301 in
442 3258 600 3302 vestra
640 3253 987 3309 universitate,
1039 3252 1158 3301 tunc
1197 3252 1420 3302 fortassis
1459 3252 1603 3301 etiam
1644 3252 1727 3301 fiet
1764 3251 1833 3300 sic
1871 3251 2111 3309 Eusebio,
2168 3266 2235 3299 511
2242 3257 2293 3299 ut

52 3300 303 3417 *factum
360 3342 434 3387 est
481 3337 862 3409 Esticampiano.
938 3337 1145 3395 Quando
1202 3338 1389 3387 mittitis
1446 3336 1563 3385 mihi
1619 3341 1837 3386 vestrum
1888 3335 2068 3385 librum
2123 3342 2291 3385 contra

52 3411 63 3440 ²
119 3415 392 3471 Reuchlin?
469 3420 562 3472 Vos
611 3422 768 3472 dicitis
814 3422 967 3482 multa
1009 3429 1057 3473 et
1095 3422 1215 3472 nihil
1256 3428 1344 3471 est.
1420 3422 1481 3471 Et
1519 3422 1783 3485 scripsistis
1821 3421 1939 3470 mihi
1979 3421 2107 3486 quod
2152 3420 2292 3470 vultis

82 3563 92 3573 .
119 3502 240 3557 mihi
276 3507 514 3557 veraciter
552 3509 761 3564 mittere,
802 3514 851 3557 et
887 3523 985 3557 non
1015 3508 1188 3557 facitis.
1263 3508 1395 3557 Deus
1423 3512 1594 3571 parcat
1621 3506 1772 3563 vobiS,
1814 3506 1942 3571 quod
1974 3522 2071 3555 non
2100 3505 2292 3567 diligitis

121 3600 225 3647 me,
264 3590 390 3641 sicut
428 3598 476 3641 et
514 3609 606 3657 ego
645 3592 793 3656 diligo
832 3607 943 3651 voS,
981 3594 1092 3658 quia
1133 3592 1247 3642 estis
1286 3591 1406 3641 mihi
1446 3593 1574 3641 sicut
1612 3606 1699 3639 cor
1740 3607 1918 3641 meum.
1997 3592 2092 3641 Sed
2132 3590 2291 3639 adhuc

86 3673 323 3726 ‚mittatis
358 3676 502 3734 mihi,
554 3679 668 3742 quia
718 3677 967 3727 desiderio
1017 3677 1290 3727 desideravi
1327 3676 1424 3726 hoc
1464 3676 1643 3741 pascha
1684 3675 1983 3726 manducare
2023 3676 2289 3730 vobiscum,

236 3884 271 3913 ¹³
301 3888 469 3941 optime
502 3891 619 3932 omis.
644 3893 687 3930 2.
808 3889 841 3915 ¹⁴¹
876 3891 1066 3931 iusticia
1097 3893 1139 3931 2.
1260 3887 1294 3915 ¹⁰
1327 3889 1404 3929 11ῆί
1437 3892 1478 3930 2.
1606 3887 1639 3913 ²¹
1673 3887 1885 3928 Delitsoh
1919 3889 2011 3927 1.2.
2130 3883 2164 3909 ³²
2199 3914 2207 3923 .
2234 3884 2291 3922 Et

125 3955 242 4000 1...3.
