2456 4264
947 296 1168 325 VOLVUEN
1191 296 1413 325 Teu‘rlvu.
2142 272 2262 329 527

109 428 190 476 sed
223 428 271 475 in
308 442 428 475 anno
465 427 643 489 legere;
694 435 741 475 et
787 427 866 476 ubi
912 428 1076 476 lecturi
1115 435 1267 480 erant,
1314 429 1426 475 hora
1471 428 1653 475 dimidia
1700 428 1854 490 elapsa
1897 431 1967 476 vix
2011 429 2267 476 cathedram

109 499 469 552 adscendebant,
515 498 641 546 finita
691 501 826 546 tertia
863 499 1040 547 horulae
1079 500 1328 562 quadrante
1364 499 1673 551 discedentes,
1722 514 1899 547 omnem
1937 507 1984 547 et
2019 515 2187 548 moram
2225 507 2271 548 et

109 570 450 618 festinationem
486 571 569 617 viae
606 570 942 632 longinquitate
979 572 1174 633 pariter,
1212 571 1386 632 pariter
1422 578 1468 617 et
1505 578 1740 618 senectute
1777 572 1864 618 iam
1901 573 1987 619 iam
2024 573 2271 635 appropin-

111 648 279 704 quante
314 648 611 689 excusantes:
649 657 751 689 cum
789 649 939 688 tamen
975 642 1147 704 praedia
1184 657 1266 689 sua
1302 641 1497 703 singulis
1536 642 1830 704 septimanis,
1869 644 1907 689 si
1946 657 2037 690 non
2075 644 2269 704 singulis

74 712 272 760 adiebus
307 712 478 775 absque
514 713 608 760 ulla
644 714 853 760 molestia
887 714 1095 766 visitare,
1133 726 1441 775 agrorumque
1477 713 1632 760 sulcos
1669 716 1968 774 perscrutari,
2018 715 2271 777 expendere

110 791 159 832 et
191 783 480 831 dinumerare
515 791 722 846 possent.
794 782 911 839 Quin
956 799 1059 831 cum
1105 785 1335 846 legerent,
1385 783 1655 831 obscuritati
1702 786 1763 831 ita
1809 784 2075 842 studebant,
2114 792 2165 841 ut
2202 787 2271 831 vix

111 856 315 904 decimus
351 857 547 918 quisque
584 854 834 916 (rarissime
873 862 1024 902 autem
1060 855 1260 903 decimus
1296 856 1539 906 intererat,
1580 856 1652 901 vix
1687 857 1963 902 centesimus
2001 855 2105 904 illos
2130 856 2272 903 lectu-

111 941 192 974 ros
226 941 428 989 unquam
464 941 565 974 esse
599 927 814 988 augurari
861 924 1057 990 poterat)
1108 927 1219 988 quid
1262 925 1451 977 vellent,
1500 933 1844 987 assequeretur:
1891 927 2028 988 idque
2074 942 2176 974 eum
2227 927 2270 973 in

111 998 262 1050 finem,
300 1005 353 1045 ut
386 987 598 1061 privatim
634 1013 690 1046 eo
727 998 888 1045 maiori
925 1013 1029 1045 cum
1066 998 1220 1045 [ructu
1257 997 1421 1044 docere
1458 1003 1663 1058 possent.
1735 996 1836 1043 Noli
1873 1005 2023 1045 autem
2062 998 2144 1045 tibi
2170 1012 2273 1060 per·

56 1080 100 1116 ιο
116 1070 332 1122 suadere,
382 1084 464 1117 eos
499 1071 709 1132 privatim
745 1069 1062 1130 diligentiores
1097 1069 1264 1121 fuisse;
1296 1070 1382 1115 xix
1418 1069 1558 1114 tertio
1596 1067 1666 1114 vel
1704 1075 1869 1129 quarto
1906 1082 2158 1130 congressu
2194 1084 2273 1131 pe-

110 1142 290 1189 cuniam
327 1141 718 1189 emendicaverant
751 1141 910 1202 potius
947 1154 1080 1201 quam
1126 1147 1392 1202 exegerant,
1439 1139 1516 1185 ubi
1564 1138 1778 1186 schedula
1815 1139 1990 1186 foribus
2029 1139 2158 1187 affixa
2195 1156 2273 1188 ne-

111 1212 376 1275 gligentiam
413 1213 620 1275 ipsorum
657 1227 750 1259 non
787 1211 1031 1259 excusabat
1078 1211 1158 1258 sed
1205 1210 1466 1258 accusabat:
1515 1209 1570 1256 Et
1607 1210 1647 1256 si
1685 1212 1790 1271 quis
1835 1224 2021 1262 eorum,
2069 1212 2270 1272 gentium

112 1286 339 1350 minorum
375 1279 515 1336 Deus,
552 1284 818 1346 diligentem
854 1297 905 1329 se
942 1283 987 1329 in
1024 1281 1217 1342 legendo
1255 1281 1510 1332 exhiberet,
1559 1281 1691 1328 effata
1728 1283 1826 1328 eius
1862 1297 1945 1344 pro
1986 1282 2183 1330 oraculis
2221 1298 2273 1329 ex

111 1355 339 1418 Apollinis
375 1355 557 1418 tripode
591 1355 739 1404 aeditis
775 1353 934 1401 haberi
969 1353 1218 1400 debebant:
1264 1366 1443 1399 omnem
1492 1367 1634 1399 sacrae
1672 1351 1919 1414 Scripturae
1958 1356 2271 1401 auctoritatem

57 1440 99 1474 ιε
113 1427 377 1475 labefactari
415 1426 695 1489 patiebatur,
744 1425 880 1472 modo
917 1426 1064 1486 ipsius
1101 1431 1147 1470 et
1182 1424 1353 1470 deastri
1392 1424 1463 1470 sui
1500 1423 1761 1471 Aristotelis
1794 1427 2043 1472 auctoritas
2079 1424 2273 1486 integra,

113 1505 237 1546 sarta
272 1505 321 1546 et
355 1505 476 1546 tecta
513 1503 795 1549 servaretur;
841 1502 1003 1557 utpote
1050 1510 1076 1542 a
1122 1495 1253 1543 cuius
1302 1496 1525 1542 sententia
1574 1509 1632 1541 ne
1676 1495 1817 1541 latum
1856 1510 2054 1558 unguem
2094 1496 2271 1557 quidem

113 1570 352 1622 secedere,
400 1569 482 1616 sed
517 1582 666 1630 usque
703 1568 759 1614 ad
797 1575 1048 1614 extremum
1085 1568 1189 1614 vitae
1227 1565 1418 1613 halitum
1456 1581 1553 1612 eam
1592 1566 1832 1613 defendere
1868 1568 2170 1614 iuramentum
2208 1568 2275 1613 iu·

113 1647 313 1694 tavent,
361 1641 556 1703 ideoque
602 1647 655 1687 ut
698 1641 794 1686 voti
840 1652 895 1686 eo
944 1640 1082 1686 citius
1119 1638 1251 1685 fieret
1287 1652 1501 1700 compos,
1549 1651 1676 1685 more
1712 1653 1874 1686 canum
1915 1638 2175 1686 timidorum
2214 1638 2275 1685 la·

114 1719 237 1761 tratu
271 1713 418 1775 magis
456 1726 592 1774 quam
628 1726 786 1758 morsu
822 1711 1103 1758 adversarios
1139 1709 1393 1756 invadebat.
1464 1709 1580 1766 Quid
1618 1709 1779 1771 plura?
1816 1710 2036 1772 gratulari
2073 1709 2156 1756 tibi
2194 1724 2275 1772 po·

56 1785 211 1832 wttus
247 1783 387 1832 debes
417 1797 559 1846 quam
596 1783 886 1834 contristari,
932 1783 1178 1844 pristinum
1225 1782 1345 1829 hunc
1380 1780 1591 1828 Parnassi
1629 1787 1796 1827 statum
1834 1788 2055 1828 mutatum
2093 1794 2192 1827 esse
2230 1782 2275 1826 in

115 1855 292 1904 melius.
365 1854 543 1903 Gratias
579 1854 803 1917 agendum
840 1860 911 1900 est
947 1855 1058 1906 diis,
1096 1853 1221 1915 quod
1258 1867 1341 1914 pro
1380 1852 1662 1914 benignitate
1698 1867 1779 1900 sua
1817 1853 2051 1901 securitati
2078 1852 2276 1900 civitatis

115 1943 212 1976 suae
246 1929 590 1991 prospexerint,
639 1933 687 1973 et
723 1920 1109 1988 compotationes,
1159 1926 1330 1986 iurgia,
1377 1925 1727 1986 provocationes
1765 1932 1810 1972 et
1847 1924 1994 1971 duella
2031 1923 2276 1986 prohibue-

116 2000 234 2054 rint;
271 2013 380 2047 sane
415 1998 557 2047 officii
594 1999 665 2045 sui
703 2004 856 2060 partes
893 1997 964 2044 vix
1000 1996 1095 2043 ullo
1133 1996 1269 2043 modo
1307 1995 1469 2042 melius
1506 1995 1687 2057 explere
1711 1996 1992 2057 potuissent,
2032 2009 2166 2058 quam
2191 1996 2277 2041 hoc

116 2085 238 2124 uno,
276 2071 403 2135 quod
438 2070 494 2118 de
530 2072 816 2118 incremento
854 2068 1161 2131 Reipublicae,
1201 2067 1325 2129 quod
1361 2067 1596 2115 maximam
1635 2075 1810 2129 partem
1849 2068 1894 2114 in
1932 2067 2276 2115 conservatione

60 2142 438 2193 ²⁵membromm,
463 2142 645 2190 utilium
681 2142 918 2192 consistit,
958 2140 1126 2187 soliciti
1166 2139 1368 2186 suerunt.
1443 2139 1646 2186 Gaudere
1682 2138 1843 2190 debes,
1883 2138 2005 2200 quod
2045 2138 2156 2186 tales
2195 2137 2275 2184 tibi

116 2215 338 2263 Doctores
372 2215 577 2262 invenire
612 2212 819 2264 licuerit,
866 2213 945 2274 qui
993 2226 1085 2258 non
1131 2225 1254 2258 vanae
1291 2211 1602 2272 persuasionis
1640 2218 1783 2258 oestro
1822 2211 2005 2272 perciti,
2054 2223 2136 2255 nec
2172 2224 2278 2271 pro·

118 2288 233 2350 priae
277 2287 518 2334 sententiae
568 2292 772 2337 tenaces,
831 2284 979 2331 solum
1028 2282 1150 2346 quod
1196 2295 1352 2329 verum
1401 2295 1597 2343 vereque
1642 2281 1810 2328 bonum
1859 2289 1954 2333 est,
2003 2286 2279 2343 proponunt.

117 2360 239 2420 Age,
275 2371 559 2406 commorare
594 2357 849 2420 paulisper,
888 2355 1116 2418 patientiae
1155 2360 1244 2401 tuae
1285 2360 1341 2400 te.
1365 2368 1456 2401 non
1494 2353 1747 2415 poenitebit.
1821 2353 1943 2401 Vale.

1181 2564 1228 2618 8.

65 2693 111 2728 30
753 2683 949 2733 Antus
988 2680 1216 2732 Cantus
1253 2680 1644 2731 {lornantius

719 2772 827 2819 olim
877 2772 923 2818 in
970 2771 1215 2834 praesentia
1262 2770 1454 2818 duorum
1507 2771 1689 2816 testium

866 2857 1083 2906 Caesarice
1119 2864 1345 2905 castratus
1383 2856 1545 2907 Poeta,

802 2958 924 2991 nunc
959 2943 1105 2991 lector
1141 2944 1367 2990 minorum
1404 2942 1608 3002 gentium

970 3044 1109 3076 aureo
1147 3043 1231 3075 suo
1271 3029 1439 3080 amico,

69 3130 114 3165 ³⁵
756 3110 1011 3163 Domino
1067 3110 1346 3162 Inflanto
1400 3109 1655 3167 Baccio,

690 3201 908 3264 Magistro
946 3200 1106 3248 majori
1145 3200 1189 3246 in
1229 3198 1438 3247 omnibus
1477 3198 1728 3246 literaturis

445 3294 492 3335 et
527 3286 763 3335 benedicto
802 3301 854 3334 ex
891 3286 980 3334 hoc
1016 3300 1138 3334 nunc
1175 3293 1221 3333 et
1258 3299 1403 3347 usque
1442 3286 1485 3331 in
1527 3283 1678 3330 secula
1717 3283 1971 3331 seculorum

493 3376 659 3426 Amen,
700 3375 863 3420 iterum
902 3371 1103 3419 secundo
1144 3370 1492 3418 versificatorice
1531 3369 1720 3416 salutem
1759 3376 1910 3431 optat:

469 3487 719 3550 Perscripsi
756 3501 903 3549 nuper
940 3485 1258 3548 perpulchram
1296 3484 1350 3531 ad
1389 3491 1434 3531 tc
1470 3483 1742 3546 Epistulam,

74 3587 120 3622 ⁴0
585 3558 695 3616 Quae
734 3559 842 3605 mihi
880 3571 971 3605 non
1009 3571 1171 3620 parurn
1210 3557 1296 3603 ista
1334 3555 1504 3603 laboris
1543 3555 1671 3610 secit;

473 3629 527 3677 Et
563 3644 649 3691 ego
689 3627 951 3692 sperabam,
993 3635 1036 3675 te
1074 3642 1175 3675 mox
1212 3641 1315 3675 esse
1354 3640 1709 3689 responsurum,

586 3701 694 3748 Cum
734 3700 829 3749 scio
867 3699 1142 3762 permultum
1182 3705 1226 3746 te
1263 3698 1428 3746 habere
1465 3712 1604 3760 super
1641 3713 1737 3745 mc:

252 3854 285 3883 ¹⁴
316 3855 504 3897 aciditis
534 3856 632 3898 edd.
653 3869 748 3908 prr.
850 3853 889 3881 ⁸⁰
918 3854 988 3896 An
1021 3853 1245 3897 ‘Andreae
1277 3853 1450 3896 canter
1482 3852 1826 3895 Hollan‹licns?’
1859 3852 2071 3894 mlrmeam't
2106 3849 2283 3890 Funus-te-

135 3941 271 3970 mann.
358 3925 396 3951 ³³¹
428 3926 677 3979 Pnnsslmelc.
766 3924 801 3951 ⁴²
832 3925 1003 3966 habere
1035 3939 1070 3970 s.
1092 3924 1179 3980 me]
1213 3927 1367 3980 magni
1401 3940 1469 3966 inc
1504 3926 1676 3966 facere.
