2456 4264
238 243 307 301 21
324 244 359 300 Ο
827 259 1064 289 EPISTOLAE
1088 254 1393 288 ossscvnonvn
1414 252 1623 285 vmonvn
1645 251 1797 284 novat.

243 412 348 445 mus
388 396 623 457 optimum
665 393 844 445 vinum,
886 388 1029 451 quale
1067 401 1165 435 non
1208 386 1310 434 hihi
1348 386 1397 437 in
1436 385 1527 432 vita
1566 397 1700 431 mea:
1741 388 1788 430 et
1823 381 2120 456 interrogavi
2146 379 2386 443 hospitem

243 479 486 544 quomodo
524 482 723 525 vocatur
762 472 880 520 illud
921 471 1114 519 vinum?
1152 468 1421 533 Respondit
1458 466 1587 530 quod
1616 471 1689 514 est
1713 464 1963 529 lachryma
1990 464 2183 514 Christi.
2248 462 2387 510 Tunc

244 565 360 612 dixit
398 563 557 609 socius
597 572 755 606 meus:
799 556 998 603 ‘utinam
1028 553 1249 601 Christus
1287 551 1431 601 vellet
1468 551 1612 598 etiam
1651 549 1773 598 ssere
1811 550 1861 597 in
1887 548 2040 611 patria
2068 545 2265 596 nostra’.
2328 545 2388 593 Et

241 650 308 694 sic
358 645 569 692 bibimus
614 641 792 689 bonam
839 639 1146 701 positionem.
1222 637 1281 684 Et
1326 641 1437 698 post
1494 634 1617 683 duos
1669 633 1774 681 dies
1827 633 2115 680 intravimus
2162 630 2384 678 Romam.
2425 669 2437 675 ..

244 730 487 778 Laudetur
526 726 645 775 deus
684 724 766 786 qui
804 722 1025 771 liberavit
1061 735 1150 768 nos
1189 720 1248 768 de
1287 719 1449 767 multis
1487 716 2014 780 tribulationibusque
2052 722 2166 763 sunt
2203 715 2261 783 in.
2289 719 2423 762 totas

243 816 340 869 via,
391 826 581 859 necnon
628 811 674 857 in
728 807 851 856 mala
892 806 1164 868 Soarparia.
1243 803 1337 851 Sed
1387 817 1518 851 nuno
1570 803 1618 850 in
1658 786 1801 850 Curia
1839 814 1936 848 non
1975 798 2191 848 intellexi
2228 796 2388 860 aliqua

244 913 386 951 nova,
439 896 530 943 nisi
579 893 709 957 quod
763 891 859 940 vidi
907 890 986 938 hic
1033 903 1187 937 unum
1225 879 1414 936 Animal
1458 886 1585 935 hene
1635 887 1698 934 ita
1746 899 1979 948 magnum
2017 884 2144 931 siout
2181 889 2390 946 quatuor

244 982 379 1044 equi,
436 985 482 1027 et
533 978 679 1027 habet
726 982 942 1024 rostrum
990 975 1054 1022 ita
1093 972 1294 1034 longum
1334 973 1458 1019 sicut
1497 984 1613 1032 ego,
1666 976 1717 1048 et
1761 976 1836 1017 est
1871 967 2110 1016 mirabilis
2149 972 2388 1015 ereatura.

244 1064 448 1123 Quando
479 1063 588 1117 vidi,
627 1060 892 1109 tunodixi:
935 1056 1183 1106 ‘Mirabilis
1211 1056 1331 1104 deus
1369 1057 1415 1103 in
1455 1053 1690 1117 operibus
1727 1051 1858 1102 suis'.
1931 1053 2034 1116 Ego
2075 1049 2244 1100 vellem
2273 1049 2390 1097 dare

247 1164 395 1197 unum
423 1148 664 1195 florenum
693 1144 823 1209 quod
850 1143 1014 1191 videre
1053 1141 1299 1189 deberetis
1338 1139 1465 1188 illam
1505 1139 1727 1187 bestiam.
1804 1131 1902 1186 Sed
1942 1135 2091 1184 credo
2128 1150 2217 1199 per
2245 1133 2388 1182 deum
2410 1150 2447 1184 io

246 1233 373 1296 quod
414 1233 527 1280 satis
566 1230 690 1278 hene
731 1225 948 1292 expedivi
988 1242 1066 1274 me
1105 1224 1384 1273 scribendo.
1461 1223 1556 1271 Vos
1593 1220 1813 1271 similiter
1852 1221 2060 1276 faciatis,
2112 1219 2229 1268 alias
2266 1231 2390 1266 nun·

246 1332 391 1379 quam
430 1314 566 1363 vobis
605 1313 832 1362 scribam.
907 1312 967 1360 Et
1003 1308 1157 1358 valete
1195 1310 1392 1357 saniter.
1467 1308 1640 1355 Datum
1680 1306 1856 1370 raptim
1895 1305 2112 1368 Romane
2152 1303 2311 1368 Curie.

1278 1543 1358 1602 13.

885 1678 927 1724 (i
972 1660 1313 1719 Thomas
1360 1657 1747 1718 Klorbius

966 1773 1165 1822 humilis
1203 1771 1467 1835 Theologie
1507 1750 1679 1820 doctor
2413 1782 2451 1816 15

991 1869 1321 1937 Magistro
1361 1868 1652 1921 Ortvino

1210 1967 1443 2018 Salutem.

388 2085 507 2142 Quia
549 2084 782 2146 scriptum
823 2088 895 2131 est
946 2083 1151 2130 ‘vexatio
1202 2081 1283 2129 dat
1331 2078 1669 2130 intellectum’:
1718 2079 1849 2142 Ergo
1878 2093 1995 2126 .non
2045 2077 2234 2127 debetis
2281 2077 2398 2126 mihi

249 2169 430 2218 habere
469 2183 559 2232 pro
600 2166 728 2215 malo
768 2167 895 2230 quod
938 2166 1184 2214 modicum
1225 2171 1368 2214 teneo
1405 2164 1544 2213 vobis
1581 2164 1877 2228 oppositum,
1917 2177 2029 2212 oum
2069 2175 2160 2225 ego
2201 2162 2324 2210 facio
2350 2162 2397 2210 in

249 2253 428 2301 bonam
466 2258 673 2315 partem.
751 2252 845 2299 Vos
893 2266 1050 2315 nuper
1099 2250 1362 2313 scripsistis
1408 2250 1456 2297 in
1505 2263 1606 2298 uno
1643 2248 1905 2297 dictamine
1942 2247 2003 2296 de
2028 2261 2128 2295 uno
2165 2245 2395 2309 Magistro
2410 2263 2456 2298 w

248 2344 441 2392 nostro,
496 2335 625 2399 quod
675 2341 748 2384 est
784 2334 922 2383 valde
961 2334 1156 2390 doctuS‚
1206 2339 1253 2382 et
1291 2339 1364 2382 est
1400 2333 1582 2381 Doctor
1618 2331 1886 2382 multorum
1926 2346 2192 2387 annorum,
2243 2336 2291 2380 et
2327 2335 2399 2380 est

248 2420 525 2484 profundus
574 2419 806 2474 Scotista,
866 2424 913 2467 et
962 2424 1034 2466 est
1079 2417 1217 2467 valde
1265 2418 1487 2467 cursivus
1532 2417 1582 2464 in
1630 2415 1767 2465 libris
1813 2416 2203 2471 Sententiarum;
2255 2402 2420 2481 etiams

249 2506 341 2552 scit
378 2509 687 2551 mentetenus
723 2509 877 2551 totum
915 2502 1096 2550 librum
1136 2503 1357 2550 Doctoris
1394 2501 1548 2550 sancti
1586 2501 1646 2550 de
1684 2501 1808 2550 Ente
1846 2506 1894 2549 et
1917 2501 2153 2557 Essentia,
2197 2505 2243 2549 et
2282 2499 2398 2548 For·
2423 2524 2446 2539 ν

250 2587 454 2636 talitium
493 2587 603 2635 tidei
643 2592 716 2635 est
755 2589 800 2634 ei
847 2587 975 2635 siout
1012 2587 1156 2635 Pater
1205 2593 1397 2642 noster;
1451 2591 1499 2635 et
1546 2600 1635 2649 per
1685 2589 1842 2635 artem
1894 2585 2261 2634 memorativam
2311 2585 2398 2632 im-

251 2673 428 2734 pressit
477 2670 567 2719 sibi
617 2670 934 2719 formalitates
972 2671 1103 2719 Scoti
1153 2671 1278 2719 sicut
1327 2685 1517 2726 ceram;
1572 2677 1620 2719 et
1666 2668 1836 2718 ultimo
1885 2668 2098 2718 scribitis
2144 2669 2273 2733 quod
2324 2674 2456 2720 estw

252 2755 527 2803 membrum
569 2754 740 2803 decem
778 2755 1163 2804 universitatum.
1240 2755 1456 2804 Parcatis
1494 2755 1628 2811 mihi,
1667 2769 1754 2803 vos
1780 2755 1895 2803 estis
1920 2755 2246 2816 incongruus:
2286 2755 2397 2817 quia
2455 2771 2456 2822 ξ

251 2854 403 2887 unum
442 2838 720 2887 membrum
759 2853 857 2886 non
905 2844 1065 2901 potest
1113 2838 1295 2888 habere
1344 2838 1486 2903 plura
1538 2854 1776 2903 corpora:
1827 2838 1914 2887 sed
1961 2853 2052 2902 per
2099 2838 2399 2886 contrarium
2455 2827 2456 2838 ²

251 2939 400 2972 unum
442 2937 622 2985 corpus
660 2922 787 2971 bene
825 2922 974 2971 habet
1010 2922 1152 2986 plura
1192 2922 1438 2972 membra:
1479 2924 1601 2982 Quia
1642 2938 1825 2986 corpus
1849 2922 2119 2972 humanum
2146 2921 2295 2971 habet
2319 2937 2397 2970 ca-

252 3013 353 3070 put,
393 3007 557 3070 pedeS‚
597 3022 784 3062 manus,
823 3006 1039 3062 brachia,
1082 3013 1313 3065 ventrem,
1354 3009 1595 3072 priapum,
1635 3007 1710 3056 vel
1736 3007 1926 3056 vulvam
1952 3008 1992 3055 si
2018 3012 2092 3056 est
2115 3006 2313 3063 mulier;
2353 3010 2401 3054 et

253 3106 339 3153 pes
367 3096 443 3138 est.
464 3091 741 3139 membrum
769 3091 994 3147 liominiS‚
1039 3097 1086 3139 et
1113 3098 1258 3154 caput
1297 3098 1368 3140 est
1405 3092 1686 3142 membrum
1724 3091 1936 3141 hominis
1975 3098 2083 3140 .eto.
2159 3096 2206 3139 et
2242 3096 2396 3147 totum

255 3174 442 3236 Corpus
481 3175 690 3222 hominis
728 3175 875 3224 babet
900 3175 990 3224 sub
1016 3191 1067 3224 se
1094 3175 1172 3224 illa
1201 3176 1437 3233 membra,
1479 3182 1526 3225 et
1551 3176 1629 3226 illa
1658 3176 1879 3226 membra
1905 3175 2116 3224 subsunt
2142 3175 2257 3224 huie
2283 3174 2398 3223 Cor-

365 3353 382 3378 4
420 3354 538 3408 post]
575 3356 622 3408 p⁹
653 3360 693 3395 5.
810 3356 826 3381 5
863 3359 1081 3398 Fortasse
1122 3359 1341 3412 Lampius
1381 3372 1557 3412 quoque
1611 3359 1824 3401 ‘nescivit
1874 3358 1992 3410 quod
2044 3359 2136 3398 est'
2163 3360 2314 3411 poeta'
2355 3359 2400 3397 et

254 3426 463 3477 scripsit:

507 3494 743 3534 Laudatur
773 3496 882 3537 deus
970 3499 1046 3550 qui
1075 3498 1293 3540 liberavit
1322 3513 1404 3540 nos
1435 3500 1490 3540 de
1522 3500 1677 3540 multis
1707 3498 2083 3540 tribulationibus

593 3564 690 3619 Qus
722 3570 826 3606 sunt
857 3568 905 3606 in
935 3571 1034 3607 tota
1064 3569 1163 3619 via,
1253 3581 1434 3609 necnon
1464 3570 1512 3608 in
1543 3569 1666 3609 mala
1697 3570 1950 3622 scarparia.

253 3633 270 3658 6
301 3662 311 3672 .
340 3633 410 3672 sed
441 3636 480 3673 5.
567 3633 584 3657 8
616 3638 848 3678 cteatura:
882 3636 1036 3685 Quado
1068 3640 1108 3678 4.
1201 3637 1233 3664 ¹¹
1263 3639 1392 3678 Alias
1423 3641 1463 3678 4.
1554 3638 1587 3664 ¹²
1616 3639 1850 3692 Rhomane
1881 3644 1922 3679 5.

368 3701 402 3726 ¹⁶
431 3702 491 3741 M.
517 3705 558 3744 4.
626 3702 659 3727 ¹⁹
690 3705 788 3756 Ego
812 3707 853 3743 4.
940 3705 976 3730 ²²
1007 3735 1017 3745 .
1040 3707 1145 3747 Etifi
1176 3710 1218 3748 4.
1295 3705 1382 3733 ²³2⁴
1414 3709 1649 3749 fortalicii-1
1681 3713 1722 3749 5.
1813 3739 1823 3749 .
1846 3710 1908 3748 Et
1937 3711 1978 3748 4.
2056 3707 2143 3734 ²⁴25
2172 3707 2400 3762 Imprerfit

255 3775 349 3814 4.5.
438 3802 448 3811 .
472 3773 531 3811 Et
562 3775 602 3814 4.
659 3770 695 3796 ²⁶
727 3773 846 3822 Quia
877 3777 969 3814 4.5.
1057 3775 1094 3801 ‘²⁷
1123 3778 1311 3817 menbrfi
1344 3780 1383 3817 4.
1488 3776 1524 3803 ²8
1558 3779 1711 3828 .Quia
1743 3781 1784 3818 4.
1837 3779 1957 3828 Quia
1987 3783 2028 3819 5.
2133 3777 2220 3805 ²⁸³⁹
2251 3778 2399 3831 eaput
2445 3777 2450 3829 l

254 3844 344 3882 4.5.
454 3842 547 3883 ‚Et
577 3846 618 3883 4.
725 3841 887 3883 ³0.E1·‚
918 3847 1014 3884 4.5.
2445 3832 2447 3862 ³
