2456 4264
389 295 493 324 VOL.
516 295 547 324 1.
607 289 639 320 l.
663 294 833 322 THOMAE
854 293 1286 323 LANGSENEYDERII.
1351 290 1408 322 -2-
1433 294 1625 323 IOANNIS
1648 296 1928 325 I’ELLIFICIS.
2218 279 2252 334 5

81 426 295 492 parcatis
331 420 483 481 mihi',
534 429 583 474 et
630 426 789 488 tetigit
837 425 1105 480 birretum‚
1159 429 1207 474 et
1243 425 1351 473 risit
1387 424 1633 482 hilariter,
1686 431 1734 474 et
1771 428 1982 488 portavit
2020 432 2254 493 magistro

82 509 433 567 Warmsemel,
483 515 532 559 et
569 510 714 559 dixit:
759 510 903 559 ‘Ecce
957 509 1157 558 domine
1195 511 1456 574 magister,
1509 525 1573 558 ne
1610 511 1792 574 putetis
1838 512 1968 574 quod
2008 527 2116 562 sum
2166 517 2253 564 ini-

84 597 242 646 micus
279 593 469 651 vester',
518 599 566 643 et
613 595 736 643 bibit
775 596 824 644 in
863 609 963 643 uno
1004 594 1252 651 anhelitu;
1314 603 1362 644 et
1399 596 1634 659 magister
1670 594 1997 646 Warmsemel
2046 614 2255 664 respon-

86 681 157 732 dit
192 682 237 730 ei
273 680 468 730 fortiter
504 695 597 744 pro
638 681 826 729 honore
867 678 1174 730 Slesitarum.
1250 681 1311 728 Et
1348 682 1566 744 magistri
1607 697 1780 731 omnes
1820 681 2022 732 suerunt
2060 683 2167 748 leti,
2209 692 2257 735 et

0 775 3 777 ’
50 770 256 832 §postea
292 765 383 814 fuit
419 764 666 829 pulsatum
716 765 776 814 ad
826 780 1071 829 vesperas
1149 766 1463 831 Quapropter
1501 781 1625 830 rogo
1665 766 2005 816 excellentiam
2046 776 2253 819 vestram

0 870 10 926 L'ss
85 851 216 918 quod
252 849 411 900 velitis
448 851 569 899 mihi
608 866 859 915 exponere
898 856 1112 899 mentem
1154 857 1392 907 vestram,
1443 852 1555 914 quia
1606 866 1690 898 vos
1738 853 1853 900 estis
1892 853 2099 902 multum
2138 872 2255 919 pro-

0 934 10 994 ?
85 936 291 987 fundus:
332 941 380 984 et
418 949 510 999 ego
549 936 647 984 dixi
685 942 924 1000 protunc,
968 936 1218 999 ‘magister
1257 936 1488 984 Ortvinus
1525 935 1673 984 debet
1710 936 1828 984 mihi
1866 936 1995 986 bene
2034 939 2255 990 seribere

0 1042 8 1081 ,³
85 1023 364 1078 veritatem,
414 1022 526 1085 quia
574 1021 666 1070 fuit
716 1026 984 1086 preceptor
1021 1036 1164 1069 meus
1201 1021 1250 1068 in
1289 1021 1578 1078 Daventiia,
1632 1022 1828 1085 quando
1868 1023 1936 1070 fui
1978 1025 2253 1075 tertiarius'.

2 1099 10 1146 f
82 1106 241 1158 Etiam
280 1105 470 1156 debetis
507 1121 586 1155 me
626 1107 902 1155 certificare
942 1106 1193 1169 quomodo
1233 1110 1328 1154 stat
1365 1106 1413 1153 in
1453 1120 1634 1168 gueila
1673 1107 1804 1155 intel
1854 1122 1942 1155 vos
1992 1114 2040 1157 et
2087 1109 2255 1158 docto-

0 1203 195 1253 mrem
231 1192 463 1242 loannem
502 1190 760 1240 Reuchlin.
811 1190 958 1246 Quia
996 1190 1213 1240 intellexi
1254 1190 1387 1254 quod
1425 1191 1517 1239 iste
1556 1190 1776 1240 ribaldus
1816 1189 2053 1255 (quamvis
2079 1195 2142 1243 sit
2168 1196 2255 1244 do-

0 1276 16 1379 Ξ
87 1284 196 1328 ctor
235 1283 285 1326 et
320 1275 507 1342 iurista)
549 1276 772 1325 nondum
811 1275 913 1324 vult
948 1291 1187 1325 revocaie
1226 1275 1376 1324 verba
1414 1291 1519 1325 sua.
1597 1276 1658 1324 Et
1695 1277 1895 1325 mittatis
1923 1280 2067 1327 etiam
2095 1280 2257 1330 adhuc

1 1362 21 1424 ζ.
85 1361 238 1414 semel
275 1361 396 1411 mihi
432 1361 615 1411 librum
656 1362 879 1426 magistri
918 1363 1074 1411 nostri
1111 1360 1318 1410 Arnoldi
1370 1361 1431 1410 de
1469 1361 1778 1424 ThungaiiS‚
1831 1377 2010 1428 quem
2028 1365 2255 1414 alticula-

3 1479 11 1493 -.
84 1449 175 1499 tim
210 1449 512 1514 composuit,
563 1448 676 1512 quia
715 1452 789 1496 est
827 1446 1036 1496 multum
1076 1445 1292 1504 subtilis,
1343 1451 1390 1496 et
1426 1451 1604 1496 tractat
1643 1447 1704 1497 de
1743 1447 1909 1496 multis
1947 1450 2255 1512 piosundita-

2 1517 14 1592 ᾗ
75 1533 215 1584 tibus
250 1534 301 1582 in
338 1531 602 1596 theologia.
680 1531 870 1589 Valete,
921 1539 968 1582 et
1005 1548 1104 1580 non
1143 1532 1365 1582 habeatis
1403 1547 1494 1596 pro
1534 1533 1690 1590 malo,
1743 1534 1874 1597 quod
1914 1549 1994 1583 sci
1998 1533 2079 1583 1bo
2118 1535 2256 1586 vobis

1 1594 167 1700 {nna
185 1617 458 1676 socialiter,
507 1619 623 1683 quia
662 1633 747 1667 vos
785 1618 976 1667 dixistis
1014 1618 1133 1667 mihi
1172 1618 1286 1667 olim
1327 1619 1459 1683 quod
1499 1620 1674 1668 amatis
1712 1635 1792 1668 me
1830 1619 1957 1668 sieut
1993 1620 2168 1675 frate1‚
2211 1627 2257 1669 et

2 1703 18 1769 ξ
84 1703 228 1755 vultis
262 1719 343 1753 me
381 1719 676 1768 promovere
714 1704 761 1751 in
804 1703 1063 1763 omnibus,
1117 1705 1261 1753 etiam
1311 1705 1351 1753 si
1399 1703 1619 1754 debeatis
1672 1704 1791 1753 mihi
1841 1704 2116 1755 concedere
2154 1721 2254 1754 ma-

3 1822 11 1849 ψ
81 1805 228 1856 guam
266 1790 544 1857 pecuniam,
619 1789 796 1839 Datum
836 1791 885 1838 in
923 1789 1175 1855 Lyptzick.

4 1920 7 1951 1

3 1980 13 2051 ἶ
1137 2025 1187 2086 2.

15 2176 17 2178 ·
588 2144 975 2225 Magister
1014 2144 1350 2204 Ioannes
1397 2143 1744 2204 Pellifex

5 2223 68 2295 «ἐκ
984 2244 1190 2294 salutem
1231 2244 1348 2294 dicit

673 2327 1000 2397 Magistro
1051 2327 1338 2380 Ortvino
1380 2327 1653 2395 Gratio,

10 2378 14 2403 ,Δ
4 2285 14 2354 ³-ae—

7 2446 16 2510 ξ
80 2444 296 2497 Salutem
346 2445 655 2495 amicabilem
707 2451 770 2494 et,
802 2444 1086 2493 servitutem
1136 2443 1494 2493 incredibilem.
1572 2444 1873 2494 Venerabilis
1913 2444 2111 2494 domine
2151 2460 2251 2494 ma-

9 2592 11 2596 ,
79 2532 246 2597 gister.
321 2532 463 2597 quia,
512 2535 568 2580 ut
618 2530 735 2579 dicit
776 2529 1063 2579 Aristoteles
1111 2530 1161 2578 in
1199 2531 1608 2595 predicamentiS,
1662 2531 1722 2580 de
1772 2529 1981 2593 singulis
2025 2529 2251 2579 dubitare

7 2631 30 2686 ζ
81 2633 181 2668 non
218 2623 293 2669 est
329 2616 525 2668 inutile:
567 2621 872 2682 quapropter
912 2620 986 2665 est
1023 2631 1120 2664 una
1159 2631 1242 2666 res
1281 2631 1376 2680 que
1418 2617 1531 2665 facit
1567 2616 1688 2665 mihi
1727 2630 1955 2680 magnam
1996 2617 2250 2664 couscien-

8 2705 214 2768 ssntjam.
288 2703 458 2768 Nuper
496 2703 566 2752 l'ui
604 2703 653 2751 in
692 2700 840 2750 missa
879 2700 1318 2751 Franckfurdensi.
1362 2707 1477 2751 tune
1516 2703 1579 2751 ivi
1628 2717 1740 2751 cuni
1791 2716 1890 2750 uno
1939 2699 2250 2750 baccalaurio

9 2775 22 2835 ἱ.
77 2803 170 2856 per
203 2788 419 2856 plateam
457 2787 518 2838 ad
559 2787 746 2845 forum,
789 2792 837 2836 et
876 2787 1199 2837 obviaverunt
1236 2786 1379 2836 nobis
1419 2788 1516 2837 duo
1556 2789 1647 2836 viri
1686 2788 1770 2852 qui
1809 2791 2148 2851 apparuerunt
2174 2803 2249 2836 sa-

9 2874 30 2939 ‘2
78 2874 142 2924 tis
174 2871 393 2933 bonesti,
434 2879 671 2940 quantum
712 2873 772 2922 ad
813 2877 1095 2938 aspectum,
1137 2878 1184 2922 et
1220 2871 1507 2922 habuerunt
1545 2874 1712 2936 nigras
1738 2874 1952 2928 tunicas,
1997 2877 2046 2921 et
2074 2887 2249 2936 magna

8 2990 19 2997 κ
80 2960 271 3026 caputia
318 2974 433 3010 cum
479 2958 722 3025 liripipiis.
799 2958 860 3006 Et
907 2957 1030 3008 deus
1081 2964 1153 3007 est
1199 2959 1336 3008 testis
1384 2974 1525 3007 meus
1577 2959 1708 3023 quod
1760 2958 2094 3023 putavi‘quod
2135 2963 2250 3006 sunt

10 3069 20 3111 .;
79 3043 177 3095 duo
213 3045 435 3109 magistri
473 3045 656 3093 nostri:
699 3049 748 3092 et
788 3043 880 3093 l'eei
919 3044 1037 3108 ipsis
1076 3045 1432 3102 reverentiam,
1475 3044 1769 3108 deponendo
1810 3043 2078 3092 birretum:
2132 3048 2248 3091 tuuc

10 3128 159 3186 mille
195 3129 535 3181 baccalaurius
573 3128 838 3180 stimulavit
876 3144 969 3186 me,
1010 3134 1058 3178 et
1096 3129 1240 3178 dixit:
1284 3130 1481 3179 ‘Amore
1521 3130 1598 3178 (lei
1637 3129 1753 3194 quid
1793 3128 1979 3177 facitis?
2019 3129 2097 3175 isti
2136 3111 2250 3175 sunt

12 3208 29 3282 ᾖ
75 3213 233 3282 Ιιιᾱςί,
281 3222 330 3266 et
365 3231 452 3265 vos
490 3215 735 3280 deponitis
773 3214 1270 3264 hirreuimsvestrum
1311 3221 1422 3264 ante
1463 3214 1585 3265 eos':
1638 3222 1754 3264 tune
1794 3228 1885 3277 ego
1924 3214 1988 3262 ita
2029 3213 2096 3262 sui
2135 3228 2247 3277 per-

12 3310 37 3362 l.
74 3301 291 3360 territae,
330 3306 384 3351 ut
408 3303 449 3351 si
486 3300 711 3351 vidissem
740 3316 891 3350 unum
932 3299 1198 3350 diabolum.
1275 3300 1336 3349 Et
1362 3301 1487 3349 dixi:
1530 3300 1743 3349 ‘domine
1770 3297 2093 3355 l.›accalaurie,
2135 3313 2246 3362 par-

12 3349 41 3409 4‘
78 3392 156 3438 cat
190 3386 309 3436 mihi
348 3386 579 3449 dominus
628 3385 776 3443 deus,
826 3387 938 3450 quia
991 3385 1083 3435 l'eci
1131 3387 1433 3450 ignoranter.
1510 3385 1605 3434 Sed
1657 3385 1773 3448 quid
1822 3386 2027 3449 putatiS‚
2081 3388 2243 3432 utrum

78 3471 142 3525 nit
174 3486 405 3537 magnum
444 3469 749 3545 peceatum?
798 3471 858 3519 Et
909 3472 1070 3535 primo
1120 3471 1243 3520 dixit
1280 3471 1410 3536 quod
1455 3470 1643 3519 videtur
1682 3469 1798 3528 sibi,
1850 3469 1979 3533 quod
2022 3473 2094 3517 est
2133 3484 2244 3531 pee-

81 3548 242 3608 catum
281 3555 510 3614 mortale,
561 3557 670 3621 quia
711 3556 1151 3620 comprehenditur
1190 3555 1281 3606 sub
1323 3555 1570 3613 idolatria,
1623 3559 1670 3605 et
1708 3561 1782 3605 est
1821 3561 1988 3603 eontra
2030 3554 2243 3618 primum

42 3643 46 3646 ’
77 3648 362 3708 preceptum
391 3658 448 3692 ex
477 3643 648 3692 decem
675 3642 944 3707 preceptis·‚
987 3641 1117 3707 quod
1149 3647 1222 3691 est
1262 3650 1430 3690 ‘unum
1460 3641 1609 3691 crede
1638 3639 1816 3690 deum’.
1896 3640 2016 3697 Quia
2046 3637 2243 3702 quamlo

187 3795 205 3823 ²
235 3798 512 3839 warml'einel
547 3813 630 3837 mm
663 3812 702 3837 m
735 3799 801 3837 leia·
834 3799 955 3837 1....3.
980 3804 1022 3837 et
1050 3800 1114 3837 sie
1142 3799 1287 3850 paullo
1318 3804 1416 3850 post
1449 3799 1611 3838 ilerum.
1706 3795 1739 3820 ¹⁰
1769 3795 1971 3835 Iohanne
2005 3798 2046 3833 3.

186 3867 226 3894 ω
255 3869 370 3909 8.st
399 3871 519 3911 1...3.
609 3866 641 3892 ²¹
675 3866 920 3921 Magistro]
955 3869 1013 3908 M.
1040 3871 1162 3911 1...3.
1253 3867 1290 3894 ²2
1322 3883 1331 3908 :
1358 3868 1465 3920 quin
1489 3873 1528 3908 2.
1626 3867 1809 3908 Aristot'
1834 3870 1930 3909 ].3.
1964 3865 2175 3905 Aristote.
2201 3867 2241 3903 2.

60 3932 115 3968 ’Ψ
143 3937 267 3991 quia]
300 3939 406 3992 quid
438 3943 480 3980 2.
567 3938 605 3964 ³⁰
637 3938 769 3992 quod]
804 3933 865 3992 qb
896 3942 936 3980 2.
970 3936 1034 3989 (ut
1060 3953 1178 3992 saepe
1215 3933 1241 3976 b
1268 3953 1352 3991 pro
1383 3936 1430 3989 (l)
