2456 4264
207 227 324 289 116
499 257 593 287 ΙΟΔ.
616 255 928 284 ΡΕΡΕΒΙΟΟΒΝΙ
950 254 1178 285 DEFENSIO
1201 255 1382 285 CONTRA
1403 255 1611 284 FAMOSAS
1635 257 1675 285 0.
1698 256 1741 286 V.
1763 255 2033 285 EPISTOLAS.

198 387 270 434 sic
296 394 346 433 tu
378 386 568 446 optimis
603 385 868 445 quibusque
891 389 1103 445 prestas,
1144 385 1199 431 id
1230 387 1402 432 merito
1427 389 1507 431 tuo
1538 383 1684 443 facit,
1727 385 1860 444 quod
1893 399 2055 445 nuper
2085 384 2340 442 defensio-

200 471 276 516 nis
307 482 410 527 mee
446 474 619 516 contra
665 468 877 515 libellum
922 469 1168 527 quendam
1207 467 1457 526 famosum
1502 468 1741 514 adversus
1785 481 1862 515 me
1905 470 2116 529 turpiter
2159 469 2342 516 editum

198 566 370 600 censor
401 559 453 599 ut
486 552 636 598 audio
675 565 706 598 a
737 550 1024 597 Reverendo
1059 553 1446 598 clarissimorum
1474 551 1803 610 theoloqorum
1838 554 2042 611 colleqio
2076 553 2144 599 sis
2181 552 2341 602 datus.

202 636 300 693 Ouo
332 637 486 696 plane
518 634 715 694 qaudeo
753 638 797 681 te
832 634 953 681 mihi
986 636 1132 682 talem
1168 639 1451 694 tantumque
1486 636 1768 694 contiqisse,
1815 637 1903 695 qui
1930 647 2098 696 posses
2131 638 2347 697 compati

194 706 424 766 humanis
457 718 818 776 infirmitatibus
832 755 846 781 ,
890 719 1048 766 virum
1083 723 1184 766 tam
1221 719 1441 780 doctum,
1490 723 1590 765 tam
1613 719 1860 781 peritum,
1906 723 1957 765 et
1982 718 2121 777 forte
2154 721 2206 766 in
2242 722 2341 768 vita
2357 740 2377 771 5

194 804 356 851 multis
391 814 581 863 quoque
615 803 894 850 mortalium
924 803 1166 863 periculis
1199 806 1496 862 temptatum,
1534 802 1619 850 ubi
1642 814 1739 863 pro
1775 807 1862 850 tua
1890 802 2186 851 exuberanti
2210 817 2342 864 per-

194 888 404 947 spicatia
437 886 646 948 videbis,
693 899 768 933 me
814 898 912 932 non
948 899 1058 933 mea
1097 887 1365 933 temeritate
1400 887 1505 933 ulla
1541 887 1602 933 in.
1629 886 1763 934 hanc
1800 885 2124 948 Charybdim,
2166 888 2216 934 in
2252 888 2344 946 hec

193 973 320 1029 male
348 970 551 1029 fortune
588 971 843 1018 involucra
859 1008 870 1029 ,
912 972 962 1017 in
1002 969 1089 1017 hos
1122 971 1328 1030 scylleos
1374 971 1599 1030 scopulos
1644 971 1930 1033 impeqisse,
1983 971 2075 1019 sed
2106 972 2344 1020 mandato

192 1055 518 1115 Imperatoris
543 1060 590 1102 et
626 1054 988 1115 archiepiscopi
1015 1055 1263 1115 preceptis
1297 1055 1541 1114 paruisse,
1579 1060 1634 1101 ut
1666 1055 1827 1101 celere
1861 1055 1985 1114 quid
2017 1055 2080 1103 de
2105 1069 2341 1104 creman-

192 1139 269 1187 dis
312 1138 580 1198 Iudeorum
639 1139 776 1185 libris
826 1140 1077 1200 sentirem,
1133 1138 1385 1197 obsiqnato
1433 1138 1741 1198 fideliterque
1788 1139 2071 1187 transmisso
2121 1142 2334 1198 consili0‚
2359 1155 2396 1186 ιο

191 1237 301 1271 cum
330 1225 522 1271 nemine
558 1227 705 1270 antea
741 1224 1092 1270 communicato
1119 1221 1479 1282 patefacerem.
1555 1222 1681 1269 Nam
1719 1224 2007 1281 excellentie
2041 1228 2135 1283 tue,
2174 1225 2344 1273 doctor

193 1309 372 1355 eximie
411 1308 506 1366 (ita
541 1320 617 1353 me
652 1307 772 1353 deus
808 1307 1028 1367 adiuvet)
1065 1311 1195 1353 recte
1231 1307 1477 1364 iuraverO,
1515 1305 1638 1353 mihi
1665 1310 1765 1353 tum
1800 1319 1950 1366 quum
1979 1321 2131 1356 essem
2168 1309 2218 1355 in
2256 1309 2343 1356 di-

193 1392 396 1449 ctando,
433 1392 616 1438 nullius
650 1392 979 1438 universitatis
1018 1391 1202 1437 venisse
1233 1392 1282 1437 in
1315 1395 1544 1449 mentem,
1585 1391 1773 1438 nullum
1807 1403 1883 1438 me
1917 1393 2158 1451 coqitasse
2182 1392 2343 1440 homi-

194 1488 314 1522 num
356 1476 668 1522 consiliorum
702 1476 962 1533 colleqam,
1010 1476 1229 1534 quamvis
1274 1475 1325 1520 in
1364 1475 1698 1522 commissione
1733 1476 2019 1522 nominatim
2057 1478 2182 1525 alios
2215 1489 2342 1537 quo-

194 1573 287 1620 que
322 1559 756 1620 deprehenderim,
795 1559 968 1617 quibus
996 1571 1101 1618 par
1136 1560 1388 1617 neqocium
1421 1557 1605 1616 fuisset
1636 1559 1945 1619 imperatum.
2019 1560 2170 1620 Atqui
2189 1559 2342 1619 festi·
2364 1577 2400 1609 15

194 1645 391 1690 natione
426 1643 609 1691 laboris
645 1643 935 1703 imprudens
969 1655 1080 1702 690,
1120 1655 1216 1690 non
1255 1642 1377 1701 quid
1411 1643 1502 1688 alii
1536 1642 1776 1689 dictaturi
1804 1650 1992 1706 essent,
2031 1644 2122 1691 sed
2155 1649 2344 1692 tantum

194 1727 316 1786 quid
348 1728 453 1787 ipse
489 1726 741 1786 afferrem,
777 1728 827 1773 in
866 1727 1078 1774 medium
1113 1726 1437 1774 consideravi.
1519 1724 1684 1782 Quare
1715 1741 1810 1786 per
1846 1728 1989 1776 deum
2024 1729 2344 1776 immortalem

192 1813 377 1858 nullius
414 1812 546 1858 docti
581 1811 790 1858 hominis
824 1815 1100 1871 contemptu
1139 1823 1200 1857 ea
1234 1811 1438 1870 scripsi,
1500 1808 1804 1870 Tantumque
1847 1811 1981 1858 abest
2021 1816 2077 1860 ut
2118 1813 2343 1871 elatione,

188 1894 352 1953 fastu,
399 1896 550 1941 livore
596 1900 684 1941 aut
713 1908 838 1954 erqa
877 1896 1068 1954 quosvis
1102 1896 1339 1942 litteratos
1380 1899 1566 1942 tumore
1601 1895 1758 1942 animi
1796 1896 1847 1942 in
1884 1895 1960 1942 his
1994 1898 2192 1957 scriptis
2228 1911 2345 1945 usus

190 1981 296 2033 sim,
335 1982 389 2025 ut
423 1980 570 2025 etiam
606 1991 747 2026 nemo
784 1980 846 2026 de
883 1992 959 2025 me
996 1979 1239 2026 veraciter
1263 1976 1506 2038 proferre
1534 1983 1696 2037 queat,
1733 1991 1810 2026 me
1847 1979 2022 2039 quibus
2058 1981 2163 2028 vixi
2189 1983 2342 2041 quin·
2357 1998 2401 2031 20
2450 2012 2452 2014 -

192 2063 432 2122 quaqinta
476 2076 568 2109 sex
613 2065 760 2111 annis
811 2065 911 2111 ullo
957 2076 1174 2122 unquam
1222 2068 1437 2122 tempore
1483 2063 1799 2111 scientiarum
1826 2066 2017 2125 peritos
2053 2068 2342 2125 neqlexisse,

194 2155 281 2195 aut
312 2159 481 2194 eorum
517 2160 627 2195 cum
670 2149 836 2208 aliquo
878 2150 1048 2196 rixam
1086 2147 1329 2196 habuisse.
1404 2146 1507 2194 Sed
1552 2149 1687 2195 omni
1717 2160 1808 2208 690
1848 2148 2107 2210 discipline
2152 2163 2345 2211 semper

190 2232 422 2279 honorem
456 2231 630 2288 detuli,
674 2234 891 2281 maxime
929 2239 1091 2281 autem
1131 2233 1467 2289 sacratissime
1506 2231 1764 2291 theoloqie‚
1807 2234 1877 2280 ita
1913 2241 1966 2280 ut
2002 2235 2257 2283 novissime
2293 2237 2343 2283 in

78 2319 173 2376 cffijb
195 2318 327 2365 illius
357 2316 656 2379 profectum,
694 2318 949 2365 utilitatem
983 2324 1131 2377 atque
1164 2317 1364 2365 laudem
1401 2311 1424 2381 ΙΙ
1462 2315 1768 2374 Hebreorum
1804 2318 2027 2376 linquam
2076 2319 2127 2366 in
2162 2321 2346 2367 latinas

190 2403 394 2460 requlas
407 2437 418 2459 ,
464 2413 586 2461 opus
624 2407 771 2449 antea
812 2402 1109 2459 inauditum,
1149 2401 1451 2460 redeqerim‚
1487 2401 1688 2459 eiusque
1722 2401 2072 2451 dictionarium
2107 2414 2341 2453 constru-
2359 2423 2401 2455 25

190 2486 353 2532 xerim
387 2485 555 2532 labore
589 2499 692 2533 meo
720 2488 1086 2546 plenissimum,
1135 2498 1245 2533 cum
1276 2485 1511 2532 nonnullo
1540 2485 1619 2532 rei
1651 2498 1754 2543 mee
1785 2484 2064 2544 familiaris
2095 2489 2343 2549 impendio
2415 2532 2417 2534 ,

192 2582 255 2616 ac
289 2570 501 2617 iactura.
581 2569 789 2618 Tantum
824 2584 900 2618 me
937 2572 1083 2618 movit
1116 2581 1380 2618 sacrarum
1414 2569 1692 2616 litterarum
1723 2571 1932 2630 insiqnis
1967 2574 2262 2620 excellentia
2298 2579 2345 2621 et

191 2653 407 2700 eiusdem
443 2653 798 2714 discipulorum
834 2655 991 2702 honor
1032 2661 1082 2702 et
1124 2646 1288 2702 decus.
1363 2653 1432 2701 Id
1468 2653 1628 2701 scribo
1674 2659 1728 2702 ut
1767 2667 1908 2703 nemo
1951 2668 2028 2703 me
2073 2657 2345 2706 arbitretur

193 2739 382 2785 illustre
419 2738 547 2784 illud
571 2745 618 2785 et
649 2739 1100 2798 splendidissimum
1127 2740 1440 2800 qymnasium
1477 2744 1687 2786 vestrum
1721 2741 2081 2803 contempsisse,
2120 2743 2207 2801 qui
2240 2742 2343 2790 ad·-

193 2821 290 2868 huc
325 2823 542 2869 nesciam
582 2823 730 2881 quale
766 2835 847 2870 vos
880 2826 1137 2872 consilium
1176 2823 1438 2871 dederitis:
1478 2825 1642 2884 potuit
1680 2830 1842 2872 autem
1884 2826 2003 2884 fieri
2046 2830 2101 2873 ut
2129 2839 2240 2874 cum
2277 2811 2395 2878 deso

192 2906 476 2953 cremandis
503 2906 769 2965 Iudeorum
805 2908 945 2955 libris
981 2910 1173 2956 nullam
1203 2909 1381 2966 leqem‚
1415 2909 1604 2955 nullum
1643 2907 1913 2967 Canonem,
1943 2911 2132 2958 nullum
2163 2911 2341 2959 decre-

194 2995 290 3035 tum
314 2989 576 3049 publicum,
614 2993 802 3039 nullam
834 2994 1131 3040 universalis
1154 2993 1357 3049 ecclesie
1393 2992 1843 3040 determinationem
1873 2996 2181 3054 particulari
2199 2996 2343 3043 modo

192 3074 415 3132 specifice
450 3075 603 3120 latam
642 3075 879 3135 vidissem,
914 3081 1012 3124 tum
1049 3089 1140 3136 690
1173 3089 1277 3123 rem
1313 3089 1503 3124 omnem
1539 3081 1777 3136 tanquam
1814 3079 1866 3125 in
1892 3079 2001 3126 iure
2027 3079 2340 3128 dubitabilem

194 3161 414 3203 tractare
457 3158 613 3216 topico
655 3159 907 3207 rhetorum
951 3173 1087 3209 more
1140 3161 1212 3208 ad
1246 3160 1653 3224 persuadendum
1698 3169 1815 3222 apto
1867 3164 2203 3223 instituissem,
2258 3164 2345 3212 ubi

192 3240 346 3286 omnis
383 3241 538 3287 animi
566 3249 720 3290 motus
764 3244 887 3292 mihi
929 3258 1026 3305 pro
1065 3250 1355 3304 arqumento
1396 3244 1521 3303 fuit,
1573 3247 1673 3293 sive
1722 3252 1961 3295 causaret
1987 3248 2341 3307 quantamlibet
2354 3267 2396 3300 35

192 3324 529 3382 suspitionem,
570 3339 655 3373 seu
700 3328 1022 3376 vehementem
1065 3330 1381 3376 violentamve
1418 3332 1834 3390 presumptionem
1871 3337 1959 3380 aut
1993 3337 2126 3380 certe
2161 3346 2339 3381 neces-

191 3407 379 3453 sariam
412 3406 772 3466 probationem,
818 3417 872 3458 ut
907 3414 958 3459 in
994 3413 1310 3460 deliberativo
1347 3413 1549 3461 dicendi
1577 3428 1762 3473 qenere
1790 3417 1909 3474 fieri
1940 3418 2202 3465 consuevit.
2273 3417 2338 3464 In

190 3491 312 3549 ipsis
340 3495 501 3537 autem
539 3497 840 3551 arqumentis
871 3495 1090 3553 fortasse
1127 3497 1379 3556 diqressus
1408 3511 1514 3546 sum
1557 3501 1713 3558 paulo
1757 3502 1971 3560 amplius
2005 3514 2154 3560 quam
2182 3513 2336 3561 opor-

192 3578 294 3621 tere
330 3575 620 3634 quibusdam
657 3578 884 3625 videatur
922 3579 989 3626 Et
1021 3585 1076 3627 ut
1108 3593 1184 3627 me
1216 3583 1595 3640 pereqrinorum
1626 3583 1801 3630 cohors
1832 3586 1955 3631 istac
1980 3587 2336 3633 transeuntium

192 3659 448 3706 certiorem
489 3658 644 3718 facit,
696 3673 785 3719 eqo
827 3664 991 3710 multis
1037 3665 1088 3711 in
1127 3663 1330 3712 Ciuitate
1366 3670 1528 3712 vestra
1575 3668 1838 3715 calumniis
1881 3668 2161 3724 insimulor,
2211 3682 2336 3729 quas
2348 3687 2391 3721 4ο

304 3838 339 3865 ³²
369 3839 590 3881 Vniuersis
620 3843 659 3881 1.
681 3842 773 3893 ipse
802 3843 831 3885 i.
848 3843 885 3894 f.
907 3844 1119 3886 correxit,
