2456 4264
196 220 215 277 1
237 221 313 278 50
493 244 587 273 10A.
611 244 925 273 PEPEBICORNI
948 244 1178 272 DEFENSIO
1203 244 1384 272 CONTRA
1407 243 1616 273 FAuosAS
1639 245 1681 275 0.
1703 246 1747 274 V·
1771 246 2040 278 EPISTOLAS.

190 377 251 423 lis
289 376 587 436 accepimuS,
622 378 903 435 propterea
940 372 1076 433 quod
1108 372 1206 420 sibi
1241 372 1412 421 domos
1449 377 1737 423 extruentes
1773 376 1867 424 deo
1891 378 2123 438 templum
2149 379 2345 439 eriqere

192 461 541 519 neqlexerunt.
618 457 760 514 Quod
795 458 840 504 si
874 457 1047 504 divina
1084 456 1166 503 ira
1205 457 1262 506 ob
1299 459 1580 507 materialis
1614 460 1788 520 templi
1799 442 2142 521 psthabitam
2166 477 2342 510 curam

190 545 366 590 merito
394 546 679 603 provocata
716 545 802 600 est,
845 553 942 600 quo
979 552 1088 588 eum
1118 538 1306 598 furore
1343 543 1558 590 accendi
1581 539 1869 604 putandum
1906 549 1977 592 est
2013 559 2163 605 quum
2187 547 2342 594 cadu-

190 639 366 674 carum
403 638 573 672 rerum
609 625 774 673 studio
810 624 1053 685 spiritalis
1088 624 1279 684 edificii
1309 628 1392 675 sui
1425 627 1567 675 cuius
1598 628 1726 685 sides
1749 632 1822 677 est
1840 626 2231 686 fundamentum
2256 644 2340 677 ra-

190 710 370 757 tionem
396 709 588 757 nullam
613 708 795 756 haberi
829 708 1011 756 videat.
1077 709 1323 770 Pependit
1348 711 1448 759 iam
1475 711 1563 759 diu
1588 716 1636 758 et
1659 713 1808 759 etiam
1834 726 1969 760 nunc
1985 714 2178 774 pendet
2203 715 2346 775 apud
2360 730 2380 761 ⁵

190 792 519 841 Sanctitatem
567 794 793 841 Vestram
834 793 960 852 fidei
1001 794 1247 852 catholice
1294 807 1452 842 causa
1498 808 1652 856 super
1697 795 1866 843 libello
1913 797 2131 857 quodam
2168 799 2337 859 impio,

190 877 278 937 qui
321 877 519 925 tametsi
563 877 705 925 titulo
751 878 861 938 ipso
897 878 1115 938 perfidie
1153 878 1426 936 Iudeorum
1463 880 1890 940 impuqnationem
1917 881 2216 941 pollicetur,
2268 887 2341 930 ta-

188 974 299 1009 men
336 961 544 1009 eandem
581 962 747 1009 multis
782 962 885 1010 suis
911 962 1154 1022 partibus
1190 976 1290 1010 non
1329 963 1536 1011 obscure
1572 964 1817 1012 adiuvare
1851 969 1898 1012 et
1925 963 2106 1023 fovere
2149 962 2365 1027 compe?

188 1046 337 1093 ritur.
418 1044 561 1102 Quod
595 1059 745 1106 quam
782 1047 846 1094 sit
883 1060 1053 1094 verum
1089 1047 1414 1107 liquidissime
1449 1052 1684 1096 constare
1709 1052 1877 1109 potest
1911 1062 1978 1097 ex
2015 1053 2117 1096 tam
2162 1051 2340 1098 multa-

188 1143 300 1177 rum
338 1130 716 1178 universitatum
754 1135 800 1178 et
826 1132 1095 1192 presertim
1132 1131 1374 1191 theoloqie
1403 1130 1716 1190 facultatum
1754 1133 2174 1193 attestationibuS,
2216 1148 2337 1195 qua·
2355 1151 2399 1185 10

188 1227 299 1262 rum
338 1215 447 1274 quis
483 1228 583 1262 non
621 1215 790 1262 videat
826 1217 1005 1276 quanti
1039 1217 1090 1263 in
1127 1216 1469 1264 huiuscemodi
1502 1216 1647 1265 rebus
1676 1215 1931 1275 facienda
1955 1218 2018 1264 sit
2043 1219 2340 1267 auctoritas,

190 1297 308 1346 Cum
346 1298 503 1358 iqi'tur
538 1299 622 1346 hic
658 1299 854 1347 libellus
890 1301 1137 1348 eiusmodi
1167 1301 1255 1359 sit,
1298 1305 1351 1348 ut
1388 1305 1435 1348 et
1470 1302 1739 1349 multorum
1776 1302 1978 1349 ruinam
2015 1302 2080 1349 sit
2105 1308 2342 1363 operatus

186 1386 234 1429 et
269 1383 372 1430 nisi
404 1396 553 1443 quam
590 1384 850 1431 celerrime
875 1384 1238 1444 provideatur,
1289 1386 1440 1444 lonqe
1484 1386 1725 1434 maiorem
1772 1385 2026 1434 allaturus
2071 1387 2138 1434 sit
2163 1388 2340 1449 perni-

185 1466 336 1525 ciem,
380 1470 545 1515 tamen
572 1468 905 1528 protrahitur
940 1482 1098 1517 causa
1135 1473 1281 1517 tanta
1319 1470 1371 1517 in
1410 1469 1751 1529 lonyissimam
1789 1467 1935 1530 diem,
1969 1468 2113 1528 sorte
2147 1473 2338 1529 secula-

185 1551 315 1598 rium
344 1552 639 1612 principum
677 1553 883 1601 authori
917 1554 1018 1614 ipsi
1050 1554 1335 1601 carnaliter
1364 1553 1651 1612 faventium
1688 1554 1831 1615 apud
1865 1553 2196 1603 Sanctitatem
2244 1557 2395 1605 Ve-15

179 1638 339 1682 stram
377 1636 812 1686 intercessionibus
839 1632 1055 1698 Cumque
1092 1638 1155 1685 de
1191 1632 1509 1700 disceptandi
1538 1637 1713 1698 forma
1750 1652 1814 1687 ac
1848 1639 1996 1688 modo
2023 1641 2343 1700 procedendi

180 1720 526 1780 contenditur,
569 1734 729 1769 causa
767 1722 879 1783 ipsa
917 1723 1118 1770 interim
1156 1723 1349 1783 neqliqi
1383 1724 1595 1772 videtur.
1671 1722 1968 1784 Accepimus
1990 1737 2143 1782 cause
2166 1726 2336 1785 coynt-

178 1804 360 1850 tionem
399 1805 682 1864 deleqatam
719 1819 823 1853 esse
859 1820 959 1854 non
997 1807 1195 1866 quidem
1221 1821 1370 1855 sacro
1395 1809 1611 1856 coneilio
1636 1808 1802 1856 eiusve
1827 1805 2207 1868 diffinitoribus,
2248 1810 2340 1856 sed

179 1887 539 1937 Cardinalibus
576 1890 875 1950 quibusdam
910 1904 1148 1939 seorsum.
1229 1891 1386 1948 Quasi
1419 1905 1536 1939 vero
1574 1892 1637 1939 de
1672 1905 1730 1939 re
1764 1893 1864 1940 levi
1897 1898 1945 1940 et
1980 1893 2188 1954 vulqari
2218 1907 2334 1942 con-

175 1974 420 2021 troversia
444 1974 521 2032 sit,
565 1988 754 2034 queque
776 1975 927 2035 lonqe
949 1976 1158 2023 minoris
1181 1977 1245 2023 sit
1267 1977 1503 2024 momenti
1524 1989 1674 2037 quam
1698 1977 1850 2036 multe
1874 1990 2026 2034 cause
2041 1978 2327 2039 prophane,
2349 1993 2392 2026 20

175 2070 388 2116 quarum
427 2058 613 2106 decisio
650 2060 867 2108 concilio
913 2064 1221 2108 reservatur.
1302 2059 1516 2109 Oramus
1563 2061 1722 2121 iqitur
1767 2066 1816 2109 et
1864 2062 2170 2111 obtestamur
2205 2062 2333 2112 San-

173 2142 397 2190 ctitatem
435 2142 665 2190 Vestram
703 2149 945 2204 quantum
982 2146 1204 2193 maxime
1234 2158 1497 2206 possumus
1533 2159 1599 2194 ex
1626 2147 1810 2206 animo,
1853 2150 1907 2195 ut
1932 2151 2146 2208 arrepta
2165 2148 2332 2209 plana

174 2225 429 2274 charitate
465 2231 514 2275 et
550 2241 667 2276 vero
705 2229 790 2276 dei
822 2229 934 2277 zelo
971 2242 1177 2278 causam
1215 2231 1356 2278 illam
1395 2231 1584 2278 diutius
1621 2244 1723 2279 non
1759 2231 1896 2279 sinat
1925 2232 2193 2292 protrahi,
2243 2233 2336 2281 sed

170 2323 321 2370 quam
357 2312 619 2359 celerrime
664 2313 713 2360 ei
752 2314 901 2370 linem
948 2314 1208 2374 imponens
1247 2314 1434 2363 Christi
1464 2314 1619 2363 Ihesu
1650 2316 1803 2376 qreqi
1835 2316 1979 2364 cuius
2015 2317 2120 2378 ipse
2146 2322 2332 2378 pastor

168 2398 241 2441 est
267 2396 581 2455 prospiciat,
634 2409 696 2444 ne
741 2398 1018 2454 sevissimus
1064 2398 1146 2445 hic
1182 2399 1333 2459 lupus
1369 2399 1627 2447 innocenti
1669 2401 1831 2448 ovium
1880 2403 2127 2461 sanquine
2171 2403 2330 2450 rictus
2345 2415 2386 2447 25

167 2492 281 2526 suos
307 2479 494 2527 diutius
511 2479 701 2539 fedare
716 2485 910 2541 perqat
934 2486 983 2529 et
1009 2483 1365 2543 offendiculum
1391 2484 1539 2543 istud,
1582 2485 1633 2531 in
1672 2484 1808 2544 quod
1842 2489 1945 2532 tam
1982 2487 2129 2533 multi
2154 2487 2333 2547 pusilli

163 2564 460 2622 ⁸oravissime
506 2565 728 2625 quotidie
774 2566 1067 2626 incurrunt,
1119 2580 1151 2614 a
1179 2568 1398 2628 pedibus
1443 2582 1612 2616 eorum
1665 2574 1942 2628 removeat,
1994 2584 2057 2617 ne
2103 2571 2327 2619 divinam

167 2648 298 2694 iram
323 2660 476 2707 super
500 2662 551 2695 se
578 2654 839 2710 provocet,
882 2663 973 2710 que
1011 2663 1119 2699 eam
1159 2652 1371 2712 inceptis
1405 2654 1510 2700 suis
1539 2651 1801 2711 frustrari
1835 2655 1966 2714 velit,
2009 2655 2060 2702 in
2099 2668 2197 2715 quo
2222 2669 2326 2703 rem

160 2729 326 2787 faciet
350 2736 399 2778 et
422 2731 700 2782 Sanctitati
732 2734 923 2783 Vestroe
948 2747 1014 2782 ex
1041 2733 1214 2794 officio
1240 2736 1454 2784 debitam
1491 2742 1540 2785 et
1575 2742 1748 2797 sancte
1783 2739 1895 2805 sedi
1928 2741 2202 2800 apostolice
2238 2740 2323 2788 ho-

166 2816 431 2872 norificam
468 2821 517 2864 et
553 2819 776 2866 omnibus
813 2820 902 2879 qui
933 2832 1060 2879 erqa
1106 2821 1436 2868 christianam
1484 2823 1845 2884 rempublicam
1882 2825 1972 2884 pie
2018 2822 2322 2882 afficiuntur
2338 2837 2382 2870 30

49 2899 325 2959 giijblonqe
359 2903 721 2960 qratissimam.
802 2902 1041 2964 Optamus
1067 2899 1087 2969 Η
1107 2902 1404 2962 felicissime
1449 2907 1620 2954 valere
1659 2908 1847 2956 Christi
1889 2910 1941 2956 in
1988 2910 2139 2956 terris
2185 2911 2321 2957 vica-

160 2983 307 3031 rium.
385 2985 469 3034 Ex
507 2988 697 3048 oppido
734 2993 904 3036 nostro
944 2989 1301 3050 Middelburqo
1340 2998 1456 3033 ,ΧΗ
1482 2993 1662 3040 mensis
1688 2990 1822 3040 Maii
1843 2991 1991 3042 Anno
2017 2993 2266 3042 .M.I].XV·

414 3139 455 3185 (Ι
512 3141 613 3189 Hic
669 3147 947 3203 sequuntur
999 3145 1219 3202 littere
1273 3145 1559 3203 venerande
1615 3147 2064 3195 universitatis

412 3223 840 3274 lovaniensis
900 3227 980 3274 ad
1029 3229 1331 3288 papalem
1392 3227 1817 3278 Sanctitatem
1877 3235 2063 3279 contra

782 3312 938 3360 libros
975 3312 1184 3360 Ioannis
1221 3312 1469 3361 Reuchlin
1507 3315 1695 3372 emisse.
2329 3335 2372 3370 35

299 3405 494 3465 Biqnos
531 3421 630 3454 non
669 3410 757 3457 abs
793 3424 850 3457 re
887 3411 1137 3458 iudicaret
1173 3424 1263 3459 nos
1300 3411 1559 3460 Sanctitas
1594 3414 1789 3473 Vestra,
1831 3413 2113 3462 beatissime
2139 3420 2310 3476 pater,
2380 3442 2408 3466 ο

154 3491 243 3549 qui
266 3491 554 3550 privileqiis
591 3497 639 3539 et
675 3495 1082 3556 immunitatibus,
1126 3496 1305 3556 quibus
1343 3498 1575 3558 apprime
1611 3503 1945 3546 sacrosancta
1970 3503 2134 3546 mater
2158 3502 2312 3548 eccle-

150 3574 228 3620 sia
268 3587 358 3622 nos
395 3576 609 3623 vallavit
646 3590 708 3624 ac
745 3580 977 3637 munivit,
1020 3582 1374 3640 privaremur,
1427 3577 1664 3641 indiqnos
1711 3583 1920 3643 insuper
1957 3583 2188 3644 theoloqo
2225 3597 2309 3632 no-

154 3659 286 3705 mine
323 3672 384 3706 ac
422 3659 695 3721 diqnitate,
747 3663 847 3709 nisi
889 3664 1031 3710 circa
1069 3677 1150 3711 res
1187 3669 1233 3711 et
1263 3665 1415 3722 fidem
1453 3666 1756 3713 catholicam
1793 3680 1944 3727 quam
1981 3670 2311 3717 communiter

258 3782 293 3810 ¹⁸
323 3783 467 3844 ‘ofilio
491 3785 526 3827 b.
549 3787 634 3826 vult
657 3785 851 3826 concilio
871 3785 1278 3829 Lateranensi.‘cf.
1302 3802 1344 3841 p.
1371 3787 1465 3828 152.
1487 3801 1529 3829 v.
1555 3788 1622 3829 17.
1644 3803 1711 3843 sq.
1775 3788 1812 3815 ²⁷
1843 3791 2031 3832 cottidie
2052 3791 2094 3833 b.⁴
2157 3790 2195 3819 ²⁸
2215 3793 2308 3834 fru-

143 3852 253 3894 stari
286 3854 326 3896 h.
419 3854 452 3881 ³¹
491 3854 627 3908 grat]
660 3857 938 3909 optatissima
968 3856 1002 3898 h.
1091 3856 1127 3882 3⁶
1158 3857 1267 3898 Item
1297 3859 1453 3899 Latine
1484 3861 1526 3899 in
1546 3859 1891 3914 Besehyrmung
1922 3860 2018 3902 foll.
2039 3859 2104 3914 gb.
2129 3875 2194 3915 sq.
