2456 4264
547 290 694 319 INDEX
715 290 876 319 EORVM
901 290 1004 324 QVAE
1029 289 1118 317 Hoc
1141 289 1383 318 VOLVMINE
1408 288 1754 317 CONTINENTVR.
2104 282 2219 323 XXI

2127 416 2218 461 Pag.

57 486 140 538 32.
177 478 456 530 Henrichus
493 475 951 527 Cribelinioniacius
989 474 1205 525 Ortvino.
1351 474 1586 524 Romanae
1627 475 1799 525 Curiae.
1862 515 1873 526 .
1951 515 1960 525 .
2002 482 2220 526 238...240

191 553 317 600 Matae
353 553 552 599 fortunae
591 551 678 598 hoc
715 565 833 598 anno
873 563 945 596 res
986 549 1303 610 theologorum
1343 562 1466 595 esse:
1518 550 1615 610 ipsc
1653 549 1853 611 scriptor
1890 550 1964 596 ad-

190 639 366 671 versam
390 624 556 670 iterum
584 622 854 669 sententiam
892 627 1105 682 expertus
1144 627 1228 672 est,
1265 621 1400 665 Petro
1427 621 1607 683 Meyero
1646 628 1804 667 contra
1832 637 1966 668 cano·

192 698 320 743 nicos
345 694 595 742 Reuchlino
635 694 837 741 faventes
876 707 1033 754 parum
1071 692 1184 737 benc
1224 692 1449 743 succedit,
1489 705 1638 754 neque
1674 692 1788 739 hene
1816 694 1962 739 Hoch-

191 774 336 814 strato
375 766 421 812 in
458 781 594 812 causa
632 764 749 817 fidei,
790 765 844 811 de
882 779 969 825 qua
1008 763 1256 824 Imperator
1293 762 1470 810 litteras
1509 779 1591 825 pro
1620 764 1868 810 Reuchlino
1908 766 1963 810 ad

188 853 348 901 papam
375 838 514 884 dedit.
574 837 746 883 Rumor
781 836 915 882 etiam
956 843 1027 881 est
1053 835 1367 880 Erfordienses
1407 850 1533 880 suam
1572 849 1656 896 pro
1685 834 1961 881 llochstrato

192 909 464 957 sententiam
503 914 795 954 revocaturos
833 920 956 957 esse,
1008 907 1085 967 qui
1135 912 1279 952 tamen
1327 905 1588 967 disputandi
1636 913 1734 951 arte
1782 907 1962 952 excellit

190 982 404 1036 maxime,
445 980 652 1042 quamvis
690 980 810 1025 forte
846 977 1134 1039 gravioribus
1172 976 1371 1036 negotiis
1409 985 1661 1038 occupatus
1702 977 1746 1022 in
1785 977 1964 1023 biblicis

187 1052 557 1113 Hieronymoque
594 1064 754 1112 parum
793 1055 999 1096 versatus
1027 1050 1101 1094 sit.
1163 1048 1197 1094 Ο
1225 1050 1263 1094 si
1289 1047 1494 1109 theologi
1532 1050 1786 1100 vincerent,
1822 1055 1872 1094 ut
1897 1050 1963 1095 iu-

188 1124 314 1170 ristae
351 1137 445 1185 prae
481 1128 606 1168 metu
643 1121 853 1173 illorum,
892 1121 964 1167 dei
1002 1119 1225 1171 iudicum,
1263 1134 1321 1166 ne
1348 1119 1532 1166 verbum
1561 1120 1742 1182 quidem
1769 1119 1963 1182 amplius

188 1195 336 1242 dicere
372 1194 605 1240 auderent.

49 1295 129 1347 33.
172 1292 303 1341 Petri
341 1288 476 1356 Lapp
516 1288 718 1339 Ortvino
757 1288 940 1340 Grati0.
1086 1289 1136 1336 in
1174 1286 1474 1338 Halherstat.
1588 1328 1598 1338 .
1676 1327 1687 1338 .
1765 1325 1776 1337 .
1855 1327 1865 1337 .
1944 1328 1954 1338 .
1995 1294 2093 1337 240.
2133 1295 2212 1336 241

188 1365 324 1428 Optat
360 1364 766 1411 excellentissimos
804 1377 984 1415 omnes,
1024 1362 1079 1408 de
1118 1362 1284 1424 quihus
1312 1363 1497 1424 scripsit
1524 1362 1763 1413 Ortvinus,
1803 1363 1962 1410 docto-

186 1451 260 1483 res
297 1436 592 1483 Colonienses
631 1434 896 1496 (magistros
934 1440 1119 1481 nostros
1158 1434 1506 1486 Hochstratum,
1554 1434 1828 1485 Arnoldum,
1879 1429 1990 1481 Re-'

185 1509 398 1569 migium,
450 1506 760 1559 Valentinum,
809 1507 1018 1558 Petrum,
1065 1513 1110 1551 et
1157 1506 1436 1553 licentiatum
1476 1507 1729 1567 Rutgerum
1770 1505 1961 1553 multos·

186 1594 274 1642 que
311 1579 448 1631 alios,
488 1578 608 1624 inter
645 1594 763 1640 quos
801 1577 936 1624 etiam
961 1577 1344 1629 Pfeffercornum,
1386 1578 1590 1638 quamvis
1628 1577 1793 1624 laicum
1821 1585 1866 1624 et
1893 1579 1960 1623 in-

184 1652 383 1702 doctum,
414 1658 561 1697 tamen
587 1663 738 1696 rerum
765 1645 1267 1712 intelligentissimum),
1289 1648 1662 1709 Moguutinenses
1689 1650 1958 1709 (Zehnerum

184 1720 572 1783 Bertramumque)
609 1737 661 1768 ac
684 1716 1114 1768 Francofurtensem
1152 1720 1405 1767 mirabilem
1441 1722 1787 1782 praedicatorem
1815 1722 1959 1782 Meye-

185 1809 284 1841 rum
311 1792 519 1840 subicere
543 1792 631 1840 sibi
655 1793 843 1840 iuristas
869 1796 1123 1854 poetasque
1150 1791 1408 1844 saeculares,
1449 1807 1503 1839 ne
1542 1794 1614 1839 his
1652 1792 1796 1839 libros
1824 1793 1959 1839 edere

185 1865 361 1916 liceret,
399 1863 688 1926 theologicos
727 1866 912 1911 omnino
951 1863 1118 1916 nullos,
1158 1864 1272 1910 alios
1310 1871 1458 1910 autem
1499 1879 1591 1911 non
1629 1864 1717 1910 nisi
1757 1881 1781 1911 a
1820 1866 1960 1924 magi·

185 1937 292 1983 stris
331 1936 503 1983 nostris
541 1936 848 1998 adprobatos;
895 1935 1125 1997 inprobati
1163 1935 1565 1988 comburerentur;
1617 1942 1662 1982 et
1699 1946 1763 1982 ne'
1795 1951 1954 1982 novam

184 2008 454 2055 latinitatem
490 2008 536 2053 in
577 2006 865 2068 theologiam
890 2007 1260 2059 introducerent,
1310 2014 1362 2053 ut
1409 2007 1618 2053 fecerunt
1654 2007 1873 2053 Reuchlin
1913 2014 1957 2052 et

184 2079 365 2141 quidam
387 2077 629 2126 Proverbia
655 2079 827 2125 Erasmi
864 2085 1064 2125 vocatus.
1139 2078 1305 2125 Graecae
1343 2085 1494 2124 autem
1532 2086 1578 2124 et
1613 2078 1844 2125 Hebraicae
1884 2078 1958 2125 lit-

187 2158 296 2197 terae
324 2165 412 2197 non
452 2150 600 2197 solum
639 2150 824 2197 inutiles
862 2151 942 2197 sed
981 2157 1027 2196 et
1064 2158 1285 2196 nocentes
1323 2157 1444 2196 sunt.

45 2252 128 2302 34.
168 2247 414 2297 lohannes
452 2245 787 2297 Schnerckius
827 2246 1029 2296 Ort'vino
1072 2246 1255 2298 Gratio.
1402 2245 1571 2295 Ulmae.
1676 2286 1685 2295 .
1765 2285 1775 2295 .
1855 2286 1864 2295 .
1942 2285 1954 2297 .
1995 2253 2213 2296 241...243

181 2322 425 2369 Praemissa
465 2321 739 2368 salutatione
776 2322 978 2383 poetica,
1027 2321 1106 2367 sed
1144 2335 1197 2366 ex
1234 2321 1481 2382 improviso
1521 2328 1565 2367 et
1603 2322 1790 2382 antiquo
1829 2335 1956 2367 more

181 2393 333 2445 licito,
384 2392 508 2456 quali
545 2410 568 2440 a
607 2394 827 2454 magistro
867 2393 1062 2454 quodam
1102 2392 1343 2439 Parisiensi
1381 2392 1591 2438 universa
1628 2392 1779 2443 biblia,
1819 2394 1958 2439 versi-

180 2465 267 2512 bus
304 2465 556 2527 conposita‚
596 2465 736 2510 refert
774 2479 822 2510 se
860 2465 1103 2511 certiorem
1143 2477 1245 2510 esse
1284 2464 1449 2510 sactum
1476 2464 1773 2511 Reuchlinum
1813 2464 1957 2512 oculis

181 2536 405 2583 laborare.
455 2536 707 2584 sciscitanti
747 2536 801 2582 de
838 2535 1087 2582 Reuchlino
1129 2535 1492 2587 baccalaureum‚
1533 2537 1610 2597 qui
1650 2536 1770 2582 hunc
1808 2537 1957 2582 visita·

182 2615 335 2659 verat,
382 2608 712 2671 respondisse„
748 2608 866 2670 apud
917 2621 1017 2653 eum
1058 2623 1105 2654 se
1145 2607 1310 2653 vidisse
1350 2607 1463 2653 mire
1503 2607 1725 2669 scriptum
1774 2607 1956 2659 librum,

180 2679 471 2727 Plutarchum
521 2681 565 2726 in
605 2680 781 2731 Graeco,
831 2687 878 2725 et
925 2679 1060 2726 alium
1106 2678 1314 2725 libellum·
1359 2679 1443 2725 sub
1492 2694 1674 2726 scamno
1723 2679 1957 2730 iacentem,

181 2750 473 2814 Pepericorni
511 2751 839 2803 Defensionem‚
878 2750 1008 2798 cuius
1045 2751 1272 2797 refutandi
1313 2765 1462 2812 operae
1505 2753 1814 2812 temporisque
1855 2766 1959 2812 pre-

184 2823 292 2869 tium
330 2837 433 2870 esse
468 2822 664 2884 negabat
700 2822 1002 2875 Reuchlinus;
1053 2837 1187 2885 quem
1226 2825 1378 2884 itaque
1417 2823 1653 2869 oculorum
1694 2822 1957 2869 infirmitate

182 2908 275 2956 quo
313 2895 462 2941 minus
510 2894 701 2941 multum
741 2894 895 2956 legere
934 2901 1011 2941 aut
1051 2894 1250 2941 scribere
1287 2901 1447 2956 posset
1486 2894 1767 2955 prohibitum
1806 2895 1955 2941 denuo

181 2981 234 3014 ac
269 2965 572 3014 confidentius
610 2967 794 3028 scriptis
835 2966 930 3012 suis
969 2972 1021 3012 ut
1069 2965 1274 3027 theologi
1322 2972 1505 3028 petant,
1555 2966 1755 3028 scriptor
1794 2967 1956 3013 exhor·

181 3044 318 3086 tatur.

42 3137 123 3190 35.
161 3131 450 3184 Wilhelmus
486 3134 639 3200 Lamp
681 3133 883 3185 Ortvino
922 3135 1104 3186 Gratio.
1253 3133 1485 3183 Romame
1526 3134 1769 3185 Curiae..
1850 3172 1860 3181 .
1992 3141 2087 3183 243.
2129 3141 2213 3182 244

180 3209 290 3256 Post
326 3208 465 3256 multa
503 3208 558 3255 (le
597 3224 750 3257 amore
789 3225 873 3256 suo
915 3224 1023 3271 erga
1063 3209 1295 3255 Ortvinum
1335 3209 1466 3255 verba
1517 3210 1658 3255 refert
1708 3208 1762 3254 de
1803 3208 1955 3255 servili

179 3280 446 3327 condicione
485 3295 564 3327 sua
604 3281 721 3342 apud
761 3282 983 3342 quendam
1022 3280 1250 3327 notarium
1290 3287 1430 3331 rotae,
1479 3288 1524 3326 et
1574 3281 1628 3326 de
1676 3281 1828 3327 studio
1870 3296 1953 3326 suo

181 3352 387 3413 poetico,
441 3358 486 3397 et
524 3353 750 3413 quomodo
790 3359 949 3400 contra
990 3352 1210 3414 quendam
1251 3352 1325 3413 qui
1367 3349 1744 3413 (grammaticum)
1784 3353 1956 3398 Diome-

181 3422 279 3469 dem
319 3422 553 3474 laudahat‚
606 3424 904 3485 disputaverit
940 3425 995 3470 de
1048 3420 1267 3484 (Thracis)
1308 3423 1532 3469 Diomedis
1583 3426 1713 3485 equis
1761 3424 1951 3469 humana

179 3507 317 3541 carne
343 3494 644 3546 vescentibus,
673 3494 1063 3557 Alexandrumque
1092 3497 1434 3556 grammaticum
1462 3496 1728 3547 defenderit,
1758 3498 1800 3541 in
1824 3497 1953 3542 cuius

182 3565 357 3613 laudem
397 3566 597 3627 scriptor
633 3581 655 3611 a
697 3581 745 3612 se
784 3567 1074 3627 conpositum
1114 3567 1392 3627 epigramma
1431 3567 1580 3613 adicit.

46 3662 127 3715 36.
166 3661 409 3712 lohannes
446 3662 649 3712 Arnoldi
689 3662 893 3714 Ortvino
934 3664 1116 3713 Gratio.
1265 3662 1449 3712 Romae.
1495 3702 1504 3711 .
1583 3702 1592 3711 .
1672 3703 1681 3713 .
1760 3702 1770 3712 .
1939 3701 1947 3711 .
2125 3668 2207 3707 ‘245

180 3735 326 3782 Nitide
351 3738 580 3797 apparatis
609 3737 754 3784 verbis
782 3738 963 3785 Ortviuo
1004 3739 1057 3784 ad
1096 3737 1391 3799 epistolarum
1431 3740 1748 3785 commercium
1792 3702 1953 3783 hahen-

182 3806 286 3853 dum
324 3821 425 3854 sese
463 3809 747 3855 commendat
792 3810 969 3871 sibique
1019 3809 1275 3870 gratulatur
1321 3825 1448 3855 suam
1497 3823 1680 3870 quoquc
1718 3809 1769 3855 ul
1811 3810 1953 3854 Ortvi-

182 3891 287 3924 num
328 3878 435 3925 olim
474 3880 619 3926 datam
659 3881 899 3941 epistolam
938 3881 992 3928 ab
1032 3882 1117 3927 hoc
1156 3881 1275 3926 intcr
1314 3880 1540 3941 Epistolas
1569 3879 1615 3924 Ο.
1648 3881 1693 3929 V,
1726 3886 1950 3939 receptam

185 3963 308 4002 esse,
350 3950 468 3997 unde
505 3958 717 3999 aeternam
759 3952 842 3998 sihi
882 3953 1077 3998 nominis
1115 3951 1304 4012 gloriam
1345 3952 1602 4012 pollicetur.
