2456 4264
216 228 325 286 142
495 250 589 280 ῙοΑ.
607 240 922 278 mmmcbnm
946 245 1176 276 mmm-510
1200 241 1382 272 comm.
1405 239 1616 269 FAMOSAS
1641 239 1682 267 0.
1704 240 1747 268 v.
1771 236 2044 268 Ems'ronAS.

203 383 311 432 bilis
342 386 389 430 et
425 381 654 442 apprime
685 379 854 428 doctus
891 377 1116 425 dominus
1146 372 1317 433 frater
1340 369 1552 420 Iacobus
1576 367 1907 417 Hocbstraten
1931 367 2144 427 heretice
2166 367 2352 429 pravi—

203 469 316 516 tatis
348 466 606 526 inquisitor
640 463 706 511 Et
733 463 962 523 quoniam
1001 460 1169 508 decuit
1195 457 1555 507 sanctissimum
1594 453 1843 501 dominum
1878 456 2098 500 nostrum
2140 451 2353 511 heretice

196 551 462 613 pravitatis
495 549 729 607 maqistro
766 548 817 594 in
846 546 944 594 hac
977 558 1034 592 re
1059 544 1183 592 nihil
1208 543 1480 601 demeare,
1515 537 1600 587 Sic
1631 537 1870 585 sanctitas
1893 549 1986 584 sua
2012 535 2351 584 Reverendis-

201 637 348 683 simos
383 634 505 680 duos
534 630 826 678 Cardinales
862 630 923 677 de
957 640 1103 676 sacro
1135 627 1342 675 concilio
1377 623 1693 673 seriosissime
1728 621 1980 669 ordinavit
2009 627 2063 668 ut
2097 621 2353 681 neqocium

202 720 292 766 hoc
331 722 380 766 et
412 717 561 765 libros
596 715 802 763 Ioannis
838 712 1083 761 Reucblin
1118 709 1352 769 funditus
1385 707 1776 770 perpenderem,
1826 709 1874 754 et
1921 704 2102 753 deinde
2145 717 2351 753 causam
2376 719 2397 752 5

202 804 334 851 lianc
368 800 581 849 Concilio
607 802 962 861 proponerent.
1038 796 1256 857 Insuper
1288 807 1350 841 ne
1385 793 1600 840 Ioannes
1635 789 1880 839 Reucltlin
1910 793 2074 851 posset
2106 790 2352 851 interpel-

202 890 313 935 lare
346 891 432 934 aut
461 887 615 933 ullam
652 882 842 943 afferre
882 882 1273 939 excusationem,
1323 876 1733 939 quemadmodum
1779 875 1945 936 sepius
1985 875 2037 922 in
2074 874 2166 923 boc
2195 887 2351 934 neqo-

202 974 278 1020 cio
328 971 581 1018 adinvenit
614 968 698 1017 Sic
739 969 920 1028 papali
954 969 1194 1028 potestate
1238 977 1270 1011 a
1302 962 1667 1025 prenominatis
1710 959 1955 1009 iudicibus
2001 958 2354 1007 Cardinalibus

203 1057 352 1103 missa
380 1059 452 1103 est
484 1055 560 1102 illi
585 1055 751 1102 citatio
789 1054 839 1101 in
876 1051 1218 1113 quadraqinta
1256 1048 1426 1096 diebus
1461 1045 1789 1108 comparendi
1807 1044 1962 1104 Rome
1989 1051 2037 1093 et
2066 1048 2120 1092 ut
2152 1051 2354 1092 senten-

203 1141 270 1188 tia
313 1138 584 1201 Spirensis,
633 1142 786 1199 prout
843 1137 906 1184 de
955 1137 1063 1184 iure
1108 1134 1336 1182 revocari
1377 1137 1560 1194 posset.
1635 1131 1678 1179 (Ι
1722 1130 1987 1191 Postquam
2032 1129 2147 1178 talis
2185 1130 2352 1178 citatio
2371 1148 2412 1183 ιο

203 1227 362 1272 allata
397 1228 469 1272 est
491 1223 673 1271 Ioanni
695 1221 964 1284 Reucblin,
996 1227 1111 1269 tunc
1150 1219 1221 1267 ad
1251 1217 1645 1280 protrahendum
1681 1215 1919 1264 iudicium
1956 1215 2190 1275 alleqavit
2224 1227 2354 1275 quo-

204 1293 355 1357 modo*
383 1308 671 1356 Cardinalis
700 1310 868 1365 sancte
910 1305 1082 1354 Crucis
1117 1308 1240 1353 esset
1271 1305 1323 1351 in
1358 1303 1456 1351 liac
1491 1315 1647 1351 causa
1678 1302 1917 1363 partialis
1959 1305 2009 1348 et
2045 1299 2141 1348 sibi
2176 1313 2355 1361 suspe-

202 1398 323 1442 ctus.
395 1392 625 1441 Secundo
645 1383 899 1452 'alleqavit
941 1390 1178 1450 quomodo
1216 1389 1510 1437 universitas
1543 1387 1839 1436 Coloniensis
1884 1370 2063 1434 librum
2109 1398 2251 1434 suum
2286 1398 2354 1433 ex

202 1481 376 1538 linqua
427 1478 721 1537 qermanica
768 1477 820 1523 in
871 1476 1076 1524 latinam
1118 1474 1255 1533 false
1302 1473 1611 1522 traduxisset
1652 1476 1702 1520 et
1748 1471 1928 1520 librum
1971 1470 2106 1519 bunc
2149 1470 2355 1531 reliquis

203 1562 466 1611 acedemiis
497 1561 809 1621 frustillatim
841 1562 1105 1624 misissent,
1144 1563 1353 1621 propter
1394 1572 1487 1619 que
1540 1558 1592 1605 in
1636 1558 1738 1605 suis
1774 1556 2047 1615 sententiis,
2095 1558 2270 1604 contra
2301 1568 2410 1605 se15

201 1649 315 1696 latis
348 1647 541 1708 decepti
568 1645 755 1705 forent.
835 1645 975 1702 Quod
1007 1651 1167 1693 tamen
1205 1646 1257 1692 in
1294 1645 1372 1691 rei
1406 1643 1611 1690 veritate
1647 1654 1903 1703 nunquam
1945 1644 2248 1702 compertum
2283 1644 2357 1688 est

201 1745 264 1780 ac
303 1744 555 1791 nunquam
587 1731 927 1791 comperietur,
968 1743 1080 1779 cum
1114 1731 1317 1790 ipsemet
1348 1728 1528 1776 librum
1563 1740 1705 1776 suum
1732 1739 1843 1775 cum
1869 1725 2205 1774 additionibus
2230 1727 2351 1787 ipsis

201 1816 640 1877 Parrbysiensibus
682 1816 891 1873 miserit,
937 1815 1102 1863 Etiam
1150 1814 1283 1874 quod
1321 1813 1446 1861 liber
1481 1826 1600 1860 suus
1629 1811 1782 1870 Rome
1826 1812 2003 1860 iterum
2035 1823 2102 1858 ex
2141 1823 2353 1882 ‚cerma-

200 1903 309 1949 nico
355 1902 406 1949 in
453 1901 659 1948 latinum
690 1901 1015 1961 transpositus
1049 1901 1244 1947 omnino
1280 1900 1332 1947 in
1367 1899 1577 1958 sinyulis
1612 1896 1989 1945 concordaverit
2021 1910 2133 1946 cum
2169 1896 2354 1946 tradu-

198 1987 356 2034 ctione
390 1986 720 2034 universitatis
754 1989 916 2044 nostre
953 1984 1266 2032 Coloniensis.
1326 1979 1348 2050 Η
2281 2047 2286 2051 ἱ
2366 1998 2410 2031 20

86 2098 191 2151 ssijb
1066 2096 1225 2146 Nota
1256 2096 1482 2147 Primo.

341 2197 383 2245 (Ι
412 2197 524 2246 Duo
557 2196 638 2245 bic
666 2200 1118 2258 prememorantur,
1156 2199 1308 2246 lector
1345 2197 1657 2254 charissime,
1695 2209 1789 2256 que
1828 2195 1943 2255 (etsi
1965 2195 2185 2257 puerilia
2214 2198 2351 2258 sunt)

197 2282 469 2331 rationibus
502 2289 662 2330 tamen
699 2282 959 2331 diluantur
994 2295 1301 2344 summopere
1333 2285 1407 2330 est
1439 2281 1774 2330 necessarium
1815 2278 1989 2329 Obiicit
2024 2279 2160 2329 nobis
2189 2279 2351 2329 Ioan-

198 2382 284 2415 nes
317 2367 583 2424 Reucltlin,
631 2371 680 2416 et
707 2367 763 2415 id
795 2367 990 2428 quidem
1020 2366 1158 2426 falso
1194 2366 1328 2428 quod
1363 2366 1584 2415 doctores
1628 2366 1787 2414 nostri
1829 2366 1984 2427 ipsius
2025 2365 2351 2415 theutonicum

198 2466 294 2500 non
328 2453 684 2512 intellexerint,
723 2457 770 2500 et
806 2452 864 2500 ob
898 2452 1112 2514 idipsum
1149 2453 1371 2513 iniquam
1403 2451 1624 2511 fecerint
1663 2450 2023 2500 traductionem
2058 2450 2407 2514 Respondeo25

197 2537 471 2585 istiusmodi
491 2538 722 2586 cavillum
753 2537 879 2585 nibil
908 2538 959 2585 in
991 2551 1042 2586 se
1062 2539 1316 2596 firmitatis
1346 2536 1530 2585 habere
1552 2535 1644 2585 sed
1663 2537 1957 2586 levissimum
1986 2550 2090 2585 esse
2113 2548 2176 2585 ac
2196 2537 2352 2598 plane

193 2612 534 2680 falsissimum.
600 2621 740 2679 Quod
772 2623 888 2670 licet
920 2623 972 2670 in
1004 2621 1410 2684 precedentibus,
1445 2622 1611 2670 littera
1650 2622 1704 2675 ἓξ)
1739 2619 1864 2681 folio
1899 2622 2066 2670 ultimo
2100 2623 2221 2671 satis
2255 2620 2350 2670 de-

197 2709 443 2754 claratum
479 2708 564 2771 sit,
602 2706 695 2754 hoc
730 2713 893 2755 tamen
924 2721 1022 2756 non
1057 2707 1212 2756 oberit
1246 2707 1487 2755 adiecisse
1519 2705 1750 2756 Nostram
1786 2706 2013 2755 videlicet
2046 2706 2349 2756 universita-

197 2798 291 2839 tem
327 2792 499 2839 multos
536 2791 720 2840 habere
755 2796 803 2840 et
834 2792 1055 2841 doctores
1080 2797 1128 2841 et
1152 2793 1416 2852 mayistros
1440 2796 1487 2839 et
1511 2795 1628 2840 tunc
1653 2794 1885 2854 temporis
1911 2793 2089 2854 plures
2122 2791 2351 2841 habuisse
2416 2801 2418 2804 ’

198 2878 284 2936 qui
319 2889 481 2924 omnes
528 2878 635 2925 veri
667 2878 984 2940 superioriste
1017 2881 1065 2926 et
1098 2878 1196 2925 sint
1229 2882 1277 2925 et
1304 2876 1525 2941 fuerint,
1574 2878 1728 2939 ipsius
1765 2878 1914 2925 etiam
1951 2877 2269 2926 conterranei
2298 2880 2348 2925 et
2360 2875 2423 2933 305

194 2960 548 3021 perfectissimi
589 2976 676 3021 sue
722 2963 887 3022 linque
936 2964 1245 3024 interpretes.
1322 2961 1364 3009 (Ι
1399 2960 1628 3010 Secundo
1664 2962 1710 3010 si
1742 2974 1831 3010 nos
1865 2963 1995 3011 male
2029 2961 2348 3011 traduximus

196 3047 349 3106 ipsius
391 3047 716 3095 theutonicum
732 3085 743 3107 ,
796 3047 852 3095 id
896 3047 1029 3108 quod
1062 3048 1114 3095 in
1158 3061 1209 3095 se
1249 3046 1439 3107 falsum
1479 3052 1552 3095 est
1562 3084 1577 3112 ,
1624 3059 1785 3107 quare
1831 3046 2075 3110 (obsecro)
2114 3046 2350 3109 Parrhy-

197 3131 379 3177 sienses
406 3131 857 3181 condemnaverunt
883 3145 1018 3188 eum,
1063 3132 1238 3193 quibus
1278 3145 1310 3179 a
1348 3133 1528 3181 nostris
1570 3133 1721 3181 missa
1759 3131 1864 3191 fuit
1902 3133 2163 3182 translatio
2203 3134 2348 3182 iuxta

198 3215 351 3275 ipsius
388 3214 670 3265 adversarii
701 3218 858 3266 nostri
888 3219 1238 3266 correctionem
1267 3218 1318 3265 in
1357 3216 1646 3280 defensione
1666 3231 1760 3265 sua
1798 3218 1941 3277 (licet
1962 3218 2082 3266 satis
2109 3217 2345 3278 ridicule)

197 3312 525 3372 expressam..
574 3300 617 3347 (Ι
659 3300 817 3350 Tertio
847 3307 902 3350 ut
935 3315 1100 3351 omnes
1139 3302 1409 3351 Christiani
1441 3303 1743 3352 unanimiter
1777 3306 1824 3351 et
1850 3306 2090 3366 perpetuo
2118 3301 2343 3365 credant,
2360 3319 2403 3353 35

197 3384 528 3443 sacratissime
551 3386 691 3446 apud
715 3399 803 3434 nos
820 3386 1084 3445 facultatis
1114 3388 1377 3448 theoloqice
1403 3387 1625 3437 doctores
1649 3401 1912 3450 synceram
1935 3387 2149 3436 edidisse
2173 3391 2346 3436 trans-

197 3469 456 3531 lationem,
489 3469 579 3517 hoc
613 3471 766 3519 solum
802 3471 1063 3532 adiiciam,
1107 3472 1241 3534 quod
1274 3474 1326 3521 in
1363 3473 1486 3522 urbe
1516 3473 1747 3522 Romana
1793 3474 1894 3533 (uti
1912 3474 2190 3535 pauloante
2217 3485 2346 3534 pre-

198 3557 382 3602 tactum
409 3551 537 3614 fuit)
575 3566 703 3603 nova
733 3554 881 3613 facta
916 3562 988 3604 est
1023 3559 1282 3606 translatio
1312 3562 1360 3606 et
1389 3558 1447 3606 id
1486 3559 1683 3619 quidem
1715 3572 1811 3620 per
1857 3561 2172 3616 sacrosancte
2214 3555 2346 3605 sedis

196 3639 460 3700 apostolice
493 3640 896 3695 commissionem,
926 3654 1021 3701 per
1056 3643 1221 3690 omnia
1256 3646 1305 3690 et
1338 3643 1389 3690 in
1418 3643 1662 3703 omnibus,
1700 3657 1793 3704 que
1824 3643 1897 3691 ad
1923 3644 2184 3692 materiam
2215 3655 2344 3703 per-

197 3723 438 3783 tinebant,
476 3735 588 3773 cum
624 3728 794 3773 nostra
829 3725 1153 3774 concordans.
1231 3726 1273 3773 (Ι
1304 3725 1490 3783 Quarto
1525 3725 1582 3775 Si
1616 3726 1836 3775 doctores
1871 3729 2030 3777 nostri
2060 3737 2159 3776 non
2187 3727 2337 3777 intel-
2351 3739 2396 3776 40

309 3863 359 3891 ⁴¹·ss
391 3861 605 3917 coneilio]
637 3864 668 3907 i.
693 3877 730 3906 e.
752 3864 1074 3908 Lateranensi.
1174 3863 1259 3891 ¹⁹3⁹
1288 3866 1387 3907 Hoc
1411 3867 1566 3918 falsum
1595 3880 1687 3908 esse
1717 3873 1898 3909 constat.
