2456 4264
65 623 162 663 §.28-

73 1398 102 1439 §.
115 1400 167 1434 29.

79 2318 109 2360 §.
121 2319 173 2356 30.

174 249 293 307 472
848 268 1177 298 HOCHSTRATVS
1201 267 1348 295 OVANS
1371 266 1617 296 DIALOGVS.

172 413 378 457 naretur,
418 419 549 465 quam
589 401 907 463 comprobarat
945 405 1075 445 antea
1100 398 1347 445 Cardinalis
1372 397 1630 444 Dominicus
1656 397 1936 444 Grimannus.
2009 398 2169 445 deinde
2204 398 2313 444 editi

176 491 256 539 per
293 491 362 521 me
399 490 452 520 ex
489 474 678 519 diversis
717 470 976 521 ordinibus,
1016 476 1061 516 et
1099 471 1206 516 item
1242 469 1544 515 Lateranense
1580 467 1837 516 concilium.

314 557 456 592 ans.
531 542 644 598 Quid
680 542 844 587 audio?

317 626 600 662 vaonnvs.
672 611 789 657 Nihil
836 613 964 657 novi:
1012 611 1198 656 solenne
1243 616 1313 657 est
1349 609 1593 656 Rhomanis
1639 609 1864 656 iudicibus
1902 610 2085 657 eandem
2124 624 2217 656 rem
2266 623 2317 655 ex

175 687 328 733 iisdem
366 685 476 731 actis
514 683 781 730 iudiciorum
818 696 938 728 nunc
972 681 1188 743 probare,
1226 695 1347 727 nunc
1391 680 1670 742 improbare,
1717 686 1770 726 ut
1805 682 1960 741 regina
1992 682 2185 727 Pecunia
2223 682 2350 727 ius-5

175 757 297 808 serit,
336 761 381 802 et
417 756 608 800 suaserit
644 752 963 800 commoditas:
1003 766 1104 797 nam
1141 751 1253 797 utile
1289 750 1343 796 ab
1381 752 1572 798 honesto
1611 751 1875 811 longissime
1913 752 2066 799 distat.

311 838 455 873 ΜΝΞ.
531 824 754 881 Quantum
791 824 1024 884 intelligo,
1062 837 1217 869 verum
1253 828 1324 868 est
1359 821 1472 868 illud
1506 822 1900 883 Aristophanicum

679 885 907 940 ’Ἀπαντα
943 891 1013 959 τῷ
1049 893 1279 939 πλουτεῖν
1314 882 1407 954 γὰρ
1446 883 1552 938 ἔσθ’
1588 879 1804 953 ὑπήκοα.

314 979 702 1016 nocHsTRA'rvs.
776 967 869 1012 Hoc
906 965 1085 1012 nomine
1123 965 1233 1010 mihi
1269 964 1418 1010 minus
1457 965 1618 1010 charus
1657 978 1728 1016 es,
1768 963 1893 1025 quod
1929 964 2114 1011 Graecus
2152 978 2215 1010 es.

315 1051 463 1086 nnvs.
534 1038 631 1084 Non
669 1043 739 1083 est
774 1051 931 1088 causa,
970 1051 1051 1082 cur
1088 1036 1236 1081 minus
1274 1036 1358 1080 sim
1383 1036 1571 1086 charus,
1610 1034 1823 1096 quoniam
1855 1049 2002 1095 graece
2027 1049 2185 1096 parum
2213 1035 2321 1085 scio,
2345 1044 2381 1075 ιο

180 1111 257 1157 sed
294 1123 566 1170 magnopere
605 1109 721 1170 apud
760 1107 928 1155 sciolos
967 1107 1080 1154 scire
1119 1107 1256 1152 videri
1295 1106 1454 1167 cupio;
1494 1105 1612 1152 forte
1651 1106 1797 1152 audivi
1834 1119 1936 1151 eum
1973 1119 2148 1152 versum
2175 1121 2199 1152 a
2225 1118 2324 1150 meo

180 1183 385 1231 rhetore,
424 1193 555 1241 quem
592 1181 820 1226 memoriae
859 1178 1170 1224 demandatum
1208 1178 1362 1224 occino
1401 1177 1690 1238 frequenter,
1728 1191 1901 1239 cygnus
1938 1179 2056 1223 inter
2091 1189 2289 1222 anseres.

319 1263 604 1299 LVPOLDVS.
677 1250 770 1297 Hoc
807 1256 899 1301 est,
938 1250 984 1295 ni
1021 1249 1177 1300 fallor,
1219 1249 1398 1295 ‘Corvus
1436 1250 1556 1294 inter
1591 1249 1744 1309 picas’,
1795 1249 1900 1309 quia
1936 1248 2102 1294 videris
2139 1245 2329 1293 Theolo-

185 1338 272 1384 gos
307 1321 574 1382 significare.

324 1405 470 1440 ans.
542 1393 628 1438 Per
663 1393 941 1438 maiestatem
979 1389 1299 1451 Theologicam
1338 1404 1448 1441 oro,
1494 1390 1728 1436 Erostrate
1764 1390 2086 1441 laudatissime,
2134 1402 2190 1434 ne
2227 1403 2327 1448 gra·
2349 1396 2386 1429 ¹5

186 1465 300 1510 veris
337 1477 515 1510 causam
553 1463 760 1514 reddere,
800 1476 881 1508 cur
917 1464 962 1508 in
1003 1468 1207 1508 octavum
1247 1475 1410 1507 annum
1448 1462 1657 1508 cessaris.

324 1547 712 1583 Hocns'rRA'rvs.
789 1533 1037 1579 ‘Cessarim'
1076 1533 1171 1578 ais?
1210 1534 1295 1579 hoc
1332 1546 1473 1578 unum
1511 1535 1582 1591 egi
1620 1538 1870 1594 perpetuo,
1918 1538 1971 1578 ut
2006 1531 2241 1592 perderem
2279 1545 2332 1576 ex

185 1606 402 1652 charitate
440 1605 639 1651 fraterna
675 1604 891 1651 incitatus
929 1605 1286 1650 inimicissimum
1325 1603 1610 1664 Capnionem.
1668 1617 1922 1664 quanquam
1960 1617 1983 1648 a
2011 1602 2214 1663 Spirensi
2240 1601 2333 1663 epi-

186 1690 325 1737 scopo
364 1690 616 1736 provocans
640 1675 881 1727 Rhomam,
919 1674 1115 1721 conabar
1151 1688 1302 1720 moras
1340 1674 1535 1720 infinitas
1573 1680 1776 1726 nectere,
1815 1680 1866 1720 ut
1901 1674 2084 1720 interim
2120 1673 2333 1719 defuncto

187 1747 440 1793 adversario
479 1747 661 1806 impune
698 1747 856 1792 liceret
893 1745 1139 1796 insultare,
1179 1758 1324 1806 neque
1362 1745 1684 1797 deterruisset,
1723 1745 1845 1806 quod
1881 1745 2030 1796 aiunt,
2077 1758 2178 1790 cum
2215 1758 2335 1790 mor·
2349 1751 2392 1784 ²0

187 1817 278 1863 tuis
317 1823 489 1862 tantum
526 1816 672 1863 larvas
710 1817 898 1869 luctari;
937 1830 1039 1862 nam
1076 1818 1242 1862 iterum
1282 1812 1415 1875 vulgo
1453 1814 1614 1867 fertur,
1653 1816 1818 1861 Tutum
1856 1829 1958 1862 esse
1994 1821 2176 1861 mortuo
2214 1814 2336 1861 leoni

187 1887 370 1934 barbam
407 1886 588 1934 vellere.
662 1888 823 1932 Verum
872 1900 1032 1932 securo
1080 1888 1227 1932 animo
1267 1886 1469 1947 Capnion
1515 1887 1603 1932 hoc
1651 1885 1789 1932 telum
1837 1887 1974 1933 elusit
2010 1886 2253 1948 impetrato
2291 1885 2335 1931 in

187 1959 376 2004 iudicem
412 1958 641 2004 Dominico
680 1957 759 2003 illo
799 1957 1064 2004 Grimanno:
1115 1959 1179 2008 is,
1232 1964 1286 2003 ut>
1328 1957 1415 2003 fuit
1462 1957 1824 2018 sapientissimus
1860 1956 2106 2018 theologus
2144 1963 2189 2003 et
2225 1956 2339 2002 inte·

189 2043 292 2089 ger,
334 2029 474 2074 totius
511 2043 658 2075 causae
696 2028 890 2090 angulos
928 2030 1146 2080 excussit,
1199 2035 1245 2074 et
1283 2028 1528 2074 secundum
1567 2027 1789 2074 iustitiam
1837 2029 2204 2090 pronuntiasset.
2251 2026 2339 2073 nisi

189 2100 323 2146 solito
372 2099 552 2159 ingenio
601 2113 827 2145 curassem
872 2098 939 2144 illi
977 2113 1078 2146 mox
1125 2099 1457 2160 adiungendum
1495 2099 1677 2145 Petrum
1715 2099 1769 2145 de
1805 2099 2019 2147 Accolitis
2055 2098 2333 2146 Cardinalem
2351 2106 2392 2138 21»

188 2172 546 2217 Anchonitanum
586 2171 704 2216 tituli
742 2169 786 2216 S.
812 2170 1014 2222 Eusebii,
1056 2171 1131 2231 qui
1169 2171 1476 2232 peritissimus
1514 2177 1585 2216 est
1621 2171 1668 2216 in
1692 2169 1879 2232 Regulis
1915 2169 2201 2217 cancellariae
2238 2170 2340 2215 fun·

192 2241 347 2287 dendis
386 2248 430 2287 et
467 2241 759 2287 retundendis
797 2248 843 2287 et
881 2242 1195 2301 Registrorum
1234 2242 1357 2287 foliis
1397 2242 1737 2292 enumerandis,
1786 2242 1866 2288 sed
1913 2240 2191 2287 nudissimus
2240 2239 2341 2286 lite-

192 2327 343 2359 rarum
390 2327 641 2365 sacrarum,
693 2319 739 2358 et
784 2312 917 2373 plane
962 2312 1072 2358 nihil
1121 2313 1174 2358 ad
1201 2313 1504 2359 Grimannum.
1576 2311 1770 2359 Proinde
1816 2326 1933 2359 novo
1971 2311 2128 2359 labore
2163 2311 2351 2358 tandem

193 2397 293 2430 sum
330 2390 614 2435 consecutus,
652 2390 703 2430 ut
741 2383 981 2429 adderetur
1016 2385 1180 2430 tertius
1217 2384 1516 2430 Bernardinus
1542 2383 1789 2431 Cardinalis
1827 2383 1873 2430 S.
1911 2382 2096 2430 Crucis:
2134 2388 2230 2428 tum
2268 2395 2342 2428 res

306 2534 318 2562 ¹
358 2537 428 2577 De
460 2537 703 2577 Dominico
737 2536 953 2577 Grimano
993 2536 1116 2576 eard.
1150 2536 1211 2581 cf.
1245 2540 1328 2578 art.
1349 2537 1513 2589 Marci,
1545 2535 1668 2578 card.
1691 2547 1727 2577 s.
1813 2533 1833 2562 ²
1863 2535 1976 2577 editi
2003 2548 2086 2590 per
2114 2533 2203 2589 me]
2240 2537 2269 2577 i.
2302 2547 2344 2575 e.

197 2605 332 2647 effeci
363 2610 421 2647 ‘ut
453 2607 510 2647 ad
538 2606 758 2647 iudicium
789 2607 1120 2648 ordinarentur.
1213 2637 1223 2647 .
1243 2607 1303 2648 Et
1333 2608 1444 2648 item
1474 2609 1572 2648 edd.
1687 2605 1706 2633 ⁴
1735 2607 1953 2649 Romanis
1986 2609 2082 2649 3.·1.
2198 2605 2216 2631 ⁷
2245 2605 2345 2646 Ari-

196 2677 344 2731 stoph.
375 2677 496 2718 Plut.
530 2676 624 2718 146.
658 2677 860 2728 (divitiis
894 2679 1012 2719 enim
1044 2678 1196 2718 omnia
1227 2677 1501 2732 oboediunt.)
1533 2675 1597 2731 τῷ
1625 2676 1832 2720 atamen
1865 2677 2025 2731 (omiss.
2056 2670 2171 2731 γὰρ)
2202 2679 2243 2718 2.
2284 2668 2347 2718 τώ

197 2740 285 2802 γὰρ
315 2748 551 2790 πλουθεῖν
581 2751 618 2789 1.
634 2751 676 2789 3.
708 2743 902 2792 πλούτει
934 2746 1060 2791 ἔστιν
1091 2751 1133 2789 4.
1252 2747 1285 2775 ¹¹
1318 2749 1435 2790 forte
1468 2746 1640 2803 audivi]
1678 2749 1784 2802 Ipse
1813 2748 2096 2790 Reuchlinus
2129 2761 2182 2789 eo
2212 2759 2348 2788 versu

196 2831 302 2860 usus
344 2822 444 2859 erat
480 2819 529 2859 in
569 2832 639 2873 ep.
672 2819 731 2860 ad
759 2819 1010 2860 Adrianum
1042 2820 1189 2870 card.‚
1233 2833 1367 2872 quam
1399 2820 1457 2860 ad
1487 2820 1530 2870 ξ.
1551 2818 1620 2863 30.
1653 2820 1972 2861 indicavimus.
2089 2817 2123 2845 ¹²
2154 2815 2345 2873 cygnus]

197 2918 268 2941 „..
294 2893 479 2943 argutos
509 2890 630 2931 inter
659 2893 861 2944 strepere
895 2903 1031 2932 anser
1061 2890 1239 2931 olores''
1277 2891 1407 2944 Very.
1431 2890 1516 2932 ecl.
1540 2891 1620 2934 IX.
1642 2889 1713 2932 36.
1803 2888 1838 2916 ¹³
1867 2890 2063 2931 Luditur
2091 2889 2348 2943 proverbiis

201 2973 256 3000 ex
284 2959 550 3014 vulgaribus
582 2960 754 3002 fabulis
784 2961 1049 3015 desumptis.
1084 2961 1153 3002 Cf.
1175 2962 1302 3002 Pers.
1324 2961 1437 3014 prol.
1463 2962 1491 3005 i.
1514 2962 1546 3003 f.
1577 2960 1743 3014 „Quod
1774 2961 1814 3001 si
1845 2959 1991 3002 dolosi
2021 2973 2126 3015 spes
2156 2959 2347 3001 refulse-

201 3032 261 3071 rit
290 3031 483 3083 nummi,
516 3030 688 3073 Corvos
717 3035 880 3085 poetas
912 3038 958 3073 et
987 3031 1221 3086 poetridas
1250 3033 1381 3086 picas
1412 3031 1614 3073 Cantare
1646 3028 1808 3072 credas
1838 3032 2114 3084 Pegaseium
2143 3030 2348 3071 nectar''.

200 3098 239 3126 ²⁰
269 3099 381 3140 Cum
409 3102 596 3142 mortuis
627 3114 715 3142 non
745 3102 836 3142 nisi
865 3102 895 3142 1.
927 3102 986 3143 1.”
1020 3103 1131 3143 Plin.
1153 3102 1211 3143 H.
1234 3103 1290 3144 N.
1312 3103 1444 3157 praef.
1476 3104 1508 3143 i.
1541 3103 1574 3143 f.
1690 3099 1727 3129 ²¹
1757 3099 1940 3155 Tutum]
1973 3102 2169 3142 Martial.
2203 3101 2350 3154 epigr.

203 3171 258 3210 X.
281 3169 349 3214 90.
371 3171 401 3213 i.
424 3172 455 3211 f.
490 3171 616 3224 „noli
635 3172 836 3213 Barbam
857 3172 1029 3214 vellere
1052 3176 1228 3214 mortuo
1258 3173 1429 3214 leoni’'.
1462 3172 1531 3214 Cf.
1558 3163 1712 3215 Graec.
1728 3185 1855 3227 prov.
1876 3167 2044 3214 λέοντα
2075 3169 2251 3224 ξυρεῖν,
2283 3165 2352 3212 λέ-

206 3254 322 3283 οντα
352 3235 556 3284 νύσσειν.
671 3242 707 3268 ²⁵
736 3242 932 3284 Auolitis
963 3246 1005 3284 4.
1039 3244 1105 3296 Cf.
1125 3257 1257 3297 supra
1286 3245 1325 3294 ξ.
1349 3247 1419 3287 27.
1534 3242 1571 3270 ²⁶
1601 3243 1941 3284 Anconitanum
1972 3245 2014 3283 4.
2129 3239 2222 3296 tit.]
2255 3241 2351 3282 TT.

207 3315 303 3353 1.2.
340 3312 451 3351 T.T.
475 3315 516 3353 3.
602 3311 638 3338 ²⁹
677 3313 749 3354 Cf.
782 3317 870 3354 art.
890 3314 1201 3355 Bernardinus
1234 3312 1496 3367 Caravajal.
1547 3314 1617 3356 Ad
1653 3328 1749 3355 rem
1777 3314 1883 3356 vide
1914 3312 2161 3354 Reuchlini
2190 3325 2259 3365 ep.
2294 3311 2352 3352 ad

206 3381 453 3423 Adrianum
484 3382 607 3426 card.
639 3396 674 3423 s.
708 3383 991 3439 Chrysogoni
1021 3385 1114 3426 dat.
1137 3398 1234 3428 1111.
1256 3385 1352 3426 kal.
1373 3386 1472 3429 Ian.
1498 3399 1538 3426 a.
1562 3398 1738 3428 unx111.
1762 3383 1932 3437 (1514.)
1966 3382 2087 3437 apud
2115 3383 2351 3423 Friedlaen-

209 3454 287 3494 der
315 3451 456 3492 Beitr.
488 3466 532 3506 p.
562 3453 629 3494 24.
660 3466 757 3507 sqq.
798 3485 864 3506 „..
887 3469 1010 3510 papa
1051 3468 1235 3497 causam
1275 3470 1426 3497 meam
1463 3455 1865 3498 Reverendissimo
1905 3454 2122 3496 Grimano
2160 3454 2353 3507 primum

210 3522 516 3564 commiserat.
560 3522 648 3564 Sed
678 3524 1008 3578 Bernardinus,
1041 3527 1226 3580 ingenio
1259 3539 1308 3567 se
1340 3539 1420 3567 suo
1450 3527 1689 3580 preciosus
1720 3526 1856 3567 iudex
1885 3524 2154 3579 sublegatus
2184 3524 2252 3564 ita
2282 3524 2352 3563 in-

211 3593 432 3648 gesserit,
465 3596 516 3633 ut
545 3594 750 3634 omnibus
780 3596 937 3636 invitis
969 3600 1016 3637 et
1044 3610 1115 3636 me
1145 3597 1388 3649 ignorante
1418 3597 1635 3638 Iacobum
1667 3596 1980 3639 adversarium
2010 3596 2068 3637 ab
2101 3606 2351 3636 excommu-

211 3663 460 3705 nicationis
489 3663 674 3704 vinculo
707 3664 970 3706 absolverit.
1012 3666 1278 3707 Gloriantur
1308 3668 1505 3720 denique
1537 3667 1592 3708 de
1623 3667 1776 3708 multis
1805 3667 2015 3721 pecuniis
2035 3666 2225 3706 Romam
2246 3664 2351 3704 mis—

213 3735 296 3786 sis,
331 3733 495 3787 quibus
527 3738 574 3775 et
601 3734 759 3775 urbem
791 3739 837 3776 et
866 3737 1065 3777 urbanos
1097 3738 1291 3790 empturi
1321 3738 1428 3788 sint,
1462 3740 1508 3777 et
1536 3740 1782 3790 propterea
1813 3738 1928 3778 certi
1958 3736 2014 3777 de
2043 3733 2243 3776 victoria
2264 3736 2353 3775 ...''.

213 3806 282 3845 Ad
322 3804 513 3845 eundem
552 3806 873 3848 acerrimorum
902 3806 1144 3847 Reuchlini
1183 3807 1548 3848 adversariorum
1579 3806 1918 3847 Coloniensium
1955 3804 2270 3858 theologorum
2308 3806 2355 3845 et

213 3876 402 3919 Adriani
442 3875 496 3915 de
529 3877 745 3919 Traiecto
786 3876 992 3932 epistolae
1030 3889 1138 3918 vere
1178 3877 1286 3917 anni
1328 3876 1452 3917 1514.
1483 3876 1668 3931 seriptae
1706 3879 1865 3918 extant
1899 3875 2012 3916 ibid.
2042 3889 2086 3930 p.
2120 3872 2352 3916 108...112.
