2456 4264
248 264 367 322 366
642 287 1025 315 LAMENTATIONES
1049 287 1348 316 OBSCVRORVM
1370 288 1810 319 REVCHLINISTARVM
1832 290 1980 319 novAE.

1283 413 1334 470 4.

990 538 1031 584 (I
1079 531 1221 606 Goq
1264 536 1333 587 et
1370 530 1626 605 Maqoq

669 642 932 690 Doctori
968 643 1163 705 Grytz
1201 644 1605 704 omnibusque
1644 610 1945 692 Obscuris

1174 740 1243 789 .S.
1274 742 1328 789 P.
1356 741 1417 788 l).

380 854 733 903 Antichristum
769 858 989 902 nostrum
1027 858 1115 902 aut
1141 856 1312 915 potius
1347 858 1577 915 vestrum,
1619 855 1902 916 expeditum
1939 857 1991 904 in
2027 857 2170 904 vario
2206 858 2370 905 crimi-
2387 873 2407 905 5

240 954 354 989 num
397 953 579 1000 qenere
625 940 1011 999 adulescentem,
1074 940 1217 987 nonis
1261 953 1423 1000 nuper
1465 940 1818 1001 septembribus
1871 942 1924 989 in
1969 939 2371 990 iucundissimum

251 1026 455 1075 Veneris
491 1029 724 1086 montem,
765 1029 1005 1085 tanquam
1043 1025 1114 1071 ad
1146 1029 1484 1072 mercaturam
1522 1025 1733 1073 omnium
1766 1027 2101 1086 nequitiarum
2136 1039 2246 1075 cum
2279 1026 2370 1074 As-

131 1121 148 1150 t
168 1108 216 1161 iij
239 1111 410 1159 modeo
434 1105 455 1175 Η
481 1114 649 1159 nostro
674 1110 1044 1158 transmisimus,
1104 1108 1216 1157 Non
1243 1110 1459 1168 dubium,
1501 1110 1619 1169 quin
1645 1109 1708 1157 ab
1734 1111 1956 1160 omnibus
1979 1112 2196 1170 erumnis
2221 1115 2372 1172 atque

241 1198 485 1257 anqustiis
519 1209 604 1244 vos
638 1196 702 1243 sit
737 1195 1096 1255 quamprimum
1132 1194 1451 1242 liberaturus.
1526 1194 1733 1242 Interea
1770 1197 2004 1258 temporis
2045 1210 2202 1257 neque
2242 1196 2368 1244 blas-

231 1282 444 1342 phemiis
475 1282 673 1342 parcite
710 1293 867 1340 neque
902 1280 1354 1340 imprecationibus.
1440 1279 1557 1328 Vult
1592 1280 1721 1327 enim
1755 1280 1853 1328 sibi
1874 1280 2209 1330 Antichristus
2244 1282 2369 1329 tales
2387 1297 2426 1330 ιο

240 1367 422 1414 habere
468 1367 812 1427 apparitores,
863 1365 1081 1425 talesque
1125 1378 1214 1413 suo
1264 1365 1374 1412 albo
1420 1365 1600 1412 milites
1644 1365 1866 1413 inscribi.
1943 1365 2165 1415 Ceterum
2212 1370 2267 1415 ut
2303 1367 2375 1414 ad

241 1452 344 1498 alia
376 1451 780 1512 proqrediamur,
821 1450 999 1497 mittite
1035 1450 1174 1497 nobis
1210 1450 1262 1497 in
1288 1450 1590 1510 Proserpine
1625 1449 1752 1510 biqis
1789 1450 1981 1510 aliquot
2014 1452 2219 1512 specula
2257 1464 2370 1500 ocu-

239 1537 373 1583 laria
410 1536 618 1583 Ioannis
653 1535 923 1595 Reuchlin,
966 1548 1057 1594 que
1095 1548 1127 1581 a
1165 1535 1334 1582 multis⁴
1364 1534 1767 1583 universitatibus
1807 1536 2140 1584 condemnata
2177 1537 2371 1597 accepi-

239 1635 360 1681 mus,
402 1624 451 1668 et
486 1617 798 1677 defensiones
834 1620 1064 1679 eiusdem,
1106 1623 1160 1667 ut
1196 1620 1314 1667 boni
1347 1621 1494 1667 etiam
1534 1621 1632 1667 viri
1663 1619 1747 1667 hic
1781 1620 2009 1668 nonnihil
2032 1620 2252 1668 habeant
2275 1635 2373 1682 quo

238 1720 290 1753 se
328 1706 581 1753 oblectent.
657 1703 977 1752 Adiiciantur
1021 1708 1068 1751 et
1105 1705 1210 1751 alia
1245 1705 1291 1751 si
1324 1718 1422 1765 que·
1452 1704 1588 1752 vobis
1622 1710 1889 1766 supersunt
1923 1706 2137 1754 eiusdem
2171 1707 2427 1766 qeneris.15

239 1791 483 1839 inutilium
528 1790 896 1837 contentionum
936 1787 1249 1849 fraqmenta.
1336 1789 1571 1837 Volumus
1616 1801 1809 1850 quoque
1860 1790 2133 1839 schurriles
2185 1796 2374 1839 vestras

239 1876 471 1936 epistolas
508 1887 540 1921 a
575 1856 690 1921 sede
727 1874 1004 1935 apostolica
1049 1874 1346 1935 iampridem
1393 1874 1774 1935 condemnatas,
1825 1875 1965 1923 nobis
2010 1877 2062 1924 in
2109 1876 2374 1937 quadriqis

238 1961 389 2019 mitti,
440 1963 494 2007 ut
541 1959 638 2006 illis
674 1958 1008 2006 Antichristus
1044 1963 1212 2006 noster
1247 1971 1347 2006 non
1394 1959 1596 2020 illepide
1641 1960 1915 2021 institutus,
1965 1961 2281 2023 blasphemiis
2327 1965 2374 2009 et

239 2044 549 2092 irrisionibus
587 2044 825 2103 abundet,
869 2056 1153 2103 omnemque
1189 2043 1516 2113 turpitudinis
1554 2057 1616 2092 ac
1652 2046 1996 2105 maledicentie
2032 2051 2189 2096 artem
2228 2047 2371 2106 (mul-

239 2135 339 2177 tum
376 2134 446 2177 est
481 2130 609 2177 enim
648 2142 680 2175 a
717 2129 899 2176 teneris
934 2142 1276 2187 consuescere,
1278 2131 1308 2190 )
1349 2142 1482 2190 puer
1526 2143 1626 2178 non
1675 2131 1887 2190 iqnoret.
1963 2132 2215 2182 Postremo
2252 2133 2367 2182 dum
2384 2122 2456 2180 20³

237 2216 475 2262 steteretis
512 2218 629 2262 ante
664 2227 807 2275 reqes
843 2218 890 2261 et
915 2213 1162 2274 presides,
1203 2214 1355 2262 nolite
1389 2215 1615 2275 coqitare
1639 2216 1855 2275 qualiter
1880 2222 1967 2265 aut
1991 2218 2234 2278 quomodo
2257 2218 2377 2267 libri

240 2313 403 2348 omnes
439 2300 591 2348 vestri
624 2300 724 2346 sint
760 2299 896 2347 ultra
936 2298 1140 2359 Caspios
1177 2304 1364 2347 montes
1400 2298 1760 2358 transferendi.
1838 2301 2012 2360 Presto
2059 2303 2192 2351 vobis
2227 2307 2374 2352 erunt
2443 2325 2449 2361 g

237 2386 589 2444 cacodemones
623 2385 744 2446 ipsi,
785 2385 835 2431 in
872 2388 1152 2432 nostrorum
1189 2385 1424 2433 montium
1460 2386 1659 2445 radice,
1701 2387 1789 2446 qui
1820 2386 1954 2435 hanc
1987 2387 2228 2436 librorum
2263 2401 2372 2436 sar·
2451 2439 2456 2451 .-

238 2472 405 2518 cinam
443 2470 577 2518 dicto
613 2470 759 2518 citius
795 2470 934 2518 nobis
962 2469 1347 2530 presentabunt,
1399 2483 1546 2529 quum
1583 2483 1705 2530 eque
1741 2483 1804 2519 ac
1850 2485 1940 2520 nos
1984 2473 2262 2521 istiusmodi
2305 2474 2371 2520 le-
2440 2525 2443 2528 Α

239 2556 448 2622 nociniis
485 2555 803 2603 delectentur.
880 2553 1114 2602 Salutant
1148 2567 1232 2602 vos
1266 2567 1464 2602 sorores
1500 2553 1819 2616 Antichristi,
1860 2561 2019 2616 vestre
2055 2558 2363 2617 consobrine,
2386 2573 2426 2604 25

244 2639 534 2699 Temeritas,
577 2639 919 2700 Arroqantia,
961 2638 1297 2700 Impudentia,
1343 2639 1548 2699 Cecitas,
1593 2637 1882 2702 ObstinatiO,
1924 2641 2235 2704 DesperatiO,
2276 2642 2372 2701 Ile-

239 2727 362 2787 resis
398 2729 446 2772 et
480 2725 822 2786 Blasphemia,
865 2737 989 2784 quas
1024 2724 1070 2771 si
1103 2725 1199 2772 rite
1234 2724 1614 2785 honoraveritis,
1655 2726 1728 2773 ita
1765 2727 1928 2787 etiam,
1972 2732 2026 2775 ut
2062 2728 2114 2775 in
2153 2727 2375 2775 omnibus

239 2823 323 2857 vos
367 2811 600 2870 nequitiis
649 2813 696 2857 et
741 2808 1007 2858 sceleribus
1051 2809 1313 2869 empeditos
1358 2809 1654 2871 habeamuS,
1702 2824 1892 2872 maqna
1929 2812 2263 2873 proculdubio
2312 2811 2374 2859 ab
2451 2814 2454 2815 ’

240 2894 549 2942 Antichristo
588 2894 754 2954 (cuius
778 2898 825 2942 et
848 2906 933 2942 vos
960 2907 1289 2955 precursores
1312 2896 1451 2955 estis)
1491 2896 1710 2944 donaria
1745 2897 2014 2958 recipietis.
2086 2897 2262 2946 Valete
2286 2896 2373 2944 diu
2440 2887 2443 2917 ⁵

240 2984 286 3026 et
312 2974 513 3039 perqite
547 2983 601 3026 ut
637 2980 862 3040 cepistis,
903 2992 966 3026 ne
1000 2984 1330 3027 sacrosancta
1365 2980 1504 3028 sedes
1541 2982 1818 3042 apostolica
1847 2979 2039 3040 falsum
2077 2982 2266 3030 dixisse
2302 2982 2370 3029 vi·
2386 2993 2454 3026 30¹

242 3064 445 3122 deatur,
506 3064 593 3112 ubi
646 3077 731 3112 vos
775 3065 904 3122 filios
949 3064 1224 3124 iniquitatis
1278 3077 1383 3111 esse
1428 3065 1661 3113 decrevit.
1739 3066 1824 3114 Ex
1871 3066 2064 3128 Caspiis
2110 3066 2369 3115 montibuS.
2440 3056 2442 3058 ’

243 3147 384 3195 Anno
421 3149 580 3196 tertio.

1276 3271 1328 3328 5.

918 3395 959 3441 ([
1008 3389 1348 3447 Nicolaus
1405 3389 1707 3467 Loripes

1037 3483 1348 3551 Coridoni
1381 3504 1580 3552 Lusco
2385 3486 2441 3554 35⁵

1187 3601 1258 3650 .S.
1286 3602 1348 3651 D.
1377 3603 1434 3651 P.

581 3693 618 3741 O
657 3695 896 3754 Coridon,
940 3696 1178 3757 Coridon,
1222 3714 1315 3759 que
1351 3705 1398 3747 te
1433 3701 1679 3748 dementia
1715 3702 1862 3762 cepit.

577 3779 706 3827 Alba
741 3781 954 3839 liqustra
990 3782 1204 3841 cadunt,
1245 3785 1475 3832 vaccinia
1512 3785 1663 3844 niqra
1699 3786 1944 3844 lequntur.

359 3902 395 3930 ²⁰
425 3902 495 3944 Of.
525 3905 654 3957 Verq.
678 3917 832 3958 georg.
853 3904 912 3946 ΙΙ.
933 3904 1027 3946 272.
1116 3903 1150 3930 ³⁷
1182 3904 1251 3948 Cf.
1275 3919 1412 3960 supra
1444 3920 1515 3960 ep.
1535 3908 1572 3950 I.
1590 3906 1656 3949 30.
