2456 4264
518 340 521 341 ⁷
564 303 614 337 Η.
636 309 842 338 ΟΤΒΟΝΙΒ
865 311 1126 340 uenenum.
1217 308 1269 343 ¹5.
1292 313 1431 340 PETRI
1456 313 1745 344 STRYNEART.
2107 292 2174 349 21
2196 292 2231 350 3

71 438 129 507 ξ
162 434 375 503 Speculo
420 451 512 487 suo
557 437 772 487 manuali
821 440 1025 503 corrigit
1068 441 1349 490 iniustitiam
1389 441 1621 491 lobannis
1657 442 1913 492 Reuclilin.
1991 444 2052 493 Et
2102 446 2231 510 quod

34 521 140 593 ᾔ
177 520 343 572 bonus
378 521 684 572 Christianus
733 526 1034 588 presumitur
1081 541 1139 574 ex
1188 525 1283 574 hoc
1310 525 1461 590 —quod
1512 526 1551 574 si
1603 541 1701 574 non
1752 528 1989 591 cogitaret
2035 545 2233 594 semper

72 616 275 670 mre
311 604 640 662 Christianus,
680 609 785 672 ipse
822 624 922 657 nou
961 613 1089 659 esset
1125 610 1188 658 ita
1228 611 1383 659 iratus
1420 626 1571 674 super
1609 610 1810 674 ludens,
1851 618 1901 661 et
1938 612 2124 663 faceret
2161 615 2232 663 eis

69 693 204 750 ma
237 688 398 741 mala’.
473 692 602 742 Dixit
641 693 879 756 plebanus
917 693 1164 743 ⁴·Sciibere
1189 710 1275 743 seu
1303 709 1603 758 componere
1628 694 1781 744 libros
1815 701 1888 744 est
1925 711 2018 746 una
2053 711 2231 761 magna

34 786 180 847 qna,
227 779 278 825 et
311 790 411 824 uon
450 779 683 841 competit
721 779 812 827 nisi
850 779 1039 842 magnis
1087 786 1132 827 et
1173 778 1336 827 limtis
1376 778 1499 827 Viris
1549 780 1632 843 qui
1679 785 1796 829 suut
1841 778 2072 831 altissime
2120 797 2231 845 gra·

50 856 237 932 ω..
275 859 432 910 multo
470 864 636 911 minus
672 862 875 911 lobanni
914 861 1223 912 l‘l'ell‘erkorn
1262 864 1345 928 qui
1384 868 1459 912 est
1496 862 1685 913 ldeota:
1726 869 1776 913 et
1813 863 1952 926 Ergo
1990 864 2231 929 Tlieologi

67 941 387 1001 colonienses
423 961 673 1012 nunquam
713 946 1001 996 debuissent
1036 947 1330 1011 pretendere
1379 946 1512 1011 quod
1563 945 1741 995 vellent
1786 946 2069 998 hominibus
2117 964 2231 1012 per·

17 1028 280 1080 undere
324 1030 459 1094 quod
498 1030 808 1081 Psell'erkorn
856 1032 1108 1096 componit
1155 1030 1285 1080 talia.
1362 1029 1458 1079 Sed
1508 1031 1547 1078 si
1596 1045 1687 1094 ego
1736 1044 1897 1079 essem
1936 1030 2230 1096 Imperator,

25 1113 175 1179 *Ego
211 1112 385 1164 vellem
410 1114 720 1165 Pl'efl'erkorn
760 1121 808 1163 et
833 1114 1099 1164 lloclistrat
1135 1114 1440 1179 suspendere
1479 1114 1540 1163 ad
1574 1129 1734 1164 unum
1771 1113 2074 1178 patibulum’.
2136 1117 2231 1167 Re-

10 1196 276 1264 ‚spondit
326 1197 469 1262 ‘Quid
517 1200 635 1249 l'ccit
669 1198 899 1261 Magister
948 1205 1117 1248 noster
1155 1197 1370 1248 Iacobus
1415 1198 1476 1247 de
1516 1198 1875 1248 Hochstraten?
1923 1197 2109 1249 Tamen
2160 1206 2234 1251 est

12 1281 231 1335 boum
264 1281 568 1349 Imperialis,
617 1282 748 1346 quod
798 1296 892 1346 ego
941 1281 1048 1331 volo
1095 1281 1312 1346 probare
1359 1298 1450 1347 per
1486 1282 1755 1347 Epistulam
1793 1298 1932 1333 suam
1970 1283 2031 1333 ad
2072 1284 2231 1349 Impe-

14 1385 24 1396 ·
65 1373 312 1424 morem,
360 1368 409 1416 in
458 1381 554 1432 qua
599 1367 674 1416 sic
709 1365 904 1416 scribit:
955 1365 1161 1423 ‚V,aleat
1198 1372 1246 1415 et
1283 1368 1333 1416 in
1379 1374 1603 1431 eternum
1651 1353 1865 1430 gaudeat
1902 1367 2095 1431 Cesaria
2132 1369 2232 1418 Ma·

14 1434 213 1514 Ἡ
247 1464 396 1515 quam
444 1450 568 1501 deus
615 1451 847 1516 optimus
875 1451 1218 1514 maximusque
1266 1466 1353 1515 sue
1391 1451 1611 1515 Ecclesie
1657 1467 1951 1502 conservare
2002 1452 2232 1517 dignetur

36 1548 159 1609 ‘OE
199 1533 334 1586 milia
383 1539 608 1599 tempora
655 1533 862 1585 selicem’
867 1533 912 1584 ’.'
988 1534 1117 1584 Dixit
1164 1533 1430 1599 plebanus:
1490 1545 1598 1598 ‘ego
1656 1536 1753 1585 vidi
1800 1547 1840 1584 x
1888 1536 2232 1589 malefactores

13 1618 381 1706 wem,
420 1625 471 1669 et
504 1618 671 1670 nullus
708 1620 800 1669 suit
836 1621 902 1668 ita
941 1619 1120 1683 dignus
1157 1621 1332 1670 mortis
1379 1620 1507 1669 sicut
1543 1620 1834 1676 Hochstrat,
1886 1622 1969 1686 qui
2006 1627 2104 1670 tam
2143 1621 2231 1670 bo-

31 1715 187 1774 ·ῃ
221 1708 274 1756 et
307 1704 625 1755 innocentem
665 1706 823 1754 virum
861 1705 933 1753 sic
969 1704 1152 1753 iniuste
1189 1703 1409 1761 tribulat,
1451 1711 1498 1754 et
1535 1705 1696 1754 adhuc
1735 1706 1872 1768 petiit
1910 1706 2056 1755 etiam
2094 1706 2230 1756 adiu-

32 1783 247 1865 m
271 1804 310 1842 3
347 1788 487 1854 Rege
522 1788 732 1854 Francis
772 1791 857 1854 qui
895 1794 970 1838 est
1021 1787 1250 1853 publicus
1294 1789 1525 1839 inimicus
1562 1790 1790 1853 Imperii,
1844 1796 2015 1839 contra
2056 1790 2230 1839 lohan-

38 1881 195 1950 ῃ
212 1871 483 1931 Reuchlim
532 1874 664 1939 quod
703 1880 778 1924 est
814 1875 1003 1924 crimen
1041 1873 1141 1938 lese
1180 1874 1475 1930 maiestatis;
1526 1880 1574 1923 et
1621 1889 1772 1939 super
1822 1873 1917 1923 hoc
1954 1874 2123 1924 Romae
2159 1873 2228 1924 la-

28 1956 329 2040 ζμνίϊ.
399 1958 652 2023 Respondi
700 1959 832 2024 quod
872 1958 1136 2008 Hochstrat
1182 1959 1299 2008 lacit
1342 1957 1453 2008 talia
1493 1958 1598 2008 zelo
1636 1959 1776 2014 fidei,
1830 1964 1877 2007 et
1913 1958 2036 2008 fides
2072 1959 2230 2008 maior

158 2057 334 2112 quam
379 2043 676 2108 imperator,
726 2051 775 2094 et
822 2043 1061 2107 Theologi
1109 2058 1208 2092 non
1255 2048 1431 2093 curant
1479 2043 1875 2108 superioritatem
1923 2041 2227 2107 secularem’.

240 2125 482 2195 plebanus
519 2128 757 2179 abscessit
794 2129 986 2179 dicens:
1028 2127 1085 2178 Ὀ
1123 2128 1528 2178 innocentissime
1574 2126 1839 2183 Reuclilin,
1880 2126 2031 2177 (lebes
2069 2133 2118 2176 tu
2158 2128 2228 2177 sic

46 2215 267 2291 mari
310 2229 339 2266 3
386 2214 614 2279 pessimis
663 2221 711 2264 et
758 2214 1184 2279 nequitiosissimis
1232 2211 1640 2262 tiibulatoribus?
1689 2212 1820 2262 Deus
1867 2217 1915 2261 tc
1954 2217 2226 2261 οοηε3ιι3ῑ.

43 2296 166 2365 ῳ
198 2299 241 2351 ni
274 2296 375 2350 ulla
412 2303 488 2349 est
522 2299 737 2356 iusticia,
789 2306 841 2348 tu
880 2314 980 2347 non
1020 2303 1160 2363 potes
1198 2297 1423 2362 superari
1471 2297 1518 2346 in
1570 2297 1655 2346 ista
1706 2311 1869 2346 causa.
1946 2295 2078 2358 Ergo
2117 2311 2229 2360 pos-

48 2395 194 2450 a
210 2383 400 2437 dicere:
442 2382 707 2434 “zelabunt
743 2389 914 2448 gentes
952 2388 1000 2433 et
1036 2381 1155 2432 nibil
1205 2383 1464 2433 adversum
1515 2388 1562 2431 te
1610 2381 1891 2446 poterunt&
1900 2379 1909 2393 '
1983 2380 2231 2444 Respondi

14 2467 286 2548 We:
334 2468 496 2520 ‘Fiant
532 2469 638 2520 dies
676 2469 783 2519 eius
821 2468 991 2534 pauci,
1045 2474 1092 2517 et
1131 2467 1480 2533 Episcopatum
1522 2466 1626 2515 eius
1664 2466 1868 2529 accipiat
1905 2461 2059 2513 alter'.
2137 2465 2231 2514 Per

65 2552 243 2628 μ,
288 2553 490 2606 domine
526 2552 752 2610 Ortvine,
803 2569 893 2603 nos
941 2552 1183 2602 habemus
1221 2552 1399 2602 multas
1438 2549 1798 2600 tribulationes.
1877 2548 2060 2599 Vellem
2099 2549 2229 2615 quod

66 2637 162 2702 Ut
193 2653 344 2693 causa
377 2643 508 2690 esset
545 2638 797 2703 expedita:
847 2644 890 2688 et
943 2653 1063 2701 ergo
1113 2637 1343 2687 scribatis
1392 2636 1509 2686 mihi
1561 2641 1722 2685 tamen
1763 2634 2012 2700 quomodo
2051 2639 2145 2683 stat
2183 2635 2230 2683 in

47 2720 215 2794 'w
247 2723 493 2783 Romana,
543 2729 591 2774 et
630 2722 838 2774 Valeatis
886 2738 975 2788 per
1022 2727 1095 2771 tot
1141 2738 1299 2772 annos
1349 2726 1468 2786 quot
1518 2721 1630 2770 vixit
1675 2717 1993 2770 Matusalem.
2056 2719 2229 2768 Datum

63 2796 364 2882 vulsini&

16 2946 65 3056 ..’
93 2937 102 2950 ’
1105 2986 1190 3046 15.

491 3114 534 3162 «Ι
591 3104 977 3186 Magister
1022 3104 1306 3165 Petrus
1366 3100 1806 3186 Steynhart

682 3217 1010 3287 Magistro
1049 3215 1335 3269 Ortvino
1376 3213 1614 3266 Gratio

47 3341 106 3406 ιγ
1025 3316 1260 3366 Salutem.

53 3426 132 3507 ,8¹¹
206 3430 413 3484 Multum
453 3432 626 3484 vellem
676 3431 815 3481 vobis
852 3430 1101 3487 scribere,
1152 3428 1348 3478 domine
1387 3428 1611 3481 Ortvine,
1663 3424 1724 3474 de
1764 3422 2055 3474 novitatibus
2093 3422 2231 3471 liinc-

20 3510 192 3571 me
235 3522 286 3569 et
329 3516 473 3568 bellis
519 3524 567 3568 et
603 3517 797 3582 guerris
835 3521 883 3563 et
931 3515 1077 3563 etiam
1125 3514 1186 3562 de
1224 3513 1378 3563 Causa
1420 3510 1649 3560 lobannis
1687 3508 1953 3559 lleuclilin:
2002 3507 2086 3556 sed
2137 3508 2230 3555 iani

54 3589 457 3702 πη
486 3648 529 3687 5
636 3643 702 3684 10
728 3647 771 3685 3
889 3639 908 3666 ι
937 3639 1083 3681 bouus
1117 3642 1158 3681 4
1276 3637 1293 3664 ⁴
1326 3637 1609 3691 Componere
1644 3638 1684 3678 4.
1799 3634 1817 3661 ⁸
1848 3634 2009 3677 Ioanni
2043 3632 2231 3673 Pfcffer·

53 3717 61 3726 '
127 3711 129 3713 ’
203 3718 248 3760 5.
354 3729 465 3770 ergo
495 3718 537 3757 5.
647 3713 664 3740 ⁶
695 3713 977 3755 Pseffercotn
1011 3715 1052 3752 5.
1140 3710 1158 3736 ⁹
1189 3708 1470 3752 Pl'effercozn
1502 3712 1542 3750 5.
1635 3706 1669 3733 ¹⁰
1699 3707 1757 3747 M.
1783 3702 1838 3746 n?
1858 3707 1980 3747 laco.
2005 3707 2044 3745 4.
2078 3703 2167 3742 Ma.
2190 3706 2228 3740 5.

165 3797 221 3828 en
250 3789 293 3831 5.
413 3784 445 3811 ¹²
475 3785 675 3828 Cesarea
705 3788 746 3827 5.
854 3780 939 3809 ¹²¹³
971 3782 1061 3823 Ma.
1087 3782 1127 3824 4.
1246 3778 1279 3806 ¹⁴
1311 3794 1370 3821 .x.
1394 3783 1433 3823 5.
1554 3777 1589 3804 ¹⁷
1621 3778 1835 3819 loannem
1859 3779 1899 3817 5.
2001 3773 2034 3799 ¹⁸
2066 3802 2075 3812 .
2101 3773 2158 3811 Et
2190 3773 2228 3811 4.

244 3858 286 3900 4.
316 3857 504 3899 Rhomae
525 3858 568 3899 5.
653 3853 691 3881 ²⁸
721 3853 906 3896 iusticia
936 3857 979 3894 5.
1065 3850 1103 3877 ²⁷
1133 3851 1272 3892 michi
1303 3854 1343 3891 5.
1432 3848 1468 3876 ²⁸
1501 3849 1740 3890 Rhomana
1771 3850 1812 3888 5.
1901 3842 2099 3886 valeatis
2131 3843 2172 3880 4.

180 3921 216 3952 ⁸¹
246 3925 307 3968 Μ.
331 3929 426 3968 4.5,
516 3925 554 3952 ⁸⁵
585 3925 708 3967 :Sed
742 3928 781 3967 4.
818 3954 827 3965 .
851 3923 939 3965 sod
973 3926 1013 3964 5.
