2456 4264
770 300 1105 329 HOCES'I'BATVS
1128 299 1276 330 OVANS
1300 299 1547 331 DIALOGVS.
2107 273 2229 331 479

71 447 163 480 non
200 438 296 479 est:
333 432 499 479 etenim
534 432 925 494 procrastinabam
962 434 1324 494 persecutionem
1372 431 1714 495 appellationis,
1761 438 1889 480 ratus
1935 434 2117 478 interim
2155 440 2234 479 aut

73 506 201 550 senio
247 510 327 551 aut
373 517 425 551 ea
472 503 725 551 calamitate
774 512 854 552 aut
899 504 1059 551 morbo
1108 504 1227 551 forte
1273 506 1527 566 periturum
1564 504 1881 556 Reuchlinum‚
1933 506 2088 566 sicque
2137 505 2234 550 sine

69 575 256 637 pulvere
294 581 342 621 et
378 576 623 635 sanguine,
661 576 782 637 quod
820 576 972 628 aiunt,
1021 577 1370 637 triumpharem;
1422 577 1502 623 sed
1538 577 1822 623 adversarius
1859 577 1974 622 hanc
2011 575 2232 622 rationem

69 648 233 693 avertit
281 646 495 694 inchoata
541 653 701 694 contra
747 660 819 693 me
867 647 947 693 lite
993 647 1111 709 apud
1148 648 1425 694 Dominicum
1474 642 1793 695 Grimannum’
1813 647 2112 699 cardinalem,
2164 662 2234 694 sa-

37 717 407 780 spientissimum
442 718 740 779 Theologum.

206 788 359 838 utve.
428 789 493 836 Ne
531 792 590 836 sit
615 789 875 841 molestum,
907 790 1162 846 ,Erostrate,
1201 803 1428 852 exponere
1454 790 1637 851 quinam
1663 791 1757 836 sint
1781 790 1952 837 iudices
1979 790 2230 851 Spirenses.
2263 830 2270 835 .

0 906 2 911 .
207 857 604 909 nocfls'rm'rvs.
677 861 848 923 Cupide
893 861 1076 914 faciam,
1127 863 1233 923 quia
1281 875 1440 908 eorum
1477 860 1700 908 celsitudo
1739 860 2048 907 sublimiorem
2086 861 2233 908 reddit

0 971 2 991 ἰ
66 944 211 978 meam
247 931 454 994 gloriam.

0 1063 2 1066 .
206 1016 494 1053 vaonnvs.
567 1004 677 1050 Vide
713 1018 771 1051 ne
807 1003 1121 1050 funestiorem.

10 1083 55 1118 10
206 1087 605 1124 flocusTRA'rvs.
697 1074 920 1136 Georgius
972 1075 1059 1121 dux
1105 1073 1362 1126 Palatinus,
1421 1074 1565 1121 frater
1611 1088 1856 1135 germanus
1903 1076 2094 1136 principi
2143 1074 2232 1120 ele·
2253 1078 2348 1120 §.52

66 1146 210 1198 etei-i,
247 1148 317 1193 vir
352 1147 597 1194 mediocris
634 1148 800 1199 aetatis,
839 1147 1026 1207 ingenio
1064 1152 1110 1191 et
1146 1158 1342 1207 corpore
1379 1144 1565 1197 florens,
1604 1145 1691 1192 hoc
1728 1151 1879 1192 tamen
1917 1147 2065 1191 minor
2101 1148 2230 1191 annis

0 1206 1 1218 ¹
65 1224 277 1280 apparet,
317 1219 441 1279 quod
476 1219 563 1265 sibi
599 1217 704 1280 plus
742 1218 797 1264 de
834 1216 1145 1279 voluptatibus
1183 1217 1428 1268 abstinuit,
1477 1216 1555 1278 qui
1601 1217 1722 1263 ultra
1770 1219 2071 1264 constantiam
2111 1231 2230 1263 sum-

66 1303 185 1336 mam
221 1296 269 1336 et
302 1289 428 1337 ultra
463 1289 620 1346 fidem,
660 1304 749 1351 qua
787 1295 883 1336 tota
921 1287 1086 1334 familia
1123 1288 1430 1335 Palatinorum
1468 1287 1600 1335 facile
1637 1303 1739 1335 cum
1777 1288 2107 1335 mercatoribus
2133 1303 2230 1335 cer-

0 1398 1 1401 *
66 1367 296 1422 tanqum
332 1375 436 1408 rara
471 1367 608 1423 atque
645 1362 804 1407 eximia
840 1362 983 1406 virtus
1021 1366 1093 1406 est
1129 1359 1437 1420 principibus,
1486 1361 1621 1406 etiam
1666 1359 1936 1407 liberalitate
1984 1367 2030 1406 et
2076 1361 2231 1406 huma-

30 1434 212 1479 s'nitate
247 1431 440 1484 excellit,
478 1432 736 1494 praesertim
774 1445 880 1492 erga
918 1431 1141 1486 literatos,
1183 1445 1272 1492 quo
1311 1432 1494 1477 nomine
1532 1432 1642 1477 mihi
1670 1438 1909 1494 suspectus
1936 1432 2038 1483 fuit,
2080 1432 2159 1478 sed
2185 1433 2228 1478 id

0 1523 9 1562 1
65 1505 331 1566 neutiquam
366 1517 464 1565 prae
501 1517 573 1550 me
610 1503 717 1556 tuli,
754 1516 813 1549 ne
850 1506 950 1564 quis
988 1503 1222 1565 propalam
1261 1502 1410 1564 possit
1435 1503 1780 1564 reprehendere,
1821 1503 1943 1565 quod
1968 1503 2030 1550 ita
2058 1503 2229 1549 oderim

0 1565 7 1650 ζ
65 1577 257 1637 ingenia
290 1576 458 1637 potius
493 1589 627 1636 quam
673 1588 770 1621 rem
817 1581 1086 1621 accusatam.
1159 1574 1393 1620 Commisit
1437 1576 1744 1635 cognitionem
1782 1576 1965 1622 Thomae
2003 1575 2228 1621 Thruxses
2247 1588 2344 1630 §.53.

0 1656 8 1730 k
65 1647 122 1694 de
155 1645 464 1699 Weezhusen,
502 1653 599 1693 tum
636 1645 938 1698 scholastico,
985 1646 1120 1693 modo
1159 1646 1354 1698 decano,
1403 1653 1448 1692 et
1486 1646 1682 1707 Georgio
1721 1647 1776 1694 de
1815 1646 2114 1700 Schvalbach‚
2155 1662 2231 1693 cu-

0 1733 5 1754 ·
66 1718 188 1766 stodi
222 1717 428 1765 ecclesiae
452 1715 696 1780 Spirensis.
772 1724 968 1779 uterque
1006 1718 1185 1780 integer
1221 1724 1268 1764 et
1304 1717 1547 1779 inculpata}
1587 1719 1732 1770 samae,
1772 1725 1969 1781 uterque
2007 1718 2229 1779 benignus

68 1796 117 1837 et
161 1789 429 1852 hospitalis,
470 1789 672 1852 'uterque
719 1791 842 1836 inter
886 1789 1049 1836 doctos
1098 1789 1462 1836 annumerandus
1509 1797 1553 1835 et
1600 1790 1766 1837 sciendi
1816 1791 2079 1836 studiosus:
2127 1805 2229 1836 nam

64 1862 140 1910 hic
173 1874 385 1923 magnam
420 1861 533 1908 iuris
569 1863 779 1923 peritiam
817 1875 867 1907 se
903 1868 1188 1923 praeceptore
1224 1861 1398 1913 hausit,
1451 1860 1525 1907 ille
1571 1861 1626 1909 ab
1664 1862 1792 1908 Italia
1840 1862 2019 1908 rediens
2068 1869 2228 1908 auctus

65 1933 291 1994 elegantia
326 1933 501 1980 dicendi
537 1939 585 1980 et
621 1933 841 1995 sapientia
878 1934 991 1980 iuris
1029 1934 1210 1980 nemine
1247 1939 1482 1994 praeeunte
1522 1933 1677 1980 Graece
1704 1935 1945 1980 etiamnum
1971 1932 2118 1984 discit,
2162 1940 2229 1980 tot

0 2055 3 2065 .
64 2004 197 2052 undis
231 2005 527 2066 negotiorum
564 2004 774 2052 obrutus.
848 2004 902 2051 Hi
938 2005 1028 2052 duo
1066 2004 1272 2066 praefecti
1296 2004 1585 2065 cognitioni,
1627 2020 1884 2067 quanquam
1911 2005 2130 2065 Georgius
2165 2005 2220 2051 de
2240 2019 2343 2060 §.a

0 2067 7 2133 Ξ
66 2075 346 2124 Schvalbach
381 2090 500 2124 onus
535 2091 640 2124 mox
676 2092 702 2124 a
738 2090 788 2123 se
825 2076 1005 2128 reiecit,
1055 2083 1262 2123 metuens
1309 2091 1334 2122 a
1382 2076 1514 2123 nobis
1563 2077 1908 2138 sycophantias,
1958 2091 2014 2122 ne
2053 2077 2142 2138 ipsi
2178 2084 2230 2123 ut

0 2135 193 2217 {innovo
229 2149 449 2196 canonico
487 2149 568 2210 qui
603 2148 707 2195 lites
745 2148 966 2194 indiceret
1003 2147 1357 2200 subornaretur,
1396 2149 1515 2194 sicut
1552 2147 1683 2195 facile
1721 2149 1862 2196 cuivis
1900 2155 1946 2194 et
1984 2149 2137 2209 quavis
2175 2149 2228 2194 de

0 2218 6 2283 ξ
64 2233 201 2268 causa
235 2220 374 2267 indici
407 2226 627 2283 possunt;
675 2234 832 2267 verum
869 2226 921 2266 ut
957 2219 1237 2282 splendidior
1274 2219 1547 2281 Triumphus
1594 2226 1741 2272 esset,
1791 2219 1959 2266 abusus
2010 2234 2109 2266 sum
2147 2234 2228 2266 no-

0 2287 6 2335 3
65 2293 188 2339 mine
219 2290 347 2339 illius
384 2307 439 2340 ac
472 2293 512 2339 si
547 2291 834 2339 interfuisset
869 2293 1092 2339 universae
1129 2291 1403 2354 cognitioni,
1453 2291 1614 2338 deinde
1652 2297 1698 2338 et
1735 2291 1986 2340 sententiae.
2059 2291 2342 2352 Adiun-§,55‚

0 2383 5 2410 :
66 2371 168 2412 ctus
204 2371 278 2411 est
311 2363 549 2426 Philippus
585 2364 642 2411 de
678 2363 953 2416 Flersheim,
993 2369 1153 2410 cantor
1190 2370 1236 2410 et
1273 2365 1542 2415 canonicus,
1581 2371 1634 2409 ut
1671 2363 1810 2409 semel
1847 2363 2014 2414 dicam,
2055 2363 2229 2409 similli-

65 2449 168 2483 mus
191 2434 520 2498 subdelegatis,
557 2435 614 2482 de
651 2435 816 2497 quibus
853 2435 988 2482 modo
1028 2435 1261 2482 audivisti:
1301 2442 1371 2481 est
1409 2442 1628 2497 praeterea
1666 2435 2045 2481 mansuetissimae
2084 2437 2230 2495 gravi·

5 2508 193 2560 aetatis,
229 2508 491 2555 autoritatis
526 2509 648 2555 inter
682 2521 899 2569 proceres
936 2506 1148 2568 egregiae,
1188 2514 1233 2553 et
1271 2506 1576 2568 transigendis
1614 2506 1770 2553 litibus
1809 2506 2010 2568 optimus
2047 2506 2228 2558 arbiter,

67 2579 129 2626 ita
164 2584 219 2626 ut
253 2594 280 2627 a
315 2578 523 2642 patribus
560 2578 735 2626 ordinis
772 2580 844 2625 vix
881 2579 1059 2626 tandem
1108 2585 1319 2626 exoratus
1369 2584 1604 2640 assumpto
1641 2578 1806 2625 Ioanne
1846 2578 2006 2638 vigilio
2052 2585 2099 2624 et
2137 2578 2229 2638 Sy-

66 2663 200 2698 mone
235 2650 442 2712 Rybisen
477 2652 598 2697 iuris
625 2653 866 2711 utriusque
897 2652 1080 2698 doctore
1114 2665 1173 2696 ac
1206 2652 1358 2697 sancti
1395 2651 1611 2697 Gnidonis
1642 2650 1876 2710 Spirensis
1912 2651 2085 2695 decano
2124 2665 2231 2697 con-

66 2721 266 2770 cordiam
314 2736 492 2785 aequam
539 2722 757 2770 sancierit
814 2724 934 2771 inter
979 2722 1084 2770 illos
1133 2729 1179 2769 et
1226 2723 1517 2770 Franciscnm
1564 2721 1900 2783 Sickingerum,
1960 2736 2092 2782 quam
2151 2723 2231 2767 sti-

66 2792 292 2856 pulatam,
339 2793 654 2842 confirmatam
700 2794 982 2846 iuramento,
1039 2793 1186 2841 literis
1235 2801 1282 2841 et
1329 2796 1474 2855 signis
1525 2794 1906 2841 monasteriorum
1959 2793 2229 2854 publicatam

0 2873 56 2914 v1³6
73 2864 341 2913 rescidimus
401 2866 777 2929 prudentissime,
837 2868 1051 2928 quoniam
1097 2865 1322 2914 Erostrati
1370 2866 1527 2927 gloriae
1583 2865 1789 2912 nonnihil
1836 2865 2092 2911 decesserat
2149 2878 2231 2926 per
2351 2919 2355 2923 ³

11 2994 18 3002 .
67 2950 181 2984 eam.
250 2937 463 2986 Interfuit
508 2945 556 2986 et
594 2938 787 2986 lodocus
831 2937 1007 2991 Gallus,
1059 2938 1301 2999 theologus
1348 2938 1509 2985 doctus
1558 2944 1604 2984 et
1651 2937 1897 2998 eloquenS‚
1950 2936 2027 2998 qui
2072 2938 2224 2984 nescio
2241 2941 2344 2983 §.56.

178 3091 198 3120 ⁸
227 3092 304 3136 cf.
323 3093 490 3136 Graeca
509 3082 739 3144 Ἄδακρυς
769 3092 901 3147 νίκη,
924 3083 1155 3146 ’Ἀδακρυς
1185 3086 1412 3147 πόλεμος,
1450 3083 1757 3146 Ἄναίμακτον
1789 3085 1950 3144 ἔστησε
1981 3091 2229 3143 τροπαῖον.

15 3164 21 3201 Ϊ
70 3163 227 3208 Zenob.
250 3165 287 3208 1.
309 3163 381 3207 28.
404 3171 487 3209 ete.
601 3162 620 3190 ⁴
659 3164 732 3205 Cf.
764 3163 1015 3206 Reuchlini
1055 3164 1114 3206 ad
1147 3164 1414 3206 Grimanum
1454 3178 1526 3218 ep.
1558 3163 1600 3205 d.
1634 3162 1728 3204 kal.
1763 3162 2006 3213 Quintilib.
2040 3175 2082 3203 a.
2109 3161 2229 3203 1515.

14 3230 24 3247 ’
69 3236 192 3291 apud
219 3236 519 3279 Friedloender
547 3235 579 3278 l.
602 3249 642 3277 c.
664 3249 707 3290 p.
731 3233 908 3277 56...58.
999 3232 1085 3263 ¹⁷4⁸
1114 3235 1343 3277 Truchses
1375 3236 1430 3278 de
1460 3234 1767 3278 Vuesthusem
1799 3236 1839 3276 4.
1937 3234 2231 3276 Schualbach

14 3354 27 3359 „
69 3309 169 3350 edd.
263 3306 301 3335 ²¹
331 3320 383 3350 se
412 3305 571 3363 praee]
604 3298 970 3355 αὐτοδίδακτος.
1079 3306 1116 3334 ⁸⁰
1145 3307 1264 3348 Phil.
1289 3307 1345 3348 de
1367 3306 1628 3349 Flersheim
1659 3306 2001 3360 Heidelbergoe,
2033 3307 2232 3348 Lovanii

16 3366 25 3422 f
69 3378 356 3434 Parisiisque
386 3378 561 3421 litteris
593 3378 790 3431 studuit,
825 3391 866 3420 a.
892 3377 1015 3424 1504.
1038 3378 1252 3420 Heidelb.
1277 3382 1557 3420 rectoratum
1588 3378 1755 3434 gessit,
1790 3391 1832 3419 a.
1858 3375 1981 3421 1529.
2011 3379 2112 3432 ipse
2135 3378 2232 3432 Spi-

20 3432 25 3447 ⁸
68 3452 219 3493 renuis
251 3451 449 3493 antistes
481 3450 658 3493 electus
691 3453 775 3492 est.
800 3450 830 3499 †
862 3463 904 3491 a.
931 3449 1054 3491 1552.
1090 3450 1162 3491 Cf.
1185 3449 1362 3491 Schwab
1394 3449 1560 3503 syllab.
1593 3453 1758 3491 rector.
1781 3449 2000 3491 Heidelb.
2032 3451 2070 3491 Ι.
2091 3464 2136 3504 p.
2158 3449 2228 3491 83.

18 3501 25 3519 Ἰ
69 3520 109 3550 ²⁹
136 3527 367 3578 praeterea
395 3524 512 3565 omis.
534 3524 578 3564 2.
665 3520 704 3548 ⁸⁰
736 3521 925 3575 egregie
956 3524 998 3563 2.
1088 3519 1123 3547 ⁸¹
1154 3522 1352 3563 Ioannes
1383 3521 1583 3576 Vigilius
1615 3519 1854 3575 (W'acker)
1886 3521 1941 3563 de
1974 3521 2230 3570 Sunsheim‚

43 3623 45 3629 ,
70 3592 164 3636 ΔΑ.
186 3595 248 3636 Μ.
269 3594 361 3638 Iur.
383 3597 470 3638 utr.
493 3593 570 3636 lic.
596 3597 642 3635 et
661 3594 718 3635 D.
746 3591 870 3634 1480.
895 3592 1149 3634 studiorum
1182 3605 1326 3635 causa
1356 3592 1720 3649 Heidelbergam
1750 3594 1893 3646 venit,
1927 3594 2006 3635 ubi
2038 3608 2078 3636 a.
2104 3592 2227 3636 1492.

40 3704 44 3727 ὲ
74 3663 197 3708 1500.
219 3668 501 3708 reetoratum
531 3665 693 3719 gessit.
728 3664 789 3707 cf.
812 3663 989 3706 Sclnvab
1031 3663 1061 3704 l.
1094 3678 1133 3706 c.
1156 3678 1199 3719 p.
1224 3664 1292 3706 77.
1315 3677 1379 3719 sq.
1497 3664 1583 3692 ΒΜ*
1615 3666 1782 3720 Symon
1812 3665 2016 3719 Rybisen
2047 3665 2230 3718 (lieibei-

70 3737 167 3791 een)
196 3737 237 3780 Ι.
256 3738 312 3781 V.
332 3738 391 3779 D.
423 3750 468 3780 a.
495 3735 618 3778 1503.
654 3740 807 3777 rector
825 3734 1061 3779 Heildelb.
1098 3736 1159 3777 cf.
1183 3735 1359 3778 Schwab
1390 3735 1418 3781 l.
1444 3750 1483 3779 c.
1506 3752 1549 3792 p.
1573 3736 1642 3781 83.
1758 3739 1847 3780 Pro
1881 3742 1927 3780 et
1957 3739 2152 3792 Symone

72 3807 249 3852 decano
278 3811 323 3851 in
353 3811 502 3851 1.2.4.
524 3812 588 3850 est
620 3811 667 3849 et
698 3806 791 3850 alio
822 3809 1053 3863 quopiam.
1142 3806 1179 3834 ³⁸
1210 3807 1541 3864 Syckingerum
1570 3813 1612 3852 2.
1731 3807 2014 3864 stipulatam]
2046 3811 2227 3862 passive,

67 3892 152 3934 pro
184 3880 243 3922 ab
272 3884 468 3935 utraque
499 3883 632 3935 parte
663 3879 804 3922 elaris
832 3880 989 3923 verbis
1021 3893 1284 3934 expressam
1317 3883 1364 3922 et
1402 3885 1658 3936 acceptam.
1776 3880 1813 3907 ³⁸
1843 3881 2035 3922 Iodocus
2069 3880 2227 3921 Gallus

73 3949 244 4006 (Halm)
274 3952 605 4005 Rubeacensis,
639 3957 733 3995 nat.
761 3950 883 3995 1459.
906 3952 1238 4007 Wimphelingi
1269 3952 1544 4007 discipulus,
1578 3952 1806 3994 Pellicani
1840 3951 2113 4004 avunculus,
2149 3965 2225 3994 an—
