2456 4264
224 215 345 272 456
463 237 630 268 ORATIO
654 234 879 264 FVNEBRIS
904 235 949 261 IN
975 234 1159 261 LAVDEM
1182 233 1372 261 IOANNIS
1394 233 1622 261 CERDONIS
1647 233 1683 261 S.
1706 233 1998 262 VADEMECVM.
2021 234 2121 264 ETC.

223 366 402 434 ξίῗῇζῖξξἻ
441 371 537 414 eius
575 368 846 418 socialitate,
895 365 981 411 suit
1018 365 1152 411 homo
1191 365 1414 424 benignus
1451 370 1497 410 et
1533 364 1756 411 salutabat
1790 367 1996 414 homines
2032 369 2078 414 in
2115 368 2183 413 via
2217 368 2359 414 liben-

226 450 295 488 ter
331 448 375 486 et
412 438 659 499 deponebat
695 437 935 497 pirretum,
983 435 1101 481 docti
1141 437 1299 495 capitis
1348 437 1551 494 signum,
1601 436 1777 496 quando
1825 438 2014 499 honeste
2065 444 2211 485 tamen
2258 453 2360 500 per·

226 525 334 570 sone
371 509 496 570 prius
534 508 864 568 deposuerunt,
904 512 950 552 et
984 505 1255 566 loquebatur
1291 520 1391 551 cum
1430 506 1493 550 eis
1530 505 1575 550 in
1612 507 1802 553 ecclesia
1837 514 1883 553 et
1917 510 1963 554 in
1988 509 2147 569 platea,
2187 516 2231 554 et
2255 524 2361 569 por-

224 580 398 640 rigebat
435 577 587 623 multis
627 577 767 623 obviis
806 590 1001 623 manum.
1058 576 1252 621 libenter
1298 575 1559 622 comedebat
1595 577 1808 623 invitatus
1845 577 1891 623 in
1927 579 2128 631 civitate,
2176 579 2362 625 curabat

225 653 267 696 in
305 662 455 695 mensa
492 648 712 693 neminem
749 646 914 693 habere
952 663 975 693 a
1013 647 1200 698 dextris,
1240 653 1284 691 et
1321 648 1366 691 in
1405 659 1514 707 cena
1551 647 1652 707 plus
1692 662 1823 708 quam
1860 650 1906 694 in
1943 649 2129 709 prandio
2167 650 2361 701 bibebat,
2385 663 2404 694 5

224 726 408 780 excepto
446 719 633 779 prandio
670 718 928 764 Aristotelis
966 716 1255 778 philosophie
1293 717 1559 778 monarche,
1607 717 1684 764 ubi
1716 717 1900 765 bibebat
1946 733 2122 781 semper
2169 721 2222 766 de
2275 734 2364 765 me-

225 791 363 841 liore,
413 790 534 850 quod
583 795 799 850 quattuor
845 789 999 835 famuli
1045 802 1145 834 eum
1193 788 1372 833 domum
1417 787 1662 840 ducebant,
1711 789 1815 850 quia
1850 789 1896 835 in
1933 804 2048 836 anno
2088 791 2225 836 semel
2261 791 2366 837 licet

227 861 444 911 insanire,
483 859 551 906 vel
588 866 640 906 ut
676 860 893 906 Bohecius
931 860 1060 910 dicit,
1099 859 1144 905 in
1182 872 1333 904 mense
1371 858 1520 904 semel.
1595 859 1796 906 Habebat
1832 873 1940 921 ergo
1978 861 2066 907 duo
2106 875 2284 922 semper
2320 863 2365 906 in

226 942 400 974 rroverbia.
429 925 434 995 l
476 945 553 977 ore
590 931 841 991 proverbia,
878 931 1072 976 Primum
1113 929 1288 975 ‘Vinum
1313 930 1465 976 datum
1491 932 1632 989 gratis
1656 930 1774 976 valet
1796 938 1954 977 contra
1980 927 2162 983 febres’,
2200 931 2366 978 Secun-

229 1005 333 1049 dum
371 1008 440 1047 est
477 1002 529 1047 de
565 1003 711 1062 primo
750 1002 804 1047 ad
830 1001 1033 1047 ultimum
1075 1000 1172 1057 ‘Qui
1197 1001 1310 1047 bene
1336 1007 1499 1052 cantat,
1538 1000 1651 1047 bene
1676 1000 1804 1055 bibit,
1845 1003 1922 1062 qui
1947 1002 2062 1048 bene
2085 1002 2212 1053 bibit,
2249 1002 2424 1049 beneio

230 1074 408 1125 dormit,
450 1074 526 1133 qui
553 1072 667 1118 bene
693 1072 871 1123 dormit,
899 1086 988 1118 non
1016 1079 1194 1133 peccat:
1234 1086 1343 1132 ergo
1371 1078 1615 1123 cantemus,
1654 1071 1873 1123 bibamus,
1911 1073 2182 1119 dormiamus
2209 1079 2254 1119 et
2279 1087 2368 1119 non

230 1138 506 1206 peccamus’:
554 1143 694 1188 movit
741 1157 848 1204 sepe
896 1149 998 1190 actu
1036 1143 1298 1203 regentibus
1336 1149 1381 1188 et
1418 1142 1610 1189 dominis
1648 1142 1904 1189 senioribus
1940 1143 2012 1189 his
2048 1144 2177 1190 dictis
2214 1145 2369 1190 risum.

231 1209 452 1278 newsum}
492 1214 701 1275 Preterea
740 1214 896 1259 habuit
933 1214 1133 1260 habitum
1172 1214 1436 1259 honestum:
1475 1228 1565 1259 non
1601 1216 1800 1275 portavit
1824 1215 2064 1265 hassucas,
2103 1216 2219 1260 sicut
2243 1214 2371 1260 multi

233 1289 319 1332 iam
356 1283 550 1336 faciunt,
588 1298 672 1330 nec
709 1286 851 1345 pireta
889 1299 988 1331 eum
1027 1284 1273 1345 stulpibus,
1322 1298 1402 1330 nec
1442 1285 1633 1330 tunicam
1681 1284 1867 1332 manicis
1905 1287 2097 1346 apertis;
2147 1285 2201 1331 Et
2239 1285 2372 1331 etiam

235 1354 463 1415 simplices
503 1355 690 1407 calceos,
730 1369 819 1401 non
858 1362 1095 1408 rostratos,
1135 1357 1252 1401 sicut
1289 1356 1473 1416 superbi
1513 1356 1696 1402 faciunt.
1767 1356 1872 1402 Fuit
1908 1370 2067 1418 magne
2093 1355 2374 1402 auctoritatis
2396 1364 2430 1396 15

236 1430 394 1488 postea
441 1426 587 1472 sactus
635 1427 680 1471 in
728 1426 840 1472 alma
887 1433 1043 1472 nostra
1081 1426 1395 1479 universitate,
1443 1427 1671 1487 promovit
1715 1425 1883 1473 multos
1931 1427 1984 1473 ad
2031 1427 2219 1487 gradus;
2265 1426 2377 1487 legit

234 1491 415 1557 {fagi-⁰⁸³·
445 1493 449 1560 Ι
491 1499 622 1543 etiam
661 1497 705 1542 in
745 1497 857 1543 alma
893 1504 1047 1543 nostra
1085 1497 1377 1544 universitate
1415 1497 1666 1544 formaliter
1700 1503 1746 1543 et
1782 1498 2019 1544 voce-alta
2056 1504 2102 1544 et
2138 1497 2375 1558 aliquando

237 1581 420 1628 grossa,
470 1567 647 1628 quando
688 1567 855 1628 incepit
891 1568 1109 1614 Exercitia
1146 1568 1525 1630 pregnantissima
1561 1569 1616 1614 ad
1651 1582 1836 1629 pennas.
1910 1568 1995 1615 suit
2030 1568 2190 1615 doctus
2229 1568 2274 1613 in
2311 1569 2378 1613 via

237 1640 405 1698 Thome
444 1645 488 1683 et
525 1638 657 1684 etiam
695 1638 1033 1690 Modernorum,
1074 1652 1163 1700 que
1200 1647 1347 1685 tamen
1386 1646 1492 1685 sunt
1529 1639 1618 1685 duo
1657 1639 1907 1692 contraria;
1955 1639 2172 1700 Copulata
2213 1638 2380 1685 sciebat

238 1717 284 1756 et
319 1708 460 1755 multa
486 1710 704 1768 Arguitur
740 1710 865 1769 quasi
901 1710 1183 1762 memoriter;
1220 1710 1450 1756 Nicolaum
1488 1710 1542 1756 de
1567 1709 1765 1756 Wesalia
1803 1716 1848 1756 et
1882 1709 2067 1756 Maufelt
2103 1716 2149 1755 et
2184 1709 2378 1769 Usingen
2394 1718 2436 1750 20

238 1781 284 1825 in
321 1780 472 1840 loyca,
522 1779 777 1840 Composita
824 1780 1091 1832 verborum,
1142 1782 1357 1827 Antoren]
1406 1781 1641 1827 modorum
1687 1781 1966 1840 significandi
2005 1787 2049 1826 et
2084 1780 2383 1826 Alexandrum

240 1851 411 1897 Gallum
449 1850 712 1896 monachum
751 1850 1100 1897 famosissimum
1138 1852 1183 1896 in
1223 1851 1515 1898 Grammatica
1552 1866 1636 1913 pro
1675 1851 2008 1913 specialissimis
2044 1850 2281 1897 autoribus
2319 1857 2384 1896 te-

239 1915 445 1981 ssffffgfflfsfui‘
482 1917 486 1983 Ι
527 1919 672 1966 nebat.
747 1921 911 1967 Habuit
948 1935 1099 1968 vocem
1139 1921 1334 1968 tubalem
1373 1929 1420 1969 et
1455 1922 1543 1968 fuit
1578 1937 1696 1969 unus
1742 1928 1901 1970 cantor
1945 1924 1992 1968 in
2035 1928 2170 1969 cantu
2223 1935 2385 1982 grego-

240 1995 391 2045 riano;
430 1991 714 2052 figurativum
752 1998 899 2038 autem
938 1993 1136 2045 odiebat,
1176 1993 1280 2054 quia
1316 1993 1501 2055 impedit
1538 1994 1740 2040 homines
1776 1994 1823 2041 in
1860 1993 2010 2039 studio
2049 2000 2095 2040 et
2130 1993 2383 2041 devotione.

239 2064 346 2109 Erat
381 2062 587 2108 inimicus
625 2068 670 2107 et
705 2063 848 2109 hostis
886 2069 1146 2125 poetarum,
1195 2066 1300 2125 quia
1344 2078 1500 2110 novam
1549 2071 1686 2126 atque
1731 2063 1980 2112 mirabilem
2015 2063 2282 2110 latinitatem
2320 2063 2383 2109 fa·
2398 2071 2440 2103 ‘25

243 2136 367 2180 ciunt
404 2140 449 2179 et
485 2133 735 2194 loquuntur
772 2134 889 2180 sieut
926 2135 1104 2182 diseunt
1142 2149 1194 2181 ex
1231 2136 1608 2188 modernioribus,
1645 2135 1882 2187 Cicerone,
1931 2135 2170 2182 Therentio
2209 2140 2255 2180 et
2291 2134 2388 2180 Vir-

243 2204 378 2265 gilio,
427 2210 471 2249 et
519 2206 556 2250 si
605 2204 773 2250 domini
820 2204 983 2266 reliqui
1032 2212 1134 2253 actu
1182 2214 1390 2267 regentes
1441 2214 1486 2253 et
1531 2208 1676 2268 capita
1726 2207 1921 2253 fuissent
1957 2205 2161 2253 obsecuti
2198 2205 2386 2252 consilio

244 2290 351 2327 suo,
403 2281 510 2320 tunc
555 2276 641 2336 iste
689 2275 840 2337 fabule
887 2291 978 2323 non
1026 2278 1087 2323 ita
1133 2277 1324 2324 multum
1369 2279 1616 2325 crevissent
1652 2280 1697 2324 in
1734 2284 1892 2324 nostra
1929 2276 2043 2323 alma
2078 2276 2387 2327 universitate,

246 2348 347 2407 quia
369 2345 471 2406 ‘iam
510 2359 663 2391 omncs
700 2346 857 2393 volunt
893 2348 1076 2394 studere
1112 2355 1295 2410 poetas:
1345 2349 1423 2395 sed
1469 2349 1630 2396 melius
1677 2355 1798 2396 esset
1844 2355 1897 2395 ut
1933 2348 2167 2395 studerent
2204 2346 2391 2393 Alexan-

246 2417 399 2467 drum,
446 2416 753 2477 Propertium,
803 2418 1080 2466 Priscianum
1115 2420 1388 2481 Petrumque
1425 2420 1684 2482 Hispanum.
1758 2420 1840 2467 Hic
1887 2426 2034 2465 tamen
2071 2433 2154 2480 pro
2192 2417 2387 2465 utilitate
2404 2425 2446 2458 30

247 2481 489 2552 ξξὲξζζξῃῗῖῗὲώ
516 2482 521 2550 Ι
564 2487 838 2534 audientium
875 2489 977 2536 volo
1018 2490 1194 2538 solvere
1230 2506 1369 2537 unum
1396 2505 1607 2551 magnum
1631 2497 1945 2551 argumentum
1971 2505 2054 2552 pro
2081 2489 2392 2537 consolatione

249 2558 470 2604 bonorum
508 2558 781 2612 studentum,
820 2562 925 2622 quia
963 2561 1117 2608 dicunt
1151 2562 1218 2608 illi
1258 2563 1378 2624 quod
1415 2562 1580 2624 aliquis
1616 2577 1707 2608 non
1733 2569 1888 2623 posset
1913 2561 2166 2622 intelligere
2189 2566 2393 2606 sanctum

250 2629 550 2688 Augustinum
587 2643 734 2691 neque
772 2638 974 2680 sanctum
1013 2633 1312 2680 lheronimum
1350 2647 1497 2695 neque
1533 2633 1762 2700 Egidium‚
1809 2634 1886 2694 qui
1933 2647 2023 2679 non
2074 2632 2184 2692 legit
2220 2636 2392 2693 poetas.

364 2780 382 2807 4
410 2780 632 2826 tfimebebat
655 2785 695 2826 1.
753 2782 770 2809 θ
800 2782 959 2837 aristo.
980 2784 1062 2838 vbi.
1087 2788 1126 2826 1.
1160 2787 1225 2839 Cf.
1248 2791 1330 2828 art.
1353 2785 1599 2828 Prandium
1618 2785 1757 2827 Arist.
1818 2783 1853 2811 ¹¹
1883 2792 2099 2830 mutamus
2123 2787 2161 2828 1.
2223 2782 2256 2809 ¹³
2287 2782 2396 2824 cha·.

255 2852 438 2894 sublas?
472 2853 628 2894 Gallice
661 2852 895 2906 chasuble,
929 2855 1030 2899 Ital.
1054 2856 1276 2910 casipola.
1383 2855 1421 2883 ²⁰
1449 2856 1691 2899 Nicolaum
1722 2856 1777 2897 de
1807 2855 2016 2897 Wesalia
2045 2869 2136 2897 non
2165 2855 2285 2905 novi,
2318 2867 2395 2894 ne-

256 2936 340 2976 que
373 2924 517 2965 ausim
547 2925 599 2964 de
640 2925 905 2978 Westplzalia
933 2939 1115 2980 ponere,
1147 2930 1198 2967 ut
1226 2926 1443 2969 Nicolaus
1475 2926 1531 2968 de
1563 2927 1749 2979 Susato,
1784 2927 2096 2978 Quaestionum
2126 2926 2175 2966 in
2205 2925 2395 2966 Senten-

257 2995 422 3033 tiarum
451 2993 593 3034 libros
625 2998 671 3035 et
693 2994 957 3037 Sermonum
986 2997 1226 3039 multorum
1258 3002 1418 3040 auctor
1449 2997 1522 3051 (de
1546 3011 1632 3052 quo
1654 2997 1746 3039 vid.
1770 2997 1988 3038 Trithem.
2013 2999 2060 3037 et
2079 2996 2262 3039 Fabric.
2284 2993 2397 3035 bibl.

258 3063 374 3104 med.
405 3059 493 3105 aev'i
521 3065 577 3105 V.
605 3078 649 3118 p.
680 3064 802 3118 389.)
840 3068 1137 3123 intellegatur
1174 3069 1217 3113 h.
1250 3069 1279 3111 l.
1318 3069 1550 3110 laudatus.
1611 3069 1682 3110 De
1721 3067 1948 3109 Maufelto
1995 3067 2091 3109 sive
2139 3065 2397 3116 Maulfesto,

258 3137 309 3173 ut
346 3133 497 3186 paullo
535 3135 656 3176 infra
694 3137 910 3190 scriptum
942 3141 1012 3180 est
1051 3140 1109 3180 cf.
1144 3143 1230 3181 art.
1260 3141 1436 3184 NiaviS.
1495 3139 1857 3182 Bartholomaeus
1886 3138 2076 3180 Amoldi
2107 3137 2397 3191 Usingensis,

262 3205 452 3244 eremita
488 3204 870 3261 Augustinianus,
911 3210 1087 3251 Erfurti
1126 3224 1166 3252 a.
1200 3210 1322 3252 1491.
1355 3212 1577 3265 magister
1620 3211 1773 3252 faetus
1810 3215 1972 3264 postea
2017 3207 2297 3260 theologiam
2334 3206 2401 3246 ibi

262 3274 429 3326 docuit,
464 3278 510 3315 et
539 3277 658 3317 inter
688 3278 804 3320 alios
834 3279 975 3321 libros
1008 3282 1153 3322 etiam.
1175 3282 1401 3336 logicales
1432 3281 1631 3336 scripsit,
1665 3293 1874 3334 annoque
1903 3278 2028 3321 1532.
2051 3278 2295 3320 defunctus
2317 3279 2399 3318 est.

260 3342 295 3370 ²¹
329 3343 534 3398 Compos.
567 3347 763 3402 verbor.]
798 3350 856 3401 ef.
880 3356 962 3391 art.
997 3351 1199 3394 Sinthen.
1288 3351 1523 3408 Autorem]
1557 3350 1736 3405 &muni
1763 3354 1802 3393 1.
1836 3352 2005 3395 cf.·art.
2035 3344 2194 3391 Modus
2225 3346 2400 3402 signifi-

265 3415 414 3457 candi.
510 3415 655 3470 Alex.]
690 3418 753 3470 Cf.
777 3426 860 3461 art.
882 3421 1010 3462 Alex.
1035 3423 1089 3463 de
1121 3422 1234 3464 villa
1265 3423 1353 3464 dei.
1468 3421 1506 3448 ²²
1537 3419 1792 3477 autoribus]
1825 3421 2042 3466 untuzihuss
2073 3423 2113 3461 1.
2227 3417 2265 3444 3⁰
2293 3419 2401 3459 Pro-

265 3486 460 3540 pertium
489 3485 639 3540 lepide
670 3488 790 3529 inter
820 3493 1141 3543 grammaticos
1173 3493 1373 3535 collocat
1403 3497 1578 3535 auctor.
1609 3493 1738 3534 illum
1767 3494 1887 3533 inter
1915 3494 2078 3546 poetas
2110 3491 2186 3544 qui
2215 3493 2311 3530 tum
2340 3488 2403 3530 le—

266 3559 482 3610 gerentur
512 3569 569 3597 ne
599 3563 819 3600 memorat
849 3562 1028 3614 quidem
1058 3564 1348 3605 Eberhardus
1378 3564 1718 3607 Bethuniensis.
1824 3562 1860 3589 ³³
1891 3558 2125 3616 Egidium]
2158 3558 2267 3600 Vult
2294 3561 2403 3611 PUtO

267 3626 452 3668 Thomae
482 3626 723 3680 Aquinatis
754 3630 965 3684 discipuli
992 3633 1175 3686 Aegidii
1206 3633 1436 3674 Columnae
1468 3647 1502 3675 s.
1534 3634 1590 3674 de
1611 3635 1778 3684 Roma,
1811 3633 1903 3674 ord.
1928 3646 2063 3675 erem.
2087 3644 2122 3671 s.
2145 3629 2401 3683 Augustini,

269 3697 604 3752 archiepiscopi
633 3698 935 3741 Bituricensis
974 3715 1028 3742 ac
1058 3703 1276 3744 Primatis
1305 3703 1585 3757 Aquitaniae,
1625 3703 1888 3745 Aristotelis
1928 3707 1974 3745 et
2001 3700 2242 3755 Aquinatis
2285 3712 2403 3740 com-

268 3769 536 3810 mentatoris
567 3782 727 3823 opera,
761 3770 815 3811 de
848 3770 970 3824 quib.
992 3771 1082 3813 vid.
1103 3772 1241 3813 Hain.
1274 3786 1316 3817 n.
1341 3772 1570 3814 107...144.
1603 3772 1904 3815 Scholasticis
1937 3773 2110 3814 ‘doctor
2139 3770 2403 3812 fundatissi-

269 3841 380 3882 mus'
412 3839 561 3882 dictus
592 3840 707 3882 obiit
737 3854 778 3883 a.
803 3840 926 3883 1316.
