2456 4264
243 290 363 349 516

1029 484 1224 532 EDITOR
1260 484 1493 532 LECTORI
1529 485 1575 531 S.

348 637 592 691 Antiquius
624 636 748 677 tertii
776 635 910 678 huius
942 649 983 689 q.
1005 650 1048 678 v.
1069 636 1381 691 Epistularum
1411 637 1703 679 obscurorum
1731 637 1931 678 virorum
1959 638 2198 680 voluminis
2228 652 2376 679 exem·

237 709 362 763 plum
395 721 528 761 quam
560 707 678 761 quod
706 707 957 761 prioribus,
990 719 1128 761 supra
1156 708 1343 762 paginis
1375 707 1521 751 1...79.
1552 711 1599 748 et
1629 706 1860 751 185...300.
1893 708 2123 762 exhibitis,
2153 709 2202 748 in
2231 709 2377 750 tribus

234 778 764 820 Pseudolondinensibus
795 777 1084 830 editionibus,
1118 782 1164 819 et
1196 792 1252 819 ea
1282 791 1381 832 quae
1412 779 1512 819 sine
1545 779 1654 818 anni
1683 778 1964 818 indicatione
1996 782 2042 818 et
2070 779 2244 820 duabus
2275 792 2375 833 quae

237 862 453 903 expresso
485 850 595 890 anni
629 847 752 890 1689.
783 861 971 889 numero
1001 848 1291 902 prodierunt,
1322 849 1517 891 sordidis
1548 849 1756 890 omnibus
1786 848 1868 889 sed
1896 847 2252 902 vulgatissimiS,
2292 864 2372 903 pa-

234 921 355 974 ginis
377 919 612 964 503...550.
646 920 861 972 accessit,
895 931 1044 973 neque
1074 919 1172 961 vidi
1201 931 1350 972 neque
1383 919 1441 960 ab
1472 918 1578 960 aliis
1608 923 1908 960 memoratum
1927 918 2044 973 legi:
2077 920 2274 960 omnium
2295 932 2372 960 au-

235 995 329 1032 tem
360 990 623 1041 editionum,
656 994 876 1044 quotquot
906 990 1059 1031 factas
1091 1002 1192 1031 esse
1225 989 1373 1031 adhuc
1403 989 1589 1043 probari
1618 993 1791 1044 potest,
1821 989 1932 1030 mihi
1963 989 2174 1042 exempla
2205 990 2264 1030 ad
2283 1003 2375 1030 ma-

237 1073 321 1101 nus
352 1064 472 1101 sunt.
514 1061 671 1114 itaque
702 1072 971 1116 persuasum
999 1060 1149 1101 habeo
1179 1060 1266 1101 hoc
1296 1061 1481 1102 tertium
1510 1059 1722 1102 volumen
1754 1064 1861 1102 ante
1893 1074 1936 1104 a.
1961 1058 2081 1101 1689.
2115 1060 2268 1114 operis
2295 1074 2374 1114 pu-

235 1131 460 1173 blicatum
490 1145 581 1172 non
611 1144 737 1183 esse,
781 1131 988 1186 quamvis
1017 1130 1487 1173 Pseudolondinensis
1525 1132 1614 1173 iste
1648 1132 1798 1172 editor
1827 1134 1986 1185 aperte
2016 1129 2133 1171 nihil
2163 1127 2380 1183 pr'aestitit

236 1203 327 1243 nisi
358 1202 476 1256 quod
506 1202 690 1244 indocte
722 1206 770 1244 et
799 1203 1043 1244 temerarie
1076 1215 1131 1243 ex
1160 1202 1324 1256 priori,
1366 1202 1483 1256 quod
1514 1202 1631 1244 forte
1663 1202 1722 1243 ad
1751 1214 1912 1243 manus
1943 1201 1987 1242 ei
2018 1201 2127 1252 fuit,
2168 1202 2372 1256 exemplo

232 1286 400 1315 novum
430 1273 679 1315 transcribi
708 1286 799 1315 non
829 1277 925 1315 tam
956 1273 1134 1316 curavit
1165 1286 1297 1327 quam
1327 1273 1549 1327 operariis
1578 1272 1806 1327 permisit:
1836 1274 1937 1314 veri
1958 1273 2075 1313 enim
2097 1271 2375 1314 simillimum

229 1344 342 1384 mihi
371 1344 567 1396 videtur,
599 1344 647 1384 in
679 1357 733 1386 eo
766 1344 1031 1399 exemplari,
1066 1344 1123 1385 ad
1155 1344 1272 1397 quod
1291 1343 1742 1386 Pseudolondinense
1773 1343 2018 1397 repetitum
2040 1347 2125 1396 est,
2157 1343 2371 1398 aliquem,

227 1415 326 1456 sive
357 1414 536 1468 aliquos
566 1414 725 1467 malis,
758 1428 897 1456 manu
925 1427 1010 1457 sua
1041 1414 1262 1469 epistolas
1292 1415 1391 1457 sive
1423 1414 1518 1456 alia
1548 1403 1803 1456 dictamina
1834 1413 1903 1467 (ut
1933 1403 2035 1455 cum
2056 1414 2276 1456 Obscuris
2305 1414 2370 1457 lo-

229 1485 360 1538 quar)
394 1485 722 1539 adscripsisse,
763 1498 865 1540 quae
902 1487 962 1528 ad
998 1486 1120 1528 idem
1160 1499 1262 1527 cum
1302 1485 1513 1540 epistulis
1542 1485 1597 1527 O.
1627 1486 1681 1527 V.
1711 1485 1935 1526 ludicrum
1964 1485 2197 1527 scribendi
2226 1498 2369 1540 genus

228 1556 457 1609 pertinere
489 1557 579 1598 sibi
608 1558 894 1608 viderentur,
927 1557 1090 1611 quibus
1122 1555 1469 1599 accessionibus
1498 1562 1592 1598 tum
1621 1556 1812 1611 primum
1841 1556 1964 1610 typis
1984 1557 2213 1610 expressis
2232 1557 2372 1598 Pseu-

229 1626 572 1670 dolondinensis
624 1628 775 1669 editor
823 1629 951 1669 tertii
1001 1628 1296 1682 epistolarum
1335 1626 1390 1668 O.
1421 1627 1475 1669 V.
1504 1627 1748 1669 voluminis
1786 1640 1950 1668 nomen
1980 1627 2127 1676 dedit,
2167 1631 2367 1668 ceterum

224 1710 281 1738 ea
317 1697 539 1739 videlicet
577 1698 877 1753 inscriptione
907 1711 1038 1752 usus,
1078 1711 1177 1752 quae
1216 1698 1322 1740 inde
1357 1698 1414 1738 ab
1447 1711 1489 1738 a.
1513 1696 1636 1738 1556.
1665 1695 1743 1751 [cf.
1766 1698 1914 1739 Indic.
1934 1697 2149 1752 bibliogr.
2171 1699 2287 1753 Epp.
2311 1698 2366 1740 O.

220 1768 275 1810 V.
298 1781 420 1810 num.
442 1768 482 1809 7.
507 1766 622 1822 sqq.]
655 1769 703 1809 in
732 1781 863 1810 usum
892 1774 1100 1811 venerat.
1159 1770 1234 1810 Ita
1263 1768 1404 1810 facile
1437 1768 1669 1822 explicatu
1697 1768 1878 1810 videtur
1908 1769 1984 1821 qui
2014 1768 2188 1810 factum
2218 1770 2282 1810 sit
2316 1773 2366 1810 ut

220 1836 293 1879 his
324 1838 602 1880 adversariis
632 1838 888 1891 litterariis,
923 1853 1023 1894 quae
1053 1839 1291 1894 peculiare
1324 1838 1521 1881 alicuius
1552 1840 1754 1880 auctoris
1784 1839 2048 1893 opusculum
2079 1839 2170 1881 dici
2197 1853 2364 1894 neque—

217 1912 312 1958 unt,
348 1909 404 1950 ab
437 1914 706 1963 argumento
738 1924 950 1953 verarum
982 1910 1275 1965 epistolarum
1306 1909 1359 1953 O.
1379 1910 1450 1961 V.,
1483 1910 1523 1951 si
1554 1923 1655 1964 cap.
1678 1908 1744 1951 13.
1767 1909 1837 1951 ed.
1860 1923 1903 1951 n.
1927 1911 2147 1965 excipias,
2181 1912 2363 1953 omnino

218 1979 408 2031 alienis,
451 1984 498 2021 et
535 1980 664 2022 locus
706 1985 752 2023 et
780 1981 949 2033 honor,
991 1982 1155 2036 quibus
1189 1981 1324 2023 hodie
1356 1981 1569 2022 inmerito
1599 1981 1826 2035 gaudent,
1866 1981 2058 2034 quodam
2097 1982 2229 2035 quasi
2265 1982 2363 2023 iure

216 2050 319 2091 dari
348 2052 566 2104 potuerit.
622 2065 730 2094 nam
759 2053 891 2095 varia
921 2057 1028 2095 sunt
1055 2053 1158 2095 haec
1188 2051 1479 2094 collectanea
1510 2055 1558 2093 et
1586 2051 1837 2105 inaequalia
1866 2053 2075 2105 interque
2107 2065 2156 2094 se
2177 2066 2267 2094 non
2289 2067 2362 2095 co-

217 2120 465 2173 haerentia,
506 2123 702 2164 diversis
743 2137 918 2177 quoque
957 2123 1239 2178 temporibus
1272 2123 1531 2178 conposita,
1568 2123 1735 2178 partim
1777 2135 1832 2164 ex
1863 2123 2194 2177 antiquioribus
2225 2124 2360 2178 quod-

218 2191 376 2234 libetis
407 2192 484 2244 (ut
515 2193 581 2234 ll.
605 2194 699 2246 12.)
732 2198 780 2235 et
818 2208 875 2236 ex
912 2195 1026 2249 ipsis
1065 2195 1278 2249 genuinis
1307 2194 1361 2237 O.
1390 2194 1446 2236 V.
1477 2194 1685 2248 epistolis
1727 2190 1809 2245 (ut
1840 2193 1929 2246 13.)
1968 2194 2245 2249 transcripta
2283 2200 2364 2237 aut

219 2264 569 2317 consarcinata,
610 2266 779 2319 partim
817 2265 886 2318 (ut
922 2266 984 2318 4.)
1022 2279 1079 2308 ex
1115 2270 1321 2308 veterum
1356 2269 1618 2320 poetarum,
1659 2264 1815 2308 Ovidii
1850 2264 2110 2318 Tibullique
2150 2267 2362 2314 maxime,

215 2346 428 2376 versuum
459 2335 667 2388 partibus
699 2341 893 2378 consuta
933 2337 1098 2391 elegiae
1137 2338 1237 2379 sine
1267 2349 1405 2378 sensu
1432 2334 1616 2390 umbra,
1653 2337 1823 2391 partim
1862 2335 1994 2377 arida
2030 2341 2135 2378 sunt
2165 2336 2362 2380 alicuius

213 2405 368 2447 tetrici
397 2406 609 2459 magistri
640 2405 709 2459 (ut
730 2405 871 2459 7.10.)
905 2407 1196 2462 inficetaeque
1226 2407 1416 2461 puerilis
1446 2408 1623 2463 ingenii
1643 2407 1888 2450 imitatoris
1907 2406 2263 2462 lucubrationes,
2294 2409 2359 2450 di·

212 2476 350 2517 cendi
371 2489 541 2530 genere
573 2477 632 2518 ad
660 2489 879 2519 nauseam
908 2490 1053 2532 usque
1085 2479 1214 2520 fatuo
1243 2479 1570 2533 inconditoque
1601 2478 1659 2520 ab
1687 2478 1768 2520 illo
1797 2491 1905 2521 vere
1935 2477 2211 2520 scholastico
2242 2480 2359 2533 prio-

215 2559 314 2587 rum
344 2546 623 2588 voluminum
655 2548 841 2589 dicendi
872 2562 1043 2603 genere
1074 2548 1211 2603 longe
1242 2549 1438 2592 diversae
1470 2553 1540 2602 et,
1579 2554 1632 2591 ut
1660 2549 1770 2591 mihi
1801 2549 1983 2602 quidem
2019 2549 2220 2598 videtur,
2260 2554 2356 2592 toto

213 2621 340 2658 certe
371 2617 543 2659 saeculo
575 2619 872 2660 recentiores.
930 2621 1150 2661 Attamen
1179 2620 1519 2675 Weislingerus
1548 2619 1757 2674 (Hutten.
1790 2619 1963 2662 delarv.
1994 2633 2037 2674 p.
2062 2619 2127 2662 14.
2150 2621 2267 2674 sqq.)
2299 2635 2355 2663 ex

206 2687 294 2729 hoc
333 2689 470 2729 tertio
507 2689 742 2731 volumine
772 2691 1027 2732 Huttenum
1068 2690 1318 2732 inlusorem
1353 2691 1659 2740 levissimum,
1698 2691 2034 2746 impiissimum,
2074 2690 2352 2733 infaustissi-

209 2771 329 2800 mum
370 2759 514 2801 fuisse
555 2760 871 2802 demonstrare
910 2761 1080 2813 voluit;
1119 2774 1268 2815 neque
1307 2761 1450 2803 multo
1488 2763 1645 2803 sanius
1674 2761 1882 2803 Miinchii
1914 2761 2050 2816 (Epp.
2073 2761 2128 2803 Ο.
2150 2763 2203 2803 V.
2229 2761 2352 2804 1827.

204 2828 266 2873 8⁰.
288 2843 332 2883 p.
354 2829 442 2882 63.)
475 2830 697 2872 iudicium
730 2834 802 2872 est
829 2830 940 2872 hoc:
981 2833 1298 2885 „Hinsiclztliclz
1328 2834 1404 2874 des
1512 2834 1672 2874 dritten
1700 2833 1870 2874 Buches
1899 2833 2024 2874 bleibt
2054 2835 2167 2875 nicht
2195 2835 2276 2875 viel
2301 2847 2352 2875 zu

201 2912 334 2954 seyen
363 2901 498 2954 iibriy.
560 2901 632 2943 Sie
666 2899 787 2956 [vult
815 2903 885 2943 die
914 2900 1083 2956 Briefe]
1115 2905 1215 2945 sind
1242 2903 1439 2956 offenbar
1467 2903 1537 2944 ein
1566 2903 1825 2957 Erzeuyniss
1853 2906 2054 2957 spdterer
2080 2904 2234 2957 Jahre,
2267 2906 2354 2947 und

201 2984 322 3012 wenn
350 2972 458 3013 auch
487 2973 595 3014 noch
624 2974 700 3014 des
727 2973 1004 3014 seelzzeknten
1032 2974 1347 3015 Jahrlzunderts
1376 2975 1463 3015 und
1490 2987 1570 3016 von
1599 2975 1826 3016 Freunden
1855 2976 1943 3016 und
1971 2975 2350 3018 Geistesverwand-

204 3046 275 3082 ten
304 3043 383 3083 der
419 3043 653 3095 Versa-§ser
681 3045 762 3085 der
789 3045 893 3085 zwei
922 3050 1065 3086 ersten
1101 3044 1266 3093 Theile,
1303 3058 1352 3087 so
1391 3046 1613 3087 err-eichen
1641 3047 1705 3087 sie
1735 3046 1926 3087 dennoclz
1954 3045 2022 3087 bei
2047 3048 2207 3087 weitem
2237 3047 2350 3088 nicht

203 3110 484 3166 dieselbe[n]‚
521 3116 665 3156 weder
702 3117 746 3155 in
774 3114 1015 3168 Erfinduny
1052 3117 1128 3156 des
1167 3116 1350 3167 Witzes,
1392 3117 1499 3158 noch
1536 3117 1579 3157 in
1624 3116 1714 3158 Ton
1754 3117 1841 3157 und
1876 3117 2111 3171 Hattuny'k
2173 3117 2262 3159 Sed
2300 3122 2348 3159 et

201 3180 299 3234 ipse
320 3183 785 3227 Pseudolondinensis
818 3185 1092 3240 exemplaris
1125 3185 1272 3227 editor
1302 3187 1409 3239 quid
1439 3187 1530 3228 sibi
1559 3186 1791 3228 voluerint
1821 3187 2119 3241 genuinarum
2148 3189 2346 3242 partium

203 3255 414 3294 auctores
453 3267 614 3307 parum
651 3256 868 3298 odoratus
899 3261 992 3298 est:
1032 3270 1137 3298 nam
1175 3261 1417 3311 postquam
1457 3257 1512 3298 de
1551 3257 1726 3299 duobus
1762 3257 1987 3311 prioribus
2024 3257 2344 3313 voluminibus,

202 3335 388 3376 quorum
419 3328 651 3367 auctorem
680 3326 984 3368 Reuchlinum
1014 3328 1158 3369 fuisse
1189 3328 1279 3369 sibi
1308 3328 1577 3382 persuaderi
1605 3341 1769 3383 passus
1791 3333 1875 3381 est,
1906 3341 1964 3370 ea
1983 3328 2222 3371 divendita
2243 3342 2343 3372 esse

198 3393 423 3447 praefatus
445 3399 529 3445 est,
560 3397 710 3450 pergit
730 3397 817 3439 hoc
838 3398 990 3440 modo:
1020 3400 1221 3448 „Placuit
1236 3400 1420 3452 proinde
1440 3413 1585 3441 novam
1604 3400 1711 3441 hanc
1731 3399 1972 3441 Editionem
1990 3401 2117 3441 tertio
2145 3402 2345 3442 volumine

200 3470 362 3504 auctam
387 3477 648 3517 procurare,
681 3481 771 3508 eum
800 3470 841 3509 in
867 3472 1003 3521 finem,
1035 3475 1080 3509 ut
1109 3475 1153 3510 et
1181 3470 1330 3511 doctus
1362 3469 1484 3511 Orbis
1514 3472 1650 3512 denuo
1680 3477 1920 3524 coynoscass
1951 3475 2118 3525 quantis
2145 3471 2343 3514 sordibus

199 3538 294 3576 olim
321 3535 526 3575 stabulum
554 3537 703 3597 Latini
730 3542 932 3591 repletum
956 3541 1105 3592 fuerit,
1139 3546 1376 3594 quantoque
1407 3544 1646 3583 constiterit
1675 3541 1842 3589 labore,
1880 3542 1986 3583 illud
2014 3555 2230 3595 purqare5
2266 3541 2341 3582 Iu-

197 3611 344 3646 ventus
372 3618 472 3646 vero
503 3608 660 3648 exinde
691 3609 734 3648 in
764 3609 921 3651 Latino
951 3624 1142 3652 sermone
1172 3613 1311 3652 diseat
1348 3613 1484 3653 vitare
1521 3613 1774 3654 soloecismos
1803 3617 1846 3653 et
1877 3612 2182 3653 Germantsmos
2209 3613 2342 3653 minus

199 3678 412 3717 decentes.
476 3676 652 3731 Utrique
683 3679 841 3719 demum
869 3681 962 3720 Deo
991 3683 1159 3733 qratias·
1188 3688 1330 3735 ayant,
1362 3684 1476 3736 quod
1501 3684 1684 3735 linquam
1712 3683 1820 3724 hanc
1848 3688 1932 3724 tam
1961 3682 2135 3724 nobilem
2170 3683 2265 3723 olim
2295 3685 2337 3723 in

194 3745 449 3789 Barbariem
474 3761 585 3802 pene
614 3761 797 3799 versam,
826 3750 1006 3801 pristino
1038 3753 1172 3792 nitori
1197 3753 1455 3793 restituerit:
1490 3754 1596 3794 Vale
1608 3752 1655 3793 .'”
