2456 4264
249 294 370 352 430
450 316 742 346 ΗοοΗεΤΒΑΤῙ
763 315 1007 344 APOLOGIAE
1029 315 1084 343 11.
1108 315 1251 343 PRAEF.
1273 314 1334 358 4¹³
1354 315 1399 345 D.
1420 315 1719 344 INGEWINKEL
1741 316 1784 344 1).
1809 309 1863 346 12.
1884 316 1991 345 AVG.
2014 316 2057 347 A.
2080 311 2177 347 1518.

237 462 528 510 presumens.
603 447 663 492 Id
712 458 825 491 sane
870 447 991 505 quod
1027 445 1228 505 (veritate
1269 445 1398 506 freti)
1446 446 1573 492 nobis
1610 447 1872 494 iamdudum
1901 450 2088 508 polliciti
2114 449 2373 508 fueramus,

247 535 346 566 eam
382 522 550 566 scilicet
584 530 668 563 nos
703 519 1016 562 construxisse
1050 519 1250 563 veritatis
1279 530 1448 574 arcem,
1483 519 1531 562 in
1557 531 1694 576 quam
1730 531 1816 563 nec
1838 521 1960 565 clari
1986 533 2070 565 nec
2092 521 2149 565 de
2177 520 2375 566 obscura

246 591 427 637 cohorte
463 591 552 635 viri
563 624 574 645 ,
614 590 746 633 immo
789 600 874 632 nec
910 588 1107 634 mundus
1153 591 1297 634 omnis
1344 590 1462 633 citra
1500 588 1575 633 dei
1606 589 1900 647 offensionem
1936 595 2071 650 atque
2104 591 2376 637 universalis

243 663 429 715 ecclesie
461 660 731 705 scandalum
767 660 1007 718 quicquam
1040 664 1207 717 posset.
1281 659 1378 704 Nec
1415 671 1499 704 nos
1542 671 1650 717 spes
1691 662 1772 705 illa
1811 660 1982 719 fallere
2017 666 2227 720 poterat,
2279 667 2374 706 tum

242 732 363 791 quod
391 731 561 790 fortior
594 731 649 775 sit
682 731 881 775 omnium
914 732 1105 785 veritas,
1148 735 1243 774 tum
1287 730 1408 789 quod
1453 731 1495 775 ei
1522 729 1703 788 fuimus
1733 737 1776 776 et
1808 743 1966 777 sumus
1993 733 2148 777 innixi
2171 734 2366 790 scriptu·
2392 745 2413 777 5

241 816 404 847 rarum
434 801 723 861 fundamini,
772 802 850 845 cui
881 812 1011 846 nemo
1046 801 1423 846 adversariorum
1459 802 1690 846 resistere¹
1699 807 1862 860 potest.
1934 802 2172 847 Addamus
2199 814 2374 862 quoque

239 873 361 932 quod
388 886 469 918 cor
505 877 711 918 nostrum
742 872 996 917 nullatenus
1032 884 1116 916 nos
1150 871 1462 931 reprehendat
1493 873 1541 916 in
1575 874 1734 931 quovis
1764 884 1922 918 eorum
1946 886 2034 932 que
2058 873 2262 932 Capnion
2286 873 2372 917 du-

241 944 346 989 dum
382 948 474 989 tum
506 945 554 988 in
586 943 730 988 libello
760 955 844 988 suo
879 943 1201 1003 appellatorio,
1252 947 1344 988 tum
1378 944 1426 987 in
1458 954 1544 987 sua
1578 941 1793 1001 fabulosa
1826 943 2020 999 Cabula,
2058 949 2192 1004 atque
2225 957 2373 1003 supra

240 1029 377 1073 quam
408 1016 622 1074 cuiquam
659 1012 870 1059 credibile
905 1019 973 1059 est
1004 1025 1225 1069 erronea,
1270 1019 1315 1058 et
1351 1014 1589 1058 novissime
1624 1014 1673 1058 in
1705 1015 2016 1060 maledictoria'
2048 1027 2135 1060 sua
2170 1013 2276 1074 (que
2311 1012 2377 1058 ad

236 1097 505 1144 qenerosum
538 1087 740 1130 comitem
776 1085 832 1130 de
866 1085 1060 1130 Nuenar
1097 1084 1188 1130 hac
1220 1090 1361 1139 estate
1395 1086 1570 1143 scripta
1605 1081 1686 1147 est)
1721 1087 1923 1144 epistola,
1963 1087 2158 1143 turpiter
2190 1085 2367 1143 effudit.
2387 1100 2428 1133 ιο

243 1156 390 1201 Taceo
423 1157 546 1216 quod
570 1158 667 1202 eius
696 1157 829 1201 etiam
863 1155 1136 1215 infrunitam
1177 1155 1242 1200 ad
1282 1155 1640 1200 maledicendum
1670 1155 1937 1214 facilitatem
1972 1158 2020 1200 in
2053 1161 2211 1201 nostra
2246 1155 2371 1214 Apo-

239 1228 356 1286 loqia
379 1230 540 1286 prima
574 1239 716 1287 usque
749 1228 864 1272 adeo
898 1228 1174 1284 deteximus,
1207 1231 1256 1271 ut
1279 1226 1425 1285 facile
1458 1226 1584 1271 nobis
1610 1238 1891 1285 persuasum
1921 1226 2193 1283 habeamus,
2230 1227 2372 1272 nemi-

237 1311 340 1343 nem
374 1301 520 1344 virum
557 1298 719 1343 bonum
756 1297 1088 1343 execrabilibus
1121 1299 1268 1356 ipsius
1295 1298 1434 1355 fidem
1478 1296 1739 1343 habiturum
1779 1298 2044 1344 maledictis.
2116 1297 2241 1343 Hinc
2277 1299 2372 1343 eius

205 1420 208 1423 ,
237 1370 385 1424 neniis
419 1383 476 1415 ac
510 1370 782 1428 turpissimis
817 1368 1050 1428 utrobique
1085 1370 1284 1413 convitiis
1324 1363 1427 1430 (que
1465 1372 1615 1413 tamen
1660 1370 1813 1414 omnia
1859 1375 1902 1415 et
1946 1369 2125 1430 sinqula
2166 1367 2371 1428 facilime

238 1442 370 1485 etiam
406 1444 524 1485 citra
561 1441 844 1485 mendacium
881 1444 924 1484 et
955 1439 1152 1484 veridice
1196 1440 1374 1484 omnino
1419 1440 1467 1483 in
1511 1452 1644 1484 suum
1688 1445 1922 1486 auctorem
1963 1441 2222 1499 retorqueri
2256 1450 2367 1498 pos-
2385 1450 2428 1484 15

236 1508 350 1574 sent)
389 1512 671 1570 respondere
701 1512 818 1556 duxi
849 1511 1103 1569 indiqnum,
1151 1511 1223 1555 vel
1254 1510 1307 1555 ob
1343 1509 1394 1555 id
1426 1511 1656 1566 maxime,
1701 1524 1804 1557 cum
1836 1511 2260 1558 Reverendissimus
2291 1510 2372 1555 do-

236 1584 386 1628 minus
420 1582 679 1628 Cardinalis
713 1582 771 1627 D.
802 1581 1139 1636 Darducensis,
1179 1575 1324 1641 (quem
1360 1595 1391 1625 a
1424 1582 1648 1626 iuventute
1682 1594 1798 1641 eque
1832 1595 1890 1627 ac
1916 1587 2106 1642 patrem
2138 1582 2370 1636 coluimus,

236 1659 278 1698 et
312 1666 399 1713 quo
434 1655 482 1698 in
518 1655 728 1698 trecentis
764 1654 898 1697 annis
930 1654 1033 1710 ipsa
1068 1652 1306 1697 Alemania
1341 1665 1434 1697 non
1460 1655 1729 1711 procreavit
1771 1654 1960 1709 ecclesie
2001 1658 2093 1698 tam
2139 1654 2188 1697 in
2226 1653 2372 1698 scien-

237 1725 306 1768 tiis
342 1738 478 1783 quam
508 1725 556 1768 in
590 1723 823 1768 virtutibus
857 1727 900 1767 et
927 1724 1152 1781 sapientia
1186 1719 1422 1785 utiliorem)
1465 1722 1590 1768 hisce
1630 1735 1714 1768 nos
1758 1723 1931 1770 dudum
1966 1724 2235 1769 adhortatus
2263 1736 2371 1768 con-

237 1796 498 1854 solatusque
531 1795 589 1839 sit
622 1793 768 1839 verbis
804 1793 1135 1839 ‘Amantissime
1171 1795 1385 1853 maqister
1417 1798 1586 1852 noster,
1614 1794 1768 1840 dolere
1794 1794 1995 1854 forsitan
2023 1807 2094 1840 me
2119 1795 2367 1850 existimas,
2384 1804 2428 1838 20

124 1864 215 1918 gxij
237 1865 358 1925 quod
392 1869 433 1910 te
469 1864 579 1910 mihi
613 1857 996 1928 amansstissimum
1012 1869 1071 1909 -et
1098 1865 1293 1910 alterum
1338 1876 1409 1909 me
1447 1864 1524 1910 .N.
1556 1870 1710 1910 noster
1755 1869 1817 1911 tot
1847 1866 2095 1912 maledictis
2124 1867 2372 1911 insectatur

237 1936 484 1982 mendaciis
499 1972 510 1992 ,
548 1937 751 1993 confictis
782 1948 959 1995 quoque
993 1935 1229 1981 erroribus
1253 1937 1436 1994 impetit,
1474 1935 1700 1981 dilacerat
1734 1941 1778 1982 et
1799 1939 2113 1997 prosequitur.
2190 1936 2373 1982 Gaudeo

225 2009 381 2067 potius
415 1999 536 2066 quod
569 2020 718 2066 supra
754 2006 940 2052 dorsum
974 2011 1096 2052 tuum
1130 2006 1417 2066 fabricantes
1452 2012 1726 2065 peccatores
1766 2019 1899 2054 suam
1942 2009 2219 2068 iniquitatem
2251 2021 2371 2067 pro-

234 2080 433 2137 lonqent,
472 2079 578 2123 dum
615 2078 837 2123 adversus
870 2080 1099 2123 veritatem
1127 2083 1322 2136 possunt
1351 2077 1474 2122 nihil.
1548 2077 1654 2123 Iam
1684 2079 1787 2124 licet
1822 2081 2012 2138 teipsum
2048 2079 2258 2138 experiri
2287 2077 2369 2125 In-

228 2149 350 2209 felix
387 2155 452 2194 est
489 2145 651 2212 (nostri
684 2148 987 2195 Cordubensis
1021 2144 1260 2211 sententia)
1309 2150 1386 2194 cui
1429 2148 1543 2193 nihil
1576 2163 1778 2208 unquam
1823 2151 1988 2196 accidit
2021 2151 2226 2206 adversi,
2278 2163 2370 2195 non
2383 2161 2429 2194 25

234 2222 352 2265 enim
376 2221 500 2265 licuit
521 2222 613 2280 ipsi
631 2221 830 2279 seipsum
867 2221 1091 2280 experiri.
1129 2226 1219 2266 esto
1247 2220 1365 2279 forti
1397 2221 1547 2266 animo
1582 2225 1627 2265 et
1652 2219 1876 2267 hominem
1910 2223 2125 2268 insanum
2156 2234 2260 2267 cum
2290 2220 2369 2266 de-

236 2293 486 2336 liramentis
524 2292 619 2336 suis
653 2291 798 2336 irride
827 2293 1002 2349 potius,
1049 2293 1203 2337 iacula
1255 2304 1343 2350 que
1383 2293 1432 2336 in
1477 2297 1519 2336 te
1547 2293 1722 2337 mittere
1759 2297 1923 2349 tentat,
1969 2295 2116 2352 ipsum
2153 2291 2373 2338 invadunt

233 2368 276 2408 et
311 2363 534 2407 dilaniant
554 2367 634 2407 etc.
710 2360 746 2407 0
780 2362 966 2407 verbum
994 2363 1314 2422 sapientissimi
1348 2362 1538 2421 theoloqi
1558 2363 1860 2422 preclarum,
1896 2364 2032 2410 rebus
2062 2375 2237 2424 quoque
2259 2376 2371 2422 apo-

232 2435 398 2478 stolicis
432 2434 711 2490 similimum,
746 2435 826 2493 qui
859 2434 985 2478 ibant
1018 2434 1269 2492 qaudentes
1306 2448 1337 2478 a
1364 2439 1610 2492 conspectu
1643 2435 1848 2492 concilii,
1884 2436 2098 2494 quoniam
2130 2435 2256 2493 diqni
2284 2434 2370 2480 ha—

231 2505 311 2549 biti
343 2510 449 2550 sunt
483 2518 577 2564 pro
617 2505 798 2550 nomine
835 2502 943 2550 Iesu
988 2506 1300 2550 contumeliam
1334 2504 1452 2564 pati.
1537 2503 1850 2563 Vaframentis
1881 2507 2018 2566 i9itur
2051 2505 2369 2551 maledictoriis
2384 2512 2428 2549 3⁰

234 2575 477 2634 Capnionis
514 2576 707 2621 dimissis
743 2570 860 2637 (qut
881 2575 1113 2621 cuiuslibet
1146 2577 1234 2621 viri
1265 2576 1371 2621 boni
1403 2575 1591 2621 auribus
1623 2577 1811 2637 indiqna
1844 2582 1974 2634 sunt,
2009 2590 2098 2637 que
2127 2578 2259 2622 etiam
2278 2590 2368 2636 po-

233 2648 320 2691 tius
340 2653 570 2692 auctorem
596 2659 728 2693 suum
765 2646 1062 2705 manifestant
1089 2652 1134 2692 et
1169 2647 1433 2707 depinqunt,
1467 2661 1604 2706 quam
1640 2660 1724 2703 me,
1765 2650 2031 2694 innocenter
2055 2662 2150 2707 pro
2180 2648 2371 2709 ecclesia

232 2718 388 2774 lesum,
417 2732 554 2777 quum
575 2717 849 2776 philosopho
881 2722 988 2762 teste
1017 2717 1141 2763 Talis
1171 2720 1360 2778 quisque
1384 2718 1444 2763 sit
1474 2719 1630 2777 qualia
1653 2719 1761 2764 dicit
1782 2723 1825 2764 et
1849 2715 2090 2781 operatur)
2123 2730 2268 2778 super
2297 2718 2372 2763 his
2413 2755 2419 2761 .

232 2789 375 2834 solum
399 2794 543 2835 tecum
570 2788 670 2834 libet
698 2790 1008 2844 commentari,
1046 2802 1134 2848 que
1158 2790 1223 2834 ad
1257 2790 1511 2835 doctrinam
1535 2792 1784 2849 pertinent.
1858 2790 2062 2846 Quorum
2091 2803 2194 2835 cum
2231 2803 2371 2835 unum

230 2861 376 2904 solum
400 2860 749 2919 offenderemus,
776 2874 919 2905 unum
944 2861 1088 2905 solum
1110 2861 1513 2919 apprehendimus·
1559 2861 1682 2921 quod
1705 2856 1806 2923 (etsi
1830 2849 2135 2924 errabundus)
2163 2860 2368 2920 Capnion
2383 2870 2426 2904 35

231 2931 279 2974 in
319 2930 513 2990 prefata
556 2943 644 2976 sua
690 2931 754 2975 ad
791 2933 992 2976 comitem
1022 2932 1231 2990 depinxit
1262 2932 1474 2991 epistola,
1520 2931 1598 2976 ubi
1634 2931 1785 2991 facile!¹
1813 2932 2092 2978 contuebitur
2130 2936 2208 2977 tua
2239 2944 2368 2977 reve-

232 3002 378 3046 renda
395 3003 671 3060 paternitas,
709 3016 845 3061 quam
869 3006 1010 3047 curta
1035 3003 1082 3047 in
1116 3004 1218 3048 iure
1246 3005 1305 3048 sit
1325 3003 1399 3048 ille
1427 3002 1651 3061 supellex,
1677 3008 1720 3048 et
1745 3017 1884 3063 quam
1909 3003 2081 3049 modice
2111 3015 2267 3048 eorum
2294 3003 2374 3062 qui

232 3086 444 3131 maqnam
478 3074 661 3128 scientie
705 3075 988 3118 eminentiam
1035 3074 1090 3118 de
1135 3085 1186 3119 eo
1232 3076 1550 3132 suspicantur,
1597 3074 1874 3133 satisfecerit
1916 3075 2234 3134 expectationi.
2292 3087 2369 3119 vo-

232 3143 328 3187 lens
364 3145 478 3187 enim
515 3157 585 3189 me
620 3145 911 3203 conflatorem
941 3144 1119 3204 inferre
1154 3145 1518 3199 mendaciorum,
1555 3143 1640 3199 hec
1658 3159 1756 3203 pro
1787 3158 1914 3192 more
1947 3158 2029 3192 suo
2059 3147 2108 3190 in
2140 3157 2211 3190 me
2245 3145 2367 3204 effu-

231 3214 324 3258 tivit
359 3214 520 3258 verba:
571 3215 703 3260 ‘Dicit
747 3228 819 3260 me
854 3216 1014 3261 librum
1047 3215 1297 3270 hereticum
1338 3215 1608 3274 defendere,
1658 3216 1819 3262 deinde
1850 3221 2137 3276 protestatur
2169 3228 2241 3261 me
2272 3229 2364 3261 non
2381 3225 2424 3263 40

233 3295 332 3327 esse
357 3280 619 3338 hereticum.
694 3285 747 3330 Si
780 3300 871 3331 non
903 3299 1006 3331 sum
1040 3286 1289 3343 hereticus,
1334 3287 1458 3346 quod
1490 3287 1562 3331 ille
1596 3288 1762 3345 palam
1802 3287 1977 3347 fatetur
2015 3295 2059 3333 et
2086 3291 2368 3346 protestatur

227 3353 419 3411 publice,
451 3354 818 3415 Coloniensesque
854 3359 1061 3416 maqistri
1091 3359 1237 3404 nostri
1266 3359 1333 3403 sic
1363 3358 1791 3414 determinaverunt,
1825 3363 1949 3404 certe
1973 3359 2216 3417 conflatum
2239 3370 2364 3402 men—

232 3424 412 3469 dacium
449 3427 535 3470 erit
567 3438 637 3470 me
671 3426 918 3481 hereticum
955 3428 1117 3473 librum
1153 3428 1433 3488 defendere’.
1506 3428 1612 3483 Hec
1655 3430 1744 3474 ille.
1818 3429 2036 3475 Novimus
2068 3429 2273 3489 equidem
2306 3423 2369 3490 (ut

222 3497 393 3554 paucis
425 3494 531 3540 huic
558 3498 734 3554 puerili
765 3500 922 3544 cavillo
968 3495 1283 3562 respondeam)
1335 3500 1390 3544 de
1435 3500 1562 3545 beato
1593 3498 1771 3545 Ioanne
1808 3500 2110 3546 Chrisostomo
2152 3499 2367 3553 memorie
2455 3557 2456 3560 Ἴ

230 3566 509 3622 mandatum,
546 3567 668 3625 quod
683 3568 781 3625 ipse
812 3569 1088 3627 aliquamdiu
1116 3570 1323 3630 Oriqenis
1350 3570 1574 3625 hereticos
1597 3570 1853 3630 defenderit
1873 3571 2025 3627 libros,
2060 3584 2190 3631 quem
2215 3575 2363 3615 tamen
2379 3578 2421 3612 45

343 3717 361 3743 ⁶
393 3717 562 3758 Contra
581 3715 825 3758 Reuchlini
855 3718 910 3759 de
943 3723 1041 3760 arte
1073 3721 1349 3762 cabalistica
1378 3721 1519 3762 libros
1547 3727 1643 3764 tres
1674 3735 1715 3765 a.
1739 3722 1860 3763 1517.
1881 3723 2075 3776 primum
2104 3722 2364 3776 publicatos

230 3786 537 3831 Hochstratus
568 3789 781 3828 miseram
804 3778 1186 3829 ‘Destructionem
1207 3791 1394 3832 Cabale'
1418 3792 1560 3831 edidit
1580 3792 1782 3833 Coloniae
1806 3805 1848 3832 a.
1874 3791 1996 3836 1519.
2017 3794 2066 3833 in
2085 3792 2144 3836 4⁰.
2221 3791 2238 3816 ⁹
2268 3806 2361 3834 ma-

231 3857 321 3900 led‚
343 3857 492 3913 epist]
524 3859 555 3902 i.
578 3871 617 3901 e.
641 3871 697 3899 ea
726 3870 861 3911 quam
888 3858 996 3899 huic
1024 3859 1364 3901 Hochstraticae
1394 3862 1710 3913 praemisimus.
1797 3860 1834 3888 ¹⁷
1861 3863 2168 3915 Dertusensis,
2199 3867 2364 3917 postea

170 3929 171 3932 ’
231 3942 355 3983 papa
383 3929 609 3971 Adrianus
638 3929 716 3972 VI.
801 3927 838 3954 ²⁵
869 3928 939 3970 Cf.
961 3928 1108 3971 Senec.
1133 3942 1231 3983 epp.
1253 3943 1363 3974 mor.
1385 3931 1505 3972 XIX.
1530 3931 1568 3972 1.
1655 3931 1693 3957 3⁷
1723 3930 1814 3986 qui]
1842 3931 1870 3984 (ἶ
1900 3937 1940 3975 1.
2450 3968 2456 4167 ²

2448 4227 2452 4250 ῐ
