2456 4264
237 286 359 343 406
815 306 1010 336 on‘rvnu
1031 304 1195 334 GRA'rn
1218 303 1448 350 Epts'roLA
1468 303 1808 333 Aponoon‘rtcA.

236 441 484 499 nimiaque
531 438 610 485 sui
642 435 1002 492 moderatione,
1047 435 1250 482 consilio
1285 434 1433 503 etiam
1469 438 1516 481 et
1559 434 1873 493 auctoritate,
1917 447 1980 483 ac
2016 435 2264 496 sapientia
2295 447 2392 495 po-

237 526 470 573 tissimum
497 521 621 569 duce
649 523 830 567 cuncta
862 524 1225 579 prosequentes.
1299 518 1406 567 Hoc
1443 525 1604 566 autem
1630 519 1718 578 qui
1737 518 1944 566 credere
1966 520 2227 578 recusarit,
2254 520 2391 567 theo-

235 612 456 668 loyorum
485 607 755 665 perlustret
789 604 940 651 libros
969 611 1015 651 et
1049 616 1125 651 me
1163 604 1293 652 dicto
1322 604 1465 651 citius
1497 615 1666 650 verum
1701 602 1889 650 dimisse
1916 603 2267 664 proclamabit,
2302 617 2393 652 nec

238 695 400 740 altera
437 691 517 749 (ut
552 689 656 736 dici
689 690 830 749 solet)
864 693 1013 749 parte
1058 687 1308 744 inaudita,
1359 690 1554 735 stultam
1592 685 1832 747 proferat
1865 689 2179 747 sententiam,
2228 690 2304 736 vel
2336 689 2394 736 ob
2436 675 2456 738 213:

238 778 330 824 boc
360 777 541 833 solum,
592 773 725 833 quod
766 777 959 821 centum
1005 774 1205 831 ecclesie
1255 771 1532 820 doctoribus
1569 773 1712 831 lonoe
1749 773 1910 831 mayis
1945 785 2091 832 quam
2138 773 2227 819 uni
2269 774 2389 831 viro,
2405 741 2456 838 εἰ

198 880 200 883 ·
237 863 289 909 in
325 858 631 919 secutaribus
668 858 932 905 dumtaxat
959 858 1118 906 literis
1157 857 1376 918 eruditO,
1424 861 1514 904 aut
1548 856 1730 914 abiecte
1763 857 1907 904 sortis
1943 856 2218 904 bominibus
2252 857 2395 916 (quos
2430 893 2456 907 1..

238 945 467 994 obscuros
495 944 812 1004 appellitant)
849 943 912 989 sit
948 942 1269 990 credendum.
1347 941 1449 988 Nec
1489 945 1564 988 est
1600 942 1804 1000 inquam
1844 940 1981 1000 quod
2010 941 2396 990 sacratissimam
2430 923 2456 1018 ’Ξ

234 1028 568 1090 predicatorii
606 1027 797 1075 ordinis
839 1027 1126 1087 reliqionem
1172 1027 1302 1074 citra
1348 1027 1583 1074 iniuriam
1637 1038 1700 1073 ac
1740 1025 2068 1085 perditionem
2112 1026 2395 1074 animarum
2426 1010 2456 1083 Ϊ

238 1118 513 1161 vestrarum
547 1116 855 1160 contemnere
891 1114 1110 1160 valeatis.
1194 1110 1390 1159 Utinam
1420 1110 1550 1158 vobis
1584 1111 1684 1158 sive
1715 1109 1980 1158 viventibus
2007 1111 2106 1157 sive
2141 1111 2398 1159 morienti-
2422 1095 2456 1144 ἵ·

239 1199 328 1247 bus
362 1202 462 1245 tum
500 1198 734 1256 matutine
770 1198 992 1259 illorum,
1034 1200 1133 1243 tum
1172 1209 1395 1256 vespere,
1435 1200 1534 1244 tum
1571 1198 1807 1253 nocturne
1837 1196 1984 1247 etiam
2017 1209 2218 1258 preces,
2260 1200 2308 1243 et
2334 1155 2456 1271 lte}

241 1282 438 1344 quidem
473 1282 535 1329 ab
571 1284 704 1330 omni
733 1282 842 1330 labe
878 1282 1105 1341 omnique
1141 1282 1367 1329 vitiorum
1407 1281 1698 1341 contaqione
1737 1281 1975 1327 immunes
2010 1278 2296 1340 suffrayari
2323 1281 2399 1329 vel

242 1369 294 1415 in
331 1367 529 1414 minimo
562 1371 776 1427 possent.
850 1368 995 1425 lonqe
1026 1364 1256 1426 profecto
1301 1368 1500 1427 melius,
1547 1366 1787 1425 lonqeque
1831 1364 2082 1413 salubrius
2129 1365 2196 1423 (si
2230 1378 2398 1413 verum
2428 1362 2456 1412 2⁵3

239 1450 402 1511 fateri
434 1453 569 1512 licet)
608 1464 689 1498 res
724 1455 879 1509 vestre
914 1464 1019 1498 sese
1052 1450 1300 1498 haberent.
1377 1450 1419 1497 {[
1457 1447 1688 1498 ‘Ululate'
1738 1450 1891 1509 iqitur
1926 1451 1994 1497 ‘in
2025 1447 2266 1512 tenebris',
2318 1463 2399 1498 vos
2428 1446 2456 1509 ζ

180 1540 220 1595 fj
244 1536 440 1585 obscuri
471 1542 518 1584 et
559 1536 827 1596 depeneres
848 1534 1208 1594 Reucbliniste‚
1235 1531 1257 1602 Η
1286 1534 1423 1595 ‘quia
1453 1546 1612 1595 prope
1641 1539 1712 1582 est
1734 1533 1846 1581 ‘dies
1881 1533 2091 1592 domini,
2129 1539 2178 1582 et
2200 1536 2401 1583 vastitas
2446 1540 2456 1553 ··

247 1634 279 1668 a
306 1621 500 1669 domino
523 1617 707 1668 veniet'.
787 1619 979 1667 ‘Adbuc
1003 1620 1131 1667 enim
1153 1621 1415 1680 paululum
1438 1619 1777 1679 modicumque
1801 1625 1847 1671 et
1871 1620 2286 1667 consummabitur
2314 1565 2456 1695 κήκ-ξ

179 1712 230 1756 hi
251 1706 471 1765 diqnatio
494 1717 603 1753 mea
634 1709 682 1752 et
698 1704 853 1764 furor
877 1701 1042 1763 meus'‚
1083 1704 1203 1752 dicit
1234 1700 1242 1769 1
1275 1704 1502 1752 dominus
1530 1705 1848 1765 omnipotens.
1907 1702 2202 1768 ‘Lavamini‚
2229 1706 2404 1754 mundi

246 1794 414 1848 estote,
461 1788 660 1848 auferte
692 1791 876 1838 malum
913 1790 1262 1849 eoqitattonum
1308 1791 1600 1837 vestrarum.
1677 1786 1916 1845 Quiesoite
1952 1801 2187 1849 perverse
2233 1800 2398 1850 aqere,

247 1874 417 1922 discite
461 1871 786 1932 benefacere’,
837 1887 898 1921 ne
942 1873 1195 1922 retributio
1239 1886 1475 1921 manuum
1518 1876 1792 1920 vestrarum
1834 1874 1930 1932 fiat
1976 1873 2143 1922 vobis.⁴
2198 1874 2402 1924 Abiicite
2437 1875 2442 1898 ³

245 1972 399 2019 opera
434 1958 772 2018 tenebrarum,
807 1959 1074 2006 induimini
1109 1971 1256 2005 arma
1286 1959 1436 2014 lucis,
1475 1962 1529 2005 ut
1562 1957 1613 2005 in
1649 1957 1731 2005 die
1763 1957 1960 2006 honeste
1995 1959 2252 2007 ambulare
2278 1973 2402 2020 pos-

245 2044 365 2091 sitis.
440 2042 548 2091 Non
586 2048 658 2091 est
690 2045 818 2091 enim
849 2044 1132 2104 putandum
1167 2045 1331 2092 omnia
1365 2042 1496 2091 vobis
1531 2044 1705 2101 licere,
1752 2043 1852 2090 nisi
1883 2047 1931 2091 et
1961 2051 2122 2103 recta,
2172 2049 2220 2092 et
2256 2006 2456 2115 iusta}

246 2134 293 2176 et
328 2132 505 2189 aperta
539 2129 658 2188 sint,
693 2132 749 2176 ut
782 2141 878 2176 rex
918 2127 1192 2188 Antiyonus
1227 2129 1428 2177 cuidam
1463 2127 1776 2189 respondisse
1805 2126 2001 2186 fertur,
2053 2126 2401 2178 Barbarorum
2432 2118 2456 2149 '⁵‘

246 2213 446 2273 reyibus
475 2213 642 2261 omnia
678 2214 841 2269 licere,
883 2213 1020 2261 nobis
1058 2213 1344 2272 dumtaxat,
1383 2227 1476 2273 que
1505 2213 1633 2260 iusta
1667 2217 1716 2261 et
1755 2226 1850 2273 que
1887 2212 2090 2261 honesta
2124 2215 2400 2263 videantur.
2431 2252 2450 2284 ,Ἰ

247 2297 288 2344 (1
329 2298 670 2346 Accendamus
701 2310 821 2358 erqo
860 2299 1022 2346 lumen
1060 2303 1223 2357 nostre
1269 2299 1442 2347 mentis
1489 2304 1534 2345 et
1571 2298 1623 2345 in
1657 2298 1815 2346 nostri
1848 2299 2069 2346 muneris
2098 2312 2222 2359 erpa
2255 2299 2402 2348 deum
2417 2277 2452 2345 ‘13⁴

247 2383 674 2431 administratione
697 2383 863 2430 omnia
892 2383 1172 2443 prudenter
1196 2386 1487 2443 matureque
1519 2395 1744 2443 aqamus.
1819 2382 1985 2431 ‘Nemo
2010 2388 2220 2432 vestrum
2248 2385 2403 2446 (apo-
2420 2411 2456 2470 ἐν

246 2468 365 2514 stolo
401 2469 540 2528 teste)
573 2469 792 2527 qratiam
825 2468 910 2516 dei
936 2468 1199 2516 invacuum
1235 2469 1462 2530 recipiat.
1537 2467 1668 2516 Ecce
1703 2480 1837 2516 nunc
1873 2471 2060 2529 tempus
2085 2469 2456 2530 acceptabile,¹'n

246 2564 360 2598 ecce
395 2564 528 2599 nunc
564 2552 670 2600 dies
705 2553 899 2611 salutis,
939 2554 1124 2601 nemini
1158 2553 1334 2601 dantes
1371 2554 1524 2601 ullam
1555 2551 1896 2614 offensionem,
1934 2558 1989 2601 ut
2019 2565 2115 2601 non
2153 2555 2402 2615 vitupere-
2427 2538 2437 2580 '³

248 2640 330 2682 tur
375 2637 696 2684 ministerium
743 2641 975 2697 nostrum,
1052 2637 1387 2686 Exhibeamus
1430 2639 1746 2698 nosmetipsos
1792 2638 1845 2685 in
1890 2637 2110 2686 omnibus
2155 2640 2280 2687 sicut
2323 2639 2407 2687 dei
2423 2641 2438 2706 j‘

249 2722 518 2776 ministros,
566 2722 618 2769 in
654 2723 920 2782 suavitate,
966 2724 1017 2770 in
1053 2724 1430 2784 spiritusancto‚
1481 2724 1533 2771 in
1567 2722 1814 2772 charitate
1849 2735 1947 2771 non
1974 2725 2120 2785 ficta,
2170 2725 2221 2771 in
2259 2724 2432 2773 verbo‘

249 2806 490 2862 veritatis,
530 2807 582 2853 in
616 2807 794 2855 virtute
829 2804 941 2855 dei’.
1017 2807 1122 2856 Non
1155 2809 1285 2855 enim
1322 2810 1399 2856 vel
1429 2809 1502 2856 ad
1535 2808 1707 2856 ludum
1743 2820 1776 2855 a
1813 2813 2019 2867 natura,
2054 2809 2130 2855 vel
2153 2809 2224 2856 ad
2245 2810 2402 2857 iocum

244 2891 401 2950 yeniti
426 2903 620 2953 sumus,
658 2891 750 2939 sed
783 2892 855 2940 ad
886 2889 1053 2948 studia
1086 2892 1298 2953 quedam
1334 2894 1529 2941 maiora
1557 2898 1702 2952 atque
1726 2884 1985 2955 praviora,
2024 2906 2118 2953 que
2150 2893 2202 2940 in
2232 2847 2456 2942 humi-g

250 2976 383 3022 litate
415 2979 462 3023 et
495 2977 873 3025 mansuetudine
909 2978 1114 3038 spiritus
1147 2991 1244 3026 non
1283 2978 1486 3026 obscure
1522 2978 1848 3026 continentur.
1922 2977 1980 3025 Si
2006 2991 2101 3026 uno
2139 2978 2429 3026 dumtaxat

249 3060 605 3119 epiorammate
644 3060 944 3121 Capnionem
981 3068 1199 3110 nostrum
1234 3061 1557 3122 offendimus,
1603 3075 1701 3111 non
1734 3064 1852 3123 plus
1884 3075 1992 3123 eqo,
2041 3076 2189 3123 quam
2223 3063 2405 3124 reliqui
2424 3066 2448 3126 ς]

251 3143 562 3192 diversarum
595 3147 969 3194 universitatum
1018 3148 1242 3196 doctores
1286 3146 1617 3207 offenderunt.
1691 3147 1820 3194 Nam
1865 3152 1920 3195 ut
1961 3161 2118 3209 supra
2165 3148 2399 3210 diximus,
2417 3163 2442 3207 ;

251 3227 394 3274 aliud
431 3233 504 3275 est
536 3229 597 3276 de
636 3230 801 3288 heresi
828 3236 998 3279 sancte
1031 3237 1080 3279 et
1115 3233 1261 3286 iuste,
1310 3232 1455 3279 aliud
1490 3232 1552 3280 de
1588 3233 1714 3280 vitiis
1751 3232 1979 3280 humanis
2025 3234 2142 3293 (que
2175 3233 2301 3281 nibil
2331 3224 2442 3283 ad}v

249 3324 354 3358 rem
386 3310 600 3369 faciunt,
638 3319 685 3361 et
703 3314 841 3373 falso
871 3329 902 3362 a
939 3317 1069 3364 vobis
1099 3317 1382 3376 excoqi‘tata
1411 3320 1548 3378 sunt)
1578 3319 1693 3378 plus
1722 3330 1846 3377 equo
1875 3318 2204 3366 contenderes
2244 3266 2456 3505 ‘Quedt

250 3396 343 3442 rite
380 3395 645 3458 dominum,
682 3398 798 3447 dum
835 3402 1048 3448 inueniri
1069 3405 1240 3462 potest,
1277 3403 1499 3450 invocate
1533 3415 1659 3458 eum,
1701 3402 1817 3450 dum
1841 3414 2000 3463 prope
2024 3406 2108 3450 est.
2165 3401 2403 3451 Derelin-
2440 3397 2449 3418 ³

364 3619 664 3660 sacratissima
700 3622 788 3661 1.2.
851 3619 883 3646 1³
914 3622 1120 3676 Ululate]
1147 3624 1472 3666 1sa1.X111.6.
1534 3623 1569 3651 1⁵
1598 3626 1758 3666 Adhuc
1790 3623 1879 3679 en]
1901 3626 2011 3666 1521.
2035 3626 2089 3666 x.
2113 3625 2182 3665 25.
2244 3623 2278 3650 1⁶
2307 3625 2398 3665 La-
2419 3598 2445 3655 ἕ

250 3687 386 3742 vam.]
419 3689 528 3729 lsai.
554 3690 589 3728 Ι.
615 3688 680 3729 16.
703 3703 768 3743 sq.
888 3694 1230 3734 eonsumabitur
1265 3698 1354 3737 1.2.
1461 3695 1495 3722 ¹3
1524 3709 1582 3736 ne
1614 3695 1739 3749 reth]
1774 3697 1834 3736 of.
1856 3696 1962 3738 Isai.
1987 3696 2071 3737 ΙΙΙ.
2099 3695 2161 3735 ll.
2194 3696 2316 3738 Paul.
2340 3694 2441 3749 ad}

249 3760 376 3800 Rom.
399 3759 525 3799 XIII.
555 3759 615 3800 13.
639 3766 718 3800 etc.
834 3759 869 3785 ²¹
901 3765 949 3800 ut
980 3761 1072 3815 rex]
1114 3764 1214 3803 Non
1255 3777 1309 3803 ex
1339 3765 1454 3816 ipsis
1484 3765 1721 3806 Plutarchi
1761 3765 1973 3819 apophth.
2004 3780 2047 3818 p.
2084 3763 2175 3804 182.
2217 3765 2322 3816 (VI.
2352 3778 2437 3818 p.

250 3828 347 3872 692.
381 3829 451 3869 ed.
474 3830 658 3881 Reisk.)
691 3830 771 3870 Sed
803 3843 857 3870 ex
878 3831 1103 3885 florilegio
1125 3836 1218 3872 tum
1240 3834 1427 3877 usitato.
1523 3833 1560 3858 ²²
1590 3847 1690 3886 quae
1710 3842 1809 3886 post
1830 3838 1876 3876 et
1896 3848 1974 3876 om.
1996 3838 2038 3875 2.
2115 3831 2202 3860 ²⁴2⁵
2234 3832 2394 3888 apost]

253 3901 376 3940 Paul.
403 3912 471 3951 ep.
496 3900 557 3940 II.
581 3900 639 3940 ad
663 3899 765 3941 Cor.
789 3899 873 3948 6,1.
897 3914 992 3955 sqq.
1081 3900 1113 3927 3¹
1149 3900 1350 3955 ob—lcure
1383 3905 1421 3943 1.
1510 3901 1598 3929 ³³³⁶
1631 3903 1851 3957 Quaerite]
1884 3905 1994 3945 lsai.
2027 3905 2122 3946 LV.
2146 3902 2187 3948 6.
2209 3918 2275 3958 sq.
