2456 4264
158 2749 174 2761 .
248 2713 496 2761 rescribas
528 2715 697 2772 velim,
740 2716 864 2775 quid
897 2716 989 2773 lieo
1027 2716 1246 2775 quinque
1275 2716 1496 2767 ,arabica
1533 2715 1687 2763 verba
1723 2715 2032 2774 siqnificent:
2074 2712 2236 2774 Oxus,
2268 2726 2393 2775 pera-¹

244 271 362 329 342
705 292 1089 321 LAMENTATIONES
1113 292 1419 321 onscvnonvu
1439 292 1648 320 vmonvu
1671 277 1928 332 [νει-3333]

240 431 290 475 et
314 426 532 474 animam
561 423 787 483 fortasse
810 422 949 471 nobis
984 436 1096 471 cum
1124 422 1404 486 pecudibus
1440 434 1744 470 communem
1780 415 2070 488 consecuti]
2156 422 2282 471 Vale
2301 419 2378 480 fe-
2455 404 2456 468 s

239 512 404 559 liciter
437 522 548 558 cum
586 512 757 555 nostro
795 506 1066 567 Capnione.
1142 508 1404 568 Moquntie
1439 519 1505 554 ex
1532 507 1742 568 publica
1777 519 1993 566 corona,
2045 505 2378 555 Obscurorum
2454 531 2456 576 !

232 598 406 655 portu.
481 592 626 640 Anno
663 604 760 652 quo
794 603 971 652 supra.
2454 586 2456 644 l

1265 824 1350 884 13.

793 952 834 999 ([
888 945 1247 1002 Conradus
1302 947 1380 1002 de
1445 945 1825 1003 Zuiccavia
2386 951 2437 1023 ἰει

1047 1059 1317 1107 Doctori
1354 1059 1584 1118 Grillo‚

857 1155 1188 1206 Obscurorum
1230 1156 1487 1206 Advocato
1524 1157 1595 1206 .S.
1624 1158 1679 1206 P.
1707 1157 1768 1206 D.

384 1270 559 1319 Omnia
596 1271 735 1319 nobis
771 1271 986 1319 adversa
1022 1276 1160 1331 sunt,
1213 1272 1391 1319 doctor
1435 1272 1662 1331 eqreqie,
1714 1272 1881 1319 omnia
1908 1273 2178 1332 prostrata
2216 1283 2278 1318 ac
2315 1271 2388 1318 di-

240 1361 358 1405 ruta
395 1357 587 1416 iacent,
637 1357 957 1416 clamantque
1002 1357 1055 1403 in
1093 1357 1282 1416 plateis
1326 1360 1376 1403 et
1414 1357 1582 1417 puelli
1625 1360 1675 1404 et
1721 1356 1951 1413 edentule
2000 1355 2213 1415 quedam
2261 1367 2391 1403 anus

245 1438 423 1509 [hisce,
463 1442 600 1502 proli
638 1442 812 1500 dolor,
848 1441 1009 1489 verbis
1044 1442 1182 1489 nobis
1217 1436 1494 1508 illudendo]
1511 1457 1528 1489 .·
1580 1440 1663 1490 ‘Os
1698 1441 1883 1488 habent
1917 1443 1965 1487 et
2000 1452 2100 1488 non
2136 1439 2443 1499 videbunt,-1⁰

242 1527 410 1576 oculos
445 1526 629 1574 liabent
663 1530 710 1573 et
746 1538 847 1573 non
882 1527 1172 1586 loquentur,
1225 1539 1378 1574 aures
1414 1526 1599 1574 liabent
1635 1531 1684 1574 et
1731 1539 1832 1574 non
1859 1524 2187 1584 odorabunt,
2239 1537 2390 1572 nares

240 1611 426 1659 habent
461 1615 510 1658 et
546 1624 646 1659 non
684 1611 914 1670 audient,
963 1623 1142 1658 manus
1177 1611 1361 1659 liabent
1396 1615 1444 1658 et
1480 1625 1580 1660 non
1619 1610 1970 1670 ambulabunt,
2016 1609 2172 1670 pedes
2208 1608 2391 1656 liabent

241 1700 288 1744 et
324 1708 424 1743 non
453 1696 767 1757 palpabunt,
810 1708 909 1743 non
946 1695 1234 1743 clamabunt
1270 1697 1321 1743 in
1355 1700 1558 1756 qutture
1592 1709 1700 1744 suo.
1775 1694 1972 1742 Similes
2009 1695 2110 1742 illis
2141 1695 2270 1752 siant
2306 1693 2404 1753 qui

242 1780 506 1838 confidunt
542 1781 594 1828 in
632 1779 734 1828 eis’.
810 1780 905 1828 His
941 1780 1203 1838 Psalmiste
1239 1781 1400 1829 verbis
1434 1782 1565 1829 male
1600 1781 1863 1828 intellectis
1900 1780 2110 1840 aliisque
2145 1778 2202 1826 id
2231 1788 2440 1838 ,oenus-²·-

241 1865 476 1913 conviciis
495 1865 695 1925 publice
731 1863 1048 1924 infestamur.
1125 1864 1341 1914 Posuisti
1375 1866 1605 1913 tenebras
1645 1858 1884 1932 [,Grille,]
1926 1869 1973 1912 et
1990 1863 2142 1923 facta
2167 1868 2239 1912 est
2263 1876 2382 1925 nox,
2404 1873 2442 1907 ¹5

235 1963 334 2011 per
371 1962 521 2010 quam
549 1950 935 2010 pertransibunt
973 1963 1138 1998 omnes
1174 1951 1330 2009 bestie.
1361 1952 1511 2014 sylve.
1587 1949 1648 1998 Si
1680 1950 1835 1999 bonus
1871 1950 1950 1997 vir
1973 1962 2040 2008 ες,
2081 1951 2127 1997 si
2147 1949 2386 2008 eruditus,

241 2036 287 2082 si
320 2036 577 2095 eloquens,
620 2035 756 2082 hisce
791 2036 1197 2083 maledictionum
1235 2036 1449 2084 vinculis
1484 2048 1573 2083 nos
1598 2035 1968 2096 quamprimum
1993 2035 2185 2082 exolve.
2253 2033 2394 2091 Quod

244 2120 329 2169 ubi
355 2118 572 2179 feceris,
616 2125 662 2167 te
698 2120 851 2178 Iudei
884 2125 939 2168 ut
975 2121 1120 2168 deum
1156 2134 1297 2169 suum
1334 2121 1499 2169 colent
1534 2133 1597 2168 ac
1633 2119 2004 2168 venerabuntur
2040 2123 2087 2166 et
2123 2132 2303 2167 aureos
2339 2120 2390 2167 in

243 2204 438 2252 Arabia
474 2209 661 2252 montes
688 2219 790 2266 pro
828 2210 912 2253 tuo
947 2206 1141 2253 salario
1177 2206 1405 2267 recipies.
1481 2204 1614 2265 Leqe
1639 2204 2013 2266 Marquardum
2050 2205 2101 2252 in
2125 2203 2386 2265 Institutis,

246 2290 442 2337 revolve
465 2289 710 2338 Ioannem
748 2291 811 2337 de
837 2290 1123 2338 Garlandia
1160 2291 1211 2338 in
1236 2291 1444 2351 leqibus,
1486 2291 1687 2338 Petrum
1712 2289 1856 2348 Helie
1881 2290 1932 2337 in
1958 2290 2184 2348 decretiS,
2227 2288 2442 2337 Mam-²⁶

245 2378 534 2422 motrectum
582 2375 634 2422 in
672 2374 827 2423 Sexto
873 2378 923 2422 et
960 2374 1287 2423 Clementini&
1366 2375 1577 2424 Consule
1625 2376 1775 2423 etiam
1821 2375 1963 2422 ideas
1998 2374 2247 2433 Platonis,
2297 2386 2391 2434 que

247 2459 363 2506 olim
401 2460 452 2506 in
489 2459 712 2507 Phocide
743 2460 993 2520 pallentes
1028 2460 1279 2522 Apollinis
1313 2460 1510 2520 bequtte
1539 2458 1704 2519 fuisse
1748 2459 2003 2508 dicuntur.
2078 2458 2274 2507 Accede
2309 2470 2389 2525 ne->
2416 2454 2418 2458 ’

246 2544 482 2601 bulonum
518 2545 740 2592 latebras
766 2549 823 2592 >et
852 2543 1107 2605 fornices,
1159 2550 1212 2594 ut
1256 2545 1506 2594 eruditior
1551 2546 1622 2593 in·
1650 2544 1798 2592 rebus
1841 2545 2026 2592 nostris
2061 2548 2110 2592 et
2145 2544 2216 2592 ad
2250 2554 2391 2592 omne

247 2630 431 2676 malum
468 2629 711 2690 theoloyis
747 2628 1078 2688 inferendum·
1107 2631 1356 2679 audacior
1397 2631 1512 2689 lias,
1590 2629 1816 2678 Ceterum
1861 2629 1985 2678 milti
2027 2629 2396 2691 quamprimum,

249 2799 441 2857 doxus,
488 2800 776 2859 reveloxus,
826 2800 1296 2861 rammeldipotsus,
1330 2800 1784 2859 rammeldiblesen,
1836 2803 1885 2847 et
1929 2799 2020 2859 hec
2066 2799 2166 2847 duo
2199 2799 2397 2860 qotica,·,

253 2883 406 2931 lnlcus
433 2884 764 2944 perquinlcus.
840 2885 915 2932 Be
950 2885 1026 2933 liis
1061 2889 1197 2933 certe
1232 2885 1362 2933 niliil
1392 2873 1596 2946 scripsit
1631 2885 1873 2945 Virqilius
1908 2885 1961 2933 in
1993 2885 2252 2941 bucolicis,
2300 2895 2391 2934 neo

253 2967 580 3029 Marcolpltus
616 2969 669 3016 in
705 2970 807 3018 suis
836 2968 1049 3028 fabulis.
1136 2970 1276 3029 Vale,
1319 2971 1498 3018 doctor
1534 2970 1835 3029 venerande,
1876 2973 1925 3017 et
1949 2982 2089 3030 pone
2125 2974 2242 3017 ante
2277 2981 2399 3039 ocu-v

250 3053 323 3100 los
359 3057 469 3100 tuos
502 3055 759 3113 specillum
798 3055 927 3107 illud
969 3054 1107 3115 quod
1149 3055 1242 3102 tibi
1283 3067 1315 3101 a
1350 3055 1523 3114 Iudeis
1566 3068 1634 3104 ex
1669 3052 2024 3113 Francfordia
2068 3058 2142 3103 est
2175 3055 2385 3102 missum.

251 3149 367 3184 nam
383 3149 484 3197 per
507 3138 636 3185 illud
658 3139 819 3185 instar
842 3143 1020 3198 noctue
1045 3140 1211 3187 omnia
1235 3140 1488 3188 mirabilia
1512 3140 1689 3189 mundi
1709 3134 1912 3188 videbis
1945 3133 2118 3207 [Vale]
2148 3153 2214 3187 esc
2238 3138 2395 3201 Lypt7
2442 3127 2444 3130 ’

252 3220 370 3275 ziclc
406 3222 486 3268 die
519 3226 663 3270 sexto
699 3228 817 3271 ante
846 3222 1033 3282 festum
1069 3228 1241 3283 sancte
1267 3223 1588 3273 'Saturitatis
2363 3236 2377 3268 ί
2440 3222 2456 3299 {⁴

2440 3300 2456 3348 Γ,

289 3416 291 3418 ,
367 3427 402 3455 ¹⁰
431 3442 480 3470 os
505 3406 601 3483 eta]
620 3413 1091 3495 pervertuntur'psalmi
1111 3434 1523 3489 CXXIIII.16.sqq.
1546 3434 1688 3476 verba.
1747 3433 1786 3494 ⁴¹⁵
1808 3434 2022 3476 convitiis
2045 3436 2087 3475 2.
2164 3413 2388 3493 Posuisti}
2438 3407 2456 3476 ἦ]

254 3499 424 3541 Psalm.
448 3499 570 3540 CIII.
592 3500 661 3540 20.
765 3501 802 3527 ²0
831 3504 987 3544 reuole
1003 3504 1048 3546 '1.
1153 3503 1198 3531 ²¹
1220 3506 1342 3545 sexto
1375 3509 1420 3545 et
1450 3507 1565 3546 omis.
1589 3508 1631 3545 2.
1747 3504 1785 3532 ²²
1813 3504 1982 3559 begute
2013 3503 2055 3545 2.
2164 3503 2201 3530 ²⁷
2229 3501 2394 3555 Vergi-³
2438 3512 2456 3556 J

170 3574 185 3593 ”
239 3570 345 3610 'lius
374 3572 434 3612 2.
529 3568 565 3595 ²⁹
595 3571 683 3611 Pro
713 3573 849 3613 verbis
878 3574 963 3613 tibi
1052 3576 1251 3618 missum.
1274 3578 1316 3614 in
1345 3578 1387 3616 2.
1411 3581 1497 3616 est:
1529 3576 1576 3615 in
1606 3576 1788 3629 speculo
1822 3574 1999 3616 oculari
2027 3575 2179 3616 Iofinis
2208 3571 2382 3615 Reuoh·
2437 3568 2456 3609 (ξ

253 3641 321 3680 lin
351 3639 604 3693 &depicta
692 3640 729 3666 ³⁰
758 3641 1039 3695 lyptzich.v2.
1128 3643 1161 3670 ³¹
1195 3646 1420 3697 saturiat3.
1445 3648 1486 3685 2.
