2456 4264
221 232 343 289 224
807 253 1044 283 EPISTOLAE
1068 252 1372 281 OBSCVRORVM
1393 251 1604 279 VIRORVM
1625 249 1775 280 NOVAE.

222 391 268 432 et
304 384 513 432 sericum
553 380 643 428 sub
683 393 859 443 cappa,
909 379 1095 428 habens
1141 394 1192 427 se
1241 379 1301 428 ad
1351 393 1466 426 suos
1513 376 1780 441 discipulos
1825 378 1950 427 sicut
1995 393 2084 428 rex
2121 378 2182 427 ad
2219 394 2364 428 suum

221 466 470 531 populum.
546 465 604 512 Et
659 464 887 524 Magister
943 462 1119 510 dicitur
1173 468 1380 525 quatuor
1429 461 1610 510 modis:
1671 476 1767 510 uno
1824 463 1970 510 modo
2027 478 2051 511 a
2107 463 2262 524 magis
2318 468 2365 510 et

223 558 321 606 ter,
378 549 488 611 quia
544 547 776 607 magister
830 550 904 592 ter
961 546 1113 607 magis
1160 546 1307 595 debet
1353 547 1479 594 scire
1529 559 1674 608 quam
1724 544 1925 608 simplex
1974 560 2201 608 persona.
2276 547 2362 595 Se-

223 633 379 681 cundo
429 631 604 678 dicitur
656 644 680 676 a
732 627 885 688 magis
934 633 982 676 et
1029 633 1217 684 terre0,
1267 630 1376 692 quia
1415 629 1647 691 Magister
1692 627 1840 677 dehet
1887 645 1992 679 esse
2045 630 2275 678 terribilis
2313 631 2362 678 in

220 720 483 778 conspectu
524 727 723 761 suorum
764 710 1130 773 discipulorum.
1205 712 1371 760 Tertio
1410 729 1434 761 a
1476 713 1629 774 magis
1668 717 1716 761 et
1752 707 1956 769 theron,
1994 713 2043 762 id
2084 720 2156 762 est
2193 719 2399 770 statuS‚5

220 800 330 863 quia
370 798 600 858 magister
636 797 687 843 in
727 811 814 843 suo
854 801 979 843 statu
1020 795 1166 844 debet
1205 810 1310 845 esse
1349 796 1689 858 maior'quam
1738 797 1813 844 sui
1861 796 2100 860 discipuli.
2178 797 2363 855 Quarto

219 900 242 932 a
283 883 435 944 magis
474 891 518 930 et
557 881 744 935 sedere,
786 880 895 942 quia
934 880 1165 940 magister
1204 879 1350 928 debet
1388 894 1493 928 esse
1532 881 1690 929 maior
1727 880 1776 927 in
1814 894 1902 928 sua
1939 881 2055 930 sede
2094 896 2240 946 quam
2278 880 2363 930 ali-

221 969 328 1030 quis
367 980 565 1014 suorum
617 962 984 1026 discipulorum.
1060 963 1197 1012 Tunc
1246 963 1325 1012 ille
1376 965 1695 1027 interrogavit
1735 964 1866 1027 &quis
1915 969 1990 1013 est
2038 966 2223 1013 autor?
2269 966 2364 1015 Re-

219 1050 391 1114 spondi
443 1048 568 1112 quod
618 1046 710 1110 legi
748 1048 796 1094 in
834 1045 965 1094 Vade
1003 1062 1213 1096 mecum.
1290 1048 1460 1096 Statim
1500 1048 1603 1111 ipse
1641 1037 1790 1096 voluit
1826 1048 2192 1112 reprehendere
2228 1048 2362 1099 illuni

218 1133 395 1182 librum
436 1138 482 1180 et
519 1132 637 1179 dixit
676 1130 804 1194 quod
843 1145 940 1178 non
980 1136 1052 1179 est
1090 1132 1375 1180 autenticus.
1450 1131 1700 1195 Respondi
1739 1130 1829 1181 ‘Tu
1877 1133 1947 1181 vis
1993 1132 2421 1196 reprehenderem

219 1217 325 1265 illos
372 1217 619 1279 antiquos,
670 1220 716 1263 et
765 1219 927 1263 tamen
975 1221 1026 1263 tu
1066 1230 1164 1263 non
1205 1217 1299 1264 scis
1338 1215 1526 1264 melius.
1602 1216 1705 1279 Ego
1744 1218 1993 1266 neminem
2030 1217 2126 1266 vidi
2164 1216 2362 1281 Colonie

219 1300 582 1364 reprehendere
628 1297 773 1347 talem
826 1298 1024 1347 librum.
1099 1300 1205 1348 Non
1254 1299 1407 1349 habes
1455 1300 1798 1349 verecundiam
1815 1300 1848 1349 ‘Z’
1896 1301 2105 1350 Etcum
2145 1300 2364 1364 indigna·
2428 1330 2436 1335 <

219 1387 346 1433 tione
385 1399 555 1447 magna
596 1383 778 1431 recessi
817 1382 876 1430 ah
917 1399 990 1432 eo.
1066 1383 1126 1432 Et
1176 1398 1295 1446 ergo
1342 1385 1521 1434 notetis
1569 1385 1699 1448 quod
1749 1384 1856 1434 volo
1907 1385 2069 1435 redire
2119 1386 2167 1434 in
2204 1384 2360 1435 Alma-

218 1470 370 1525 niam,
423 1469 533 1531 quia
572 1466 638 1515 ibi
676 1468 896 1529 magistri
934 1473 1046 1516 sunt
1083 1467 1292 1524 domini,
1333 1468 1392 1517 Et
1430 1470 1619 1518 merito,
1694 1468 1858 1519 Probo
1895 1485 1987 1534 per
2024 1469 2360 1533 Evangelium.

218 1553 337 1609 Quia
378 1552 596 1601 Christus
636 1552 778 1600 etiam
817 1552 1004 1600 vocavit
1039 1565 1091 1600 se
1129 1551 1439 1615 Magistrum,
1482 1559 1529 1602 et
1566 1568 1663 1601 non
1703 1554 1982 1610 doctorem,
2024 1553 2213 1604 dicens:
2255 1554 2365 1604 ‘Vos
2384 1573 2422 1607 ιε

218 1638 397 1684 voratis
435 1652 512 1685 me
551 1637 782 1697 magister
822 1642 868 1683 et
907 1636 1156 1692 dominuS,
1212 1645 1260 1685 et
1296 1636 1424 1686 bene
1463 1636 1646 1686 dicitis:
1695 1653 1804 1687 sum
1843 1638 2054 1687 etenim’.
2132 1639 2227 1687 Sed
2269 1654 2365 1688 non

216 1736 414 1784 possum
454 1721 563 1784 plus
601 1720 841 1776 scribere,
883 1721 992 1783 quia
1032 1736 1123 1784 pro
1162 1736 1293 1770 nunc
1330 1737 1427 1769 non
1467 1721 1627 1771 habeo
1666 1722 1875 1786 amplius
1913 1723 2167 1787 papirum:
2209 1729 2255 1772 et
2294 1729 2364 1772 est

215 1805 411 1868 longum
453 1805 509 1852 ad
551 1804 783 1867 Campum
823 1805 958 1868 flore.
1035 1803 1149 1853 Vale
1187 1805 1362 1854 Datum
1400 1807 1450 1854 in
1490 1805 1706 1855 Romana
1748 1805 1908 1855 Curia.

1247 2040 1337 2099 24.

670 2169 710 2215 (i
750 2157 1128 2236 Magister
1173 2156 1593 2239 Philippus
1640 2158 1899 2218 Mesue
2175 2174 2177 2176 ’
2375 2188 2421 2227 20

808 2269 1141 2337 Magistro
1192 2269 1479 2322 Ortvino
1530 2270 1772 2323 Gratio

217 2382 457 2430 Humilem
498 2381 847 2432 subiectionem
874 2371 995 2431 'loco
1035 2383 1228 2434 Salutis,
1302 2383 1593 2433 venerahilis
1630 2385 1886 2447 Magister:
1936 2386 2365 2450 quoniamquidem

218 2467 418 2528 promisi
457 2466 592 2514 vobis
630 2469 792 2516 omnia
831 2467 1049 2516 scribere
1088 2484 1181 2532 que
1220 2469 1364 2517 audio
1404 2474 1451 2517 et
1489 2469 1626 2518 video
1665 2470 1712 2517 in
1751 2485 1896 2518 causa
1927 2476 2100 2525 vestra,
2143 2485 2237 2534 que
2265 2486 2365 2520 me-

218 2551 310 2596 rito
358 2556 557 2598 vocatur
596 2550 748 2599 Causa
798 2551 936 2607 fidei,
987 2553 1097 2614 quia
1144 2552 1482 2602 universaliter
1530 2553 1785 2601 concernit
1835 2553 1978 2602 fidem
2018 2554 2364 2604 Christianam:

219 2632 349 2695 Ergo
388 2635 548 2684 sciatis
586 2635 716 2699 quod
755 2637 915 2699 primo
963 2636 1158 2698 quando
1207 2638 1315 2686 veni
1361 2637 1485 2693 huc,
1537 2643 1652 2686 tunc
1690 2637 1906 2700 Magistri
1954 2639 2183 2687 dixerunt
2218 2639 2421 2688 mihizn

221 2717 361 2774 ‘Quid
399 2720 525 2774 novi,
566 2720 682 2782 quid
721 2720 847 2776 novi,
887 2722 1120 2785 magister
1145 2719 1398 2785 Philippe?
1436 2720 1560 2778 Quid
1601 2723 1711 2770 novi
1749 2722 1810 2772 de
1837 2722 2034 2772 Colonia
2051 2723 2084 2771 ‘Z’
2121 2723 2365 2788 Respondi

220 2801 348 2863 quod
386 2802 504 2850 nihil
543 2805 652 2852 novi
691 2805 791 2853 scio
828 2804 919 2852 nisi
958 2804 1088 2868 quod
1129 2806 1317 2855 noviter
1354 2806 1547 2855 Domini
1587 2805 1800 2870 theologi
1839 2812 1887 2855 et
1922 2807 2187 2870 Inquisitor
2223 2807 2363 2872 here-

220 2885 308 2948 tice
356 2888 606 2949 pravitatis
644 2888 704 2936 de
743 2886 925 2937 Ordine
963 2888 1327 2952 predicatorum
1367 2889 1744 2939 combusserunt
1793 2906 1945 2940 unum
1993 2891 2175 2941 librum
2225 2892 2364 2956 here-

218 2968 409 3018 ticalem
459 2972 541 3034 qui
589 2972 860 3021 intitulatur
910 2972 1193 3037 ‘Speculum
1233 2973 1444 3024 Oculare
1481 2974 2021 3024 IohannisReuchlin’.
2096 2976 2366 3040 Respondit

220 3052 447 3113 Magister
487 3054 725 3105 Ecbertus
772 3057 831 3105 de
869 3056 1093 3115 Harlem‚
1145 3059 1227 3123 qui
1267 3064 1340 3108 est
1386 3060 1458 3107 vir
1507 3059 1680 3108 doctus
1729 3065 1777 3109 et
1823 3059 2034 3124 probuS,
2086 3066 2135 3109 et
2179 3060 2419 3111 debetisso

221 3135 338 3182 mihi
375 3138 578 3187 credere
617 3140 745 3203 quod
785 3156 883 3188 non
925 3147 996 3190 est
1032 3142 1272 3205 partialiS,
1314 3143 1419 3207 ipse
1456 3144 1600 3192 dixit:
1641 3143 1767 3194 bene
1806 3145 2079 3193 audivimus
2115 3144 2196 3193 hic
2234 3144 2359 3209 quod

223 3220 599 3271 combusserunt
636 3223 767 3272 illum
807 3224 1012 3281 librum;
1054 3226 1138 3274 sed
1179 3227 1323 3275 etiam
1363 3227 1633 3276 audivimus
1671 3228 1801 3292 quod
1839 3244 1939 3277 non
1978 3228 2141 3279 debite
2168 3235 2215 3278 et
2239 3230 2362 3278 iusto

222 3303 367 3351 modo
414 3313 761 3366 processerunt
805 3310 852 3356 in
901 3309 981 3358 illa
1032 3307 1201 3367 causa,
1260 3317 1307 3360 et
1354 3313 1704 3360 commiserunt
1750 3314 2014 3362 maximum
2063 3312 2359 3368 scandalum,

222 3388 332 3451 quia
371 3402 460 3435 nos
496 3388 575 3437 hic
614 3392 759 3440 etiam
796 3393 1001 3442 vidimus
1037 3393 1181 3443 talem
1219 3394 1423 3454 librum,
1475 3401 1522 3445 et
1568 3411 1666 3445 non
1703 3396 1896 3446 videtur
1923 3396 2076 3446 nobis
2113 3397 2241 3462 quod
2279 3396 2362 3460 he-

332 3555 349 3580 ²
382 3586 392 3596 .
414 3556 516 3596 Uno
547 3559 587 3596 5.
694 3558 711 3583 8
743 3559 927 3603 autho2?
957 3565 1001 3601 5.
1063 3568 1066 3573 “
1105 3560 1122 3585 ⁹
1153 3562 1270 3603 vade
1302 3566 1343 3603 4.
1451 3562 1487 3589 ¹⁰
1518 3593 1531 3604 .
1552 3567 1603 3604 tu
1632 3568 1674 3605 5.
1764 3562 1796 3590 ¹¹
1829 3576 1854 3604 e
1877 3566 1920 3606 4.
1951 3578 1977 3618 q
1999 3569 2040 3608 5.
2128 3563 2163 3590 ¹⁴
2193 3562 2361 3605 domini

223 3629 269 3666 et
299 3630 340 3667 5.
432 3624 464 3650 ¹5
494 3626 579 3666 Va.
601 3630 641 3666 5.
728 3627 966 3669 Rhomana
996 3633 1036 3671 5.

332 3694 370 3720 ²⁰
400 3695 459 3734 M.
484 3697 525 3737 4.
556 3696 646 3736 Ma.
669 3700 710 3739 5.
797 3696 834 3721 ²²
864 3699 1057 3739 Umilem
1089 3704 1129 3740 5.
1150 3703 1304 3741 initiali
1332 3702 1377 3741 H
1405 3705 1555 3743 relicto
1586 3705 1690 3745 loco.
1779 3736 1789 3746 .
1814 3704 1979 3756 Qrfit'ide
2009 3708 2050 3744 5.
2137 3703 2174 3728 ²³
2205 3716 2288 3756 que
2319 3706 2358 3743 5.

223 3777 307 3818 que
339 3768 380 3807 5.
466 3762 553 3789 ²4²5
585 3765 823 3806 Cristianfi.
855 3768 975 3819 Ergo
998 3771 1039 3810 4.
1126 3771 1266 3809 michi
1289 3774 1328 3813 5.
1359 3777 1405 3810 ut
1431 3772 1561 3822 infra.
1647 3771 1684 3797 ²³
1715 3786 1738 3812 e
1762 3776 1801 3816 4.
1833 3788 1858 3828 e
1881 3780 1922 3816 5.
2002 3774 2038 3800 ³⁰
2067 3774 2198 3826 pbus.
2230 3775 2289 3812 Et
2319 3773 2357 3815 4.

221 3836 403 3890 probus.
437 3839 482 3876 et
502 3839 543 3876 5.
631 3834 663 3862 ³¹
698 3867 707 3876 .
730 3836 830 3888 Ipse
861 3839 899 3879 4.
912 3840 952 3877 5.
