2456 4264
972 262 1191 293 votvm-m
1214 263 1436 294 Tssn‘rlvu.
2164 241 2285 300 533

1171 392 1252 445 13.

0 541 6 566 .
988 511 1232 558 Monachus
1270 511 1449 572 quidam

726 592 1028 657 Magister
1065 592 1394 644 Balthasar
1432 592 1701 660 Schlaug

0 633 13 747 i¹
777 677 1080 741 Magistro
1119 678 1383 729 Ortvino
1422 679 1646 730 Gratio

0 726 13 798 ¹-
76 777 98 810 5
253 781 261 790 ·
373 769 381 775 ‘
420 768 438 790 ⁸
924 766 1064 812 Roma
1100 766 1333 814 Coloniam
1371 767 1495 813 misit

11 848 13 850 ’
343 847 526 895 Salutes
562 855 744 895 centum
784 850 922 896 millia
960 854 1173 899 sestertia
1187 888 1198 904 ,
1238 853 1482 899 secundum
1521 867 1680 899 novam
1719 856 2053 914 grammaticam
2069 891 2080 907 .

700 949 802 981 cum
841 950 1013 983 summa
1054 939 1341 984 veneratione
1378 952 1403 984 a
1440 945 1570 1000 parte
1609 945 1727 984 ante.

273 1046 554 1096 Venerabilis
590 1048 778 1095 Domine
804 1049 1045 1111 Magister.
1083 1051 1287 1113 Epistola
1325 1058 1474 1098 vestra
1513 1051 1727 1099 solatiosa
1767 1059 1837 1099 est
1874 1052 1982 1099 mihi
2020 1061 2292 1115 praesentata

130 1121 178 1167 in
217 1119 336 1167 festo
374 1120 603 1171 Michaeli,
652 1128 698 1166 et
744 1119 850 1167 volo
888 1136 973 1183 pro
1012 1136 1132 1168 nunc
1168 1123 1297 1169 vobis
1336 1123 1627 1184 respondere.
1705 1122 1791 1169 Sed
1830 1138 1944 1185 rogo
1982 1139 2062 1171 vos
2099 1140 2294 1187 praecor·

78 1200 117 1233 ¹⁰
133 1191 314 1239 dialiter
348 1198 397 1238 et
432 1191 721 1244 charitative,
761 1193 883 1254 quod
922 1192 1067 1239 velitis
1105 1194 1239 1246 mihi,
1281 1194 1461 1255 quando
1500 1195 1693 1240 nuncius
1730 1196 1816 1241 iste
1854 1195 1907 1241 de
1933 1195 2002 1241 via
2027 1197 2211 1249 revenit,
2251 1197 2294 1243 in

131 1277 223 1310 una
260 1263 420 1311 saltem
457 1277 593 1325 parva
632 1263 789 1311 cedula
826 1271 1078 1318 notescere,
1118 1266 1349 1326 quomodo
1389 1267 1554 1312 transit
1579 1265 1720 1315 vobis,
1759 1267 2015 1327 praesertim
2043 1267 2085 1312 in
2114 1267 2189 1313 illa
2216 1267 2295 1314 lite

133 1348 235 1382 cum
272 1332 549 1382 Reuchlinus
587 1341 634 1382 et
670 1335 981 1388 Pfefferkorn,
1022 1338 1096 1397 qui
1137 1337 1303 1383 habent
1340 1337 1470 1383 ambo
1509 1350 1702 1398 nequam
1741 1344 1848 1398 post
1884 1351 2017 1384 aures
2054 1345 2099 1384 et
2126 1338 2296 1386 faciunt

132 1420 323 1468 magnas
359 1420 566 1468 guerras.
638 1407 859 1454 Reuchlin
896 1407 1006 1455 dicit
1043 1423 1207 1469 grossa
1246 1407 1384 1455 verba
1422 1415 1468 1454 et
1505 1421 1599 1454 non
1624 1406 1941 1469 intelligibilia.
2014 1407 2109 1469 Ego
2149 1410 2295 1456 audivi

0 1502 10 1544 ᾗ
134 1477 258 1540 quod
282 1491 387 1525 mox
423 1476 567 1525 abibit
604 1478 659 1524 ad
696 1477 892 1525 fiendum
919 1478 1111 1531 Doctor,
1150 1480 1256 1541 quia
1291 1479 1390 1526 vult
1427 1493 1527 1525 esse
1564 1478 1678 1525 bene
1716 1478 1861 1526 lectus
1899 1479 1946 1525 in
1982 1479 2136 1532 Biblia.
2176 1481 2297 1542 quod

83 1558 121 1592 15
138 1563 232 1596 non
267 1555 356 1597 est.
426 1548 647 1596 Audimus
685 1549 758 1597 hic
795 1557 866 1597 tot
901 1550 956 1597 de
995 1550 1100 1603 illo,
1151 1551 1271 1612 quod
1318 1564 1410 1596 non
1458 1564 1642 1612 possem
1680 1550 1735 1597 ad
1771 1550 1930 1612 viginti
1968 1565 2099 1598 arcus
2137 1551 2298 1614 Papyri

132 1619 362 1673 scribere,
400 1626 446 1668 et
470 1635 607 1669 causa
645 1635 724 1668 sua
764 1623 854 1668 erit
891 1621 1053 1668 malam
1091 1622 1228 1670 finem
1265 1621 1516 1683 acquirere.
1589 1622 1753 1668 Tenuit
1777 1637 1856 1670 vos
1882 1635 2003 1684 saepe
2027 1637 2112 1684 pro
2140 1622 2296 1675 stulto,

132 1698 180 1740 et
215 1691 416 1740 tibisavit
449 1705 556 1744 vos,
605 1693 727 1754 quod
775 1707 867 1740 non
906 1693 1080 1740 debetis
1119 1707 1172 1740 eo
1211 1693 1276 1741 sic
1313 1693 1495 1740 mittere
1534 1695 1740 1740 transire.
1813 1694 2027 1755 Magister
2063 1693 2196 1741 debet
2233 1701 2298 1741 te·

130 1775 242 1812 nere
277 1776 329 1811 se
365 1762 486 1811 sicut
519 1763 750 1824 Magister.
824 1764 989 1812 Omnes
1026 1765 1183 1813 dicunt
1220 1765 1340 1827 quod
1379 1763 1507 1811 eritis
1545 1765 1621 1811 lux
1668 1764 1821 1811 mundi
1869 1764 1982 1811 fieri.
2057 1765 2145 1811 Vos
2183 1765 2296 1813 bene

133 1834 377 1883 manebitis
413 1849 512 1898 prae
551 1837 668 1898 ipso.

74 1917 120 1953 ao
278 1905 519 1965 Quaeritis,
557 1907 788 1969 quomodo
826 1907 936 1955 mihi
974 1908 1128 1960 vadat,
1177 1915 1223 1955 et
1259 1921 1352 1955 non
1387 1921 1576 1970 possum
1616 1906 1745 1954 vobis
1782 1907 1895 1955 clam
1934 1906 2125 1962 babere,
2175 1908 2297 1969 quod

132 1977 280 2026 adhuc
314 1979 364 2025 in
386 1977 528 2027 Roma
566 1979 700 2026 vitam
738 1979 939 2031 traham,
978 1986 1024 2026 et
1060 1978 1193 2042 plane
1230 1979 1565 2041 depauperatus
1605 1993 1728 2025 sum:
1766 1978 1909 2027 habeo
1946 1978 2188 2041 aliquando
2227 1979 2297 2026 vix

132 2051 304 2099 siecum
326 2062 493 2112 panem
519 2050 637 2098 etin
674 2058 810 2098 nocte
846 2057 955 2098 utor
991 2051 1106 2098 mala
1143 2051 1438 2098 lectisternia.
1511 2050 1753 2097 Rarissime
1790 2049 1849 2097 fio
1886 2049 2154 2102 vinificatuS.
2192 2052 2296 2113 quia

0 2141 9 2214 ξ
131 2131 273 2171 vocor
315 2120 372 2169 ad
417 2121 569 2169 nullas
616 2122 972 2170 convivalitates.
1046 2122 1140 2184 Ego
1187 2124 1245 2170 ivi
1291 2135 1438 2184 nuper
1484 2136 1569 2183 pro
1619 2123 1763 2168 caseis
1811 2128 1857 2168 et
1893 2135 1975 2183 per
2011 2113 2163 2168 de'ce'm
2200 2121 2296 2168 dies

0 2249 4 2272 ι
131 2207 229 2241 non
264 2191 423 2256 plures
460 2207 596 2256 quam
633 2193 890 2257 quindecim
928 2193 1117 2255 collegi:
1170 2194 1280 2241 dixit
1314 2193 1424 2240 mihi
1462 2191 1558 2239 heri
1598 2207 1685 2240 una
1724 2194 1908 2254 antiqua
1955 2190 2126 2244 vetula.
2174 2193 2296 2255 quod

0 2285 4 2327 ι,
75 2277 118 2310 25
135 2279 255 2314 unus
291 2264 506 2313 sacerdos
543 2265 710 2313 ruralis
748 2272 934 2328 oportet
971 2266 1122 2313 venire
1160 2266 1215 2313 de
1252 2267 1455 2327 pastoria
1491 2279 1596 2311 sua:
1635 2277 1746 2325 ergo
1773 2277 1951 2327 sperem
1976 2262 2137 2317 habeo.
2175 2264 2294 2326 quod

0 2329 5 2346 '
131 2342 242 2400 post
278 2335 407 2384 illum
442 2338 597 2385 venire
634 2338 823 2400 possim.
897 2336 1049 2385 Habeo
1095 2337 1157 2385 ibi
1203 2336 1370 2384 multas
1407 2350 1565 2388 aucas.
1614 2338 1798 2383 iuvenes
1835 2341 1881 2382 et
1918 2349 2053 2383 senes
2091 2334 2295 2396 gallinas,

132 2414 335 2461 antetas,
372 2422 563 2471 ganzas,
601 2407 720 2457 bona
758 2408 969 2472 piscalia‚
1010 2409 1128 2456 bona
1164 2407 1396 2471 coqualia;
1435 2407 1569 2455 habet
1609 2408 1743 2454 etiam
1780 2408 1932 2454 vinum
1969 2406 2080 2460 Cos,
2120 2413 2208 2454 etc.

274 2479 402 2528 Tunc
436 2480 542 2528 volo
580 2480 738 2528 sedere
777 2480 821 2526 in
859 2479 992 2528 stuba
1029 2494 1127 2527 mea
1165 2487 1212 2528 et
1249 2479 1457 2532 studere,
1506 2485 1559 2525 ut
1604 2479 1775 2541 possim
1823 2478 2006 2525 rusticis
2051 2478 2297 2540 praedicare

0 2603 2 2613 ‚
134 2550 182 2598 in
221 2550 509 2599 sermonibus
544 2551 695 2600 Parati
735 2551 805 2599 vel
843 2551 1052 2614 discipuli
1093 2551 1159 2598 vel
1199 2553 1332 2598 etiam
1371 2552 1417 2597 in
1454 2549 1619 2602 Biblia.
1659 2551 1721 2596 ita
1758 2549 1882 2612 quod
1918 2562 1997 2596 ero
2038 2549 2296 2596 habituatus

74 2621 192 2671 suad
227 2621 579 2686 predicandum.
652 2623 837 2670 Interim
874 2623 1021 2671 adhuc
1056 2623 1234 2671 audiam
1272 2622 1535 2683 Magistrum
1562 2620 1778 2668 Tbomam
1816 2621 1870 2668 de
1894 2620 2083 2668 Walleis
2121 2622 2198 2683 qui
2238 2620 2299 2667 le·

133 2694 204 2756 git
238 2692 453 2756 Logicam
490 2701 539 2742 et
575 2695 922 2743 concordantias
959 2697 1080 2742 inter
1116 2708 1289 2743 sacram
1326 2693 1604 2756 Scripturam
1642 2699 1688 2739 et
1724 2691 1899 2740 fabulas
1935 2690 2155 2739 Poetales.

274 2764 522 2829 Compilavi
570 2781 706 2814 unam
753 2765 991 2829 epistolam
1038 2764 1327 2815 carminalem
1365 2778 1446 2812 seu
1485 2770 1755 2823 metrosam.
1805 2778 1937 2825 quam
1976 2763 2077 2811 volo
2117 2764 2296 2810 mittere

133 2837 409 2902 imprimere.
483 2838 571 2886 Sed
617 2845 725 2901 peto
774 2838 898 2901 quod
946 2837 1055 2885 mihi
1095 2838 1149 2885 de
1186 2838 1269 2885 hac
1305 2836 1434 2899 prius
1472 2835 1633 2884 dicatis
1671 2836 1939 2882 sentimenta
1978 2842 2140 2881 vestra.
2216 2834 2296 2881 Va·

134 2907 227 2957 lete
261 2908 415 2958 laetius
454 2924 588 2972 quam
627 2911 725 2973 apis
764 2910 810 2956 in
850 2910 1030 2972 thymo,
1070 2909 1138 2956 vel
1177 2908 1315 2972 piscis
1355 2907 1399 2955 in
1438 2907 1585 2956 undis.
1661 2905 1814 2954 Valete
1851 2906 1997 2953 adhuc
2034 2904 2187 2952 semel.

2 3035 8 3042 ¹
78 2986 121 3021 ³⁵
387 2981 548 3029 Datum
586 2981 633 3029 in
670 2980 784 3029 urbe
820 2981 984 3033 Roma.
1082 2981 1159 3028 ubi
1199 2987 1307 3027 sunt
1344 2978 1565 3027 mirabilia
1603 2993 1757 3041 poma.

387 3052 499 3111 Quae
536 3054 695 3101 rustici
734 3053 796 3100 ibi
834 3052 1034 3100 vendunt
1129 3059 1175 3099 et
1211 3065 1294 3114 per
1329 3050 1490 3099 libram
1528 3050 1643 3098 bene
1682 3049 1905 3112 pendunt.

390 3122 519 3172 Sicut
555 3138 643 3187 ego
681 3124 769 3172 vidi
868 3131 914 3172 et
951 3138 1033 3187 per
1070 3123 1393 3187 experientiam
1431 3122 1579 3170 didici.
1654 3120 1841 3168 Amend.

249 3303 262 3331 ¹
302 3304 423 3347 Tota
461 3306 560 3347 fere
599 3305 700 3347 haec
732 3319 803 3360 ep.
829 3319 881 3347 ex
921 3305 1117 3347 diversis
1156 3305 1370 3358 genuinis
1401 3303 1515 3357 Epp.
1540 3302 1595 3344 Ο.
1619 3302 1695 3352 V.‚
1728 3301 1846 3356 quod
1884 3302 2123 3343 verborum
2161 3300 2295 3342 index

135 3374 280 3419 facile
311 3375 620 3428 demonstrat,
656 3378 983 3418 consarcinata
1016 3384 1100 3426 est,
1135 3391 1175 3417 e.
1199 3388 1264 3429 gr.
1325 3374 1343 3398 ⁶
1375 3375 1457 3428 Ep.
1481 3373 1535 3415 Ο.
1560 3373 1612 3417 V.
1638 3373 1694 3414 11.
1725 3372 1759 3415 l.
1837 3371 1855 3398 ⁷
1885 3372 1967 3427 Ep.
1992 3373 2046 3417 Ο.
2068 3372 2121 3413 V.
2146 3372 2204 3415 11.
2231 3371 2295 3413 10.

134 3447 154 3476 ⁸
181 3449 268 3503 Ep.
289 3447 344 3491 Ο.
365 3448 420 3489 V.
443 3447 503 3491 11.
524 3447 594 3489 47.
685 3446 718 3473 ¹⁸
750 3447 875 3489 nial.
907 3461 1010 3489 nov.
1045 3452 1090 3488 et
1121 3447 1231 3487 mire
1266 3446 1370 3487 fest.
1393 3447 1431 3497 §-
1454 3445 1523 3486 59.
1616 3442 1647 3470 ¹⁴
1682 3444 1760 3498 Ep.
1787 3443 1840 3484 O.
1867 3443 1918 3484 V.
1944 3443 2002 3485 11.
2025 3443 2095 3487 55.
2156 3442 2189 3469 ¹⁶
2208 3442 2293 3496 Ep.

135 3518 191 3562 Ο.
214 3518 268 3560 V.
291 3519 327 3563 1.
349 3517 419 3560 47.
530 3516 564 3544 ¹⁷
596 3516 669 3572 eo]
702 3519 729 3559 ἰ.
752 3532 789 3559 e.
813 3518 872 3559 ei.
990 3517 1073 3572 Ep.
1099 3516 1153 3558 Ο.
1179 3515 1230 3559 V.
1254 3516 1312 3558 11,
1335 3516 1405 3558 23.
1497 3514 1531 3542 ¹⁸
1562 3516 1645 3571 Ep.
1670 3515 1725 3558 Ο.
1749 3515 1800 3556 V.
1827 3515 1884 3559 11.
1907 3514 1976 3556 62.
2064 3513 2101 3539 '⁶
2132 3514 2215 3568 Ep.
2240 3513 2292 3554 Ο.

133 3589 188 3631 V.
211 3589 271 3631 11.
292 3589 363 3631 48.
451 3587 490 3615 ⁸⁰
519 3588 581 3630 cf.
604 3588 691 3643 Ep.
714 3589 767 3632 Ο.
792 3588 844 3630 V.
866 3588 900 3631 1.
921 3587 990 3629 28.
1078 3585 1112 3612 ⁸⁸
1143 3587 1227 3642 Ep.
1252 3587 1308 3629 Ο.
1331 3587 1383 3639 V,
1408 3587 1467 3629 11.
1490 3588 1559 3628 44.
1650 3585 1687 3612 ⁸⁶
1718 3586 1802 3641 Ep.
1827 3586 1883 3628 Ο.
1907 3586 1958 3627 V.
1986 3586 2042 3629 11.
2067 3587 2105 3626 2.
2132 3586 2159 3625 i.
2187 3585 2215 3624 f.
2297 3618 2312 3630 .
