2456 4264
259 291 379 350 498
560 315 885 346 TRACTATVLVS
909 313 1086 348 QVIDAM
1110 312 1331 340 SOLENNIS
1353 313 1411 340 DE
1435 313 1551 340 ARTE
1573 313 1631 340 ΕΤ
1653 313 1778 341 MODO
1801 312 2081 347 INQVIRENDI

1127 420 1505 482 DVODECIMA.

394 528 435 574 (Ι
474 543 522 576 SI
559 535 703 574 autem
741 541 822 588 per
858 528 1046 587 gratiam
1084 528 1159 573 Dei
1198 527 1389 573 audierit
1426 525 1692 578 haereticus,
1731 533 1775 571 et
1813 527 2045 574 ecclesiam
2084 534 2281 574 sanctam
2320 542 2388 574 se-

257 604 331 662 qui
370 600 651 662 promiserit,
690 606 797 644 tunc
834 613 935 645 mox
972 600 1230 660 imponatur
1267 599 1305 642 ei
1344 599 1595 650 revocatio,
1634 612 1718 644 nec
1756 605 1826 643 est
1862 604 1971 644 tunc
2007 612 2190 645 necesse
2228 599 2283 645 ad
2310 613 2388 644 sua

256 673 369 717 dicta
407 670 705 731 respondere,
745 676 822 715 aut
859 671 1059 715 rationes
1098 668 1296 719 solvere,
1344 681 1401 713 ne
1434 668 1554 714 forte
1590 674 1782 728 cogatur
1817 668 2062 729 Inquisitor
2098 670 2153 715 ad
2191 676 2388 715 sanctam

256 741 523 802 scripturam
561 742 731 792 venire,
770 741 816 786 in
854 755 943 801 qua
981 739 1223 785 timendum
1263 745 1334 784 est
1368 745 1472 784 uter
1509 739 1846 791 succumberet,
1894 739 1971 784 sed
2009 739 2177 786 sufficit
2215 740 2385 800 simpli·
2422 749 2441 781 5

253 804 365 858 citer
402 812 574 863 dicere,
615 811 792 858 ‘Sancta
830 811 1018 857 ecclesia
1058 811 1122 856 sic
1160 809 1492 861 determinavit,
1533 817 1577 854 et
1615 810 1744 870 sedes
1780 809 2042 870 Apostolica
2079 811 2144 856 sic
2181 810 2304 862 vult’,
2343 817 2388 855 et

255 885 318 928 sic
354 884 497 929 victus
536 889 606 928 est
642 882 908 933 haereticus,
958 888 1002 926 et
1050 881 1193 927 anima
1231 880 1403 926 lucrata
1440 881 1522 926 deo
1560 887 1606 926 et
1641 879 1933 927 benedicatur
1968 880 2107 932 Deus,
2156 888 2201 927 et
2237 881 2388 926 laude-

256 961 329 999 tur
367 960 548 1000 sanctus
587 952 702 999 Ordo
740 953 1116 1003 Praedicatorum,
1157 952 1232 1013 qui
1275 958 1361 998 tam
1398 950 1588 1011 Legales
1624 950 1922 1012 Inquisitores
1961 953 2191 998 enutrivit.
2263 951 2388 997 Tunc

248 1025 569 1085 imponendum
609 1029 677 1069 est
714 1025 925 1069 haeretico
963 1031 1014 1068 ut
1052 1037 1159 1069 suos
1197 1024 1292 1083 ipse
1330 1021 1472 1068 libros
1510 1021 1765 1074 comburat,
1804 1028 1850 1067 et
1885 1022 2035 1082 ignem
2072 1022 2232 1072 foveat,
2272 1023 2388 1068 sicut

248 1095 371 1142 Isaac
406 1094 528 1156 ligna
565 1109 649 1156 pro
690 1109 737 1140 se
775 1095 875 1155 ipso
913 1096 1129 1155 portavit,
1179 1107 1270 1138 non
1318 1094 1363 1138 in
1411 1092 1724 1139 confusionem
1762 1092 1940 1153 quidem
1978 1092 2178 1140 haeretici
2217 1092 2296 1139 sed
2332 1098 2384 1137 ut
2407 1101 2444 1133 ιο

248 1165 498 1226 Inquisitor
534 1167 655 1211 iuxta
694 1180 792 1212 cum
832 1164 976 1225 gloria
1015 1165 1168 1211 sedere
1205 1164 1377 1224 possit,
1426 1170 1470 1208 et
1507 1163 1552 1208 in
1589 1170 1838 1224 conspectu
1875 1162 2260 1210 circumstantium
2298 1162 2387 1208 hae·

249 1237 438 1283 reticum
480 1235 686 1282 omnibus
725 1235 964 1282 ostendere
1002 1237 1190 1286 victum,
1240 1233 1350 1290 Quia
1387 1234 1473 1280 iam
1511 1236 1629 1280 victo
1667 1233 1798 1280 debet
1835 1234 2073 1295 aliqualem
2111 1235 2387 1295 compassio-

249 1322 351 1354 nem
388 1308 562 1359 facere,
611 1313 656 1353 et
701 1321 791 1353 non
841 1308 973 1352 nimis
1020 1307 1240 1352 insultare
1287 1312 1332 1351 et
1369 1305 1560 1351 irridere
1597 1304 1838 1360 miserum,
1885 1306 1972 1350 nisi
2008 1304 2086 1351 ubi
2124 1304 2385 1351 discretioni

251 1393 344 1425 suae
382 1380 526 1424 visum
565 1385 649 1424 est.
725 1376 766 1422 (Ι
804 1376 847 1423 Si
886 1384 1033 1424 autem
1070 1376 1293 1429 noluerit,
1333 1383 1377 1421 et
1403 1376 1582 1422 omnino
1607 1376 1902 1437 pertinaciter
1925 1376 2240 1436 perseveravit,
2278 1383 2387 1421 tunc

247 1450 371 1496 iuxta
407 1449 701 1510 Apostolum,
748 1448 934 1494 Auferte
983 1448 1146 1494 malum
1191 1448 1244 1493 de
1281 1447 1427 1493 medio
1465 1447 1603 1492 vestri
1642 1446 1704 1507 (in
1743 1461 1833 1508 quo
1870 1446 2117 1508 Apostolus
2154 1446 2258 1493 licet
2295 1460 2385 1492 non
2406 1454 2444 1487 ¹5

249 1519 516 1567 comburere
553 1520 708 1571 iussit,
749 1526 895 1566 tamen
935 1519 1139 1565 occidere
1176 1519 1396 1580 praecepit
1420 1532 1502 1578 per
1527 1518 1910 1579 dispensationem
1936 1517 2153 1578 praecepti
2178 1516 2270 1577 Dei)
2298 1523 2388 1562 tra-

247 1591 380 1637 datur
417 1591 517 1637 soro
557 1589 746 1637 seculari
783 1596 828 1635 et
863 1589 1180 1641 comburatur,
1219 1591 1336 1635 sicut
1373 1595 1442 1634 est
1480 1588 1620 1634 moris
1657 1595 1792 1650 atque
1829 1587 1920 1634 stili
1946 1588 2154 1639 Romani,
2193 1602 2277 1634 nec
2301 1601 2386 1649 pro

249 1676 302 1708 eo
342 1668 519 1714 oretur,
566 1675 649 1708 nec
695 1675 818 1707 mors
866 1660 960 1706 eius
1010 1660 1368 1711 commendetur,
1419 1659 1507 1705 Sed
1555 1658 1615 1704 sit
1651 1673 1815 1705 nomen
1855 1661 1950 1705 eius
1987 1659 2293 1710 maledictum,
2343 1664 2388 1704 et

249 1734 396 1779 omnia
445 1746 546 1793 quae
592 1732 702 1778 dixit
752 1738 797 1777 et
845 1731 1049 1792 scripsit,
1098 1738 1143 1777 et
1188 1731 1309 1777 fecit.
1384 1730 1507 1776 Tunc
1543 1730 1841 1790 Inquisitores
1887 1729 2116 1776 habebunt
2165 1730 2387 1775 intentum

245 1803 381 1851 finem
418 1817 575 1855 suum,
614 1802 785 1849 scilicet
822 1816 1025 1862 magnam
1065 1801 1255 1862 gloriam
1292 1801 1411 1862 apud
1445 1800 1582 1846 Deum
1621 1807 1666 1846 et
1702 1801 1928 1852 homines,
1968 1806 2013 1846 et
2050 1800 2246 1860 gaudere
2282 1807 2444 1861 pos-20

248 1882 354 1920 sunt
389 1876 434 1920 in
471 1874 607 1920 corde
645 1888 743 1919 suo.
819 1870 861 1918 (Ι
897 1872 958 1918 Ex
997 1873 1205 1919 omnibus
1242 1871 1468 1933 praedictis
1517 1873 1725 1932 sequitur
1769 1885 1908 1917 unum
1953 1871 2151 1918 notabile
2190 1870 2389 1917 Corolla-

244 1947 376 1991 rium.
449 1943 492 1990 (Ι
526 1945 622 1992 Hoc
659 1951 729 1990 est
764 1944 875 1995 hoc,
914 1943 1042 1999 Quod
1078 1944 1154 1989 isti
1193 1949 1389 2004 quatuor
1422 1954 1655 1989 FRATRES
1679 1941 2002 1989 Praedicatores
2038 1943 2081 1988 in
2106 1942 2248 1989 Berna
2284 1947 2390 1987 sunt

247 2016 401 2077 inique
439 2015 687 2067 combusti,
737 2016 841 2075 quia
887 2014 1074 2060 suerunt
1119 2014 1358 2060 examinati
1405 2013 1458 2059 de
1495 2019 1663 2074 puncto
1702 2013 1755 2060 ad
1792 2020 2033 2074 punctum,
2083 2020 2128 2059 et
2166 2014 2232 2060 sic
2268 2012 2388 2059 dese·

247 2093 421 2134 cerunt.
496 2086 542 2132 Si
592 2092 741 2133 autem
787 2085 933 2146 primo
981 2085 1175 2132 fuissent
1220 2084 1488 2145 interrogati
1528 2083 1663 2144 (sicut
1699 2081 1967 2147 debuerunt)
2016 2090 2061 2130 et
2110 2083 2256 2130 solum
2301 2084 2389 2130 hoc

249 2158 452 2219 quaesiti,
492 2172 547 2203 an
586 2157 820 2203 crederent
857 2158 902 2203 in
941 2163 1138 2204 sanctam
1175 2156 1440 2208 Ecclesiam,
1478 2155 1595 2202 bene
1631 2155 1824 2202 fuissent
1860 2154 2061 2206 liberati,
2101 2153 2212 2211 Quia
2250 2155 2383 2200 etiam
2402 2161 2446 2196 25

249 2230 557 2275 sanctissimus
593 2228 806 2275 Dominus
843 2229 961 2289 Papa
998 2229 1085 2274 iam
1123 2228 1381 2274 decreverat
1427 2226 1535 2286 (non
1585 2233 1767 2288 accepta
1804 2227 2017 2287 pecunia,
2069 2232 2120 2272 ut
2156 2225 2287 2272 multi
2323 2224 2389 2271 lo-

248 2298 464 2363 quuntur)
505 2313 582 2346 eos
619 2298 838 2351 liberare,
878 2301 982 2359 quia
1018 2298 1265 2346 Ecclesiam
1303 2304 1500 2345 sanctam
1536 2296 1887 2349 confitebantur,
1936 2310 2044 2357 ergo
2081 2296 2194 2342 nihil
2231 2302 2388 2343 contra

135 2365 250 2420 Biijb
270 2370 512 2417 Ecclesiam
549 2377 763 2432 egerunt,
816 2384 954 2431 quare
998 2384 1090 2417 non
1126 2370 1310 2416 suerunt
1335 2362 1356 2435 Η
1381 2368 1600 2416 haeretici.
1670 2367 1756 2415 Sed
1790 2367 1983 2415 Helvecii
2018 2368 2095 2414 isti
2132 2367 2389 2418 Schvicerii,

251 2442 356 2503 quia
391 2441 560 2488 bellare
595 2448 767 2488 tantum
806 2441 977 2493 sciunt,
1025 2447 1166 2488 artem
1203 2446 1353 2488 autem
1389 2439 1643 2500 inquirendi
1680 2454 1906 2500 nunquam
1944 2438 2237 2490 studuerunt,
2286 2437 2388 2483 ideo

245 2527 337 2559 non
375 2515 560 2565 mirum,
599 2513 722 2574 quod
758 2512 906 2559 omnia
942 2518 1282 2574 perverterunt,
1320 2518 1366 2557 et
1400 2513 1608 2558 iniuriam
1646 2512 1710 2557 eis
1746 2509 1973 2562 fecerunt,
2013 2516 2059 2556 et
2094 2523 2194 2556 meo
2221 2508 2387 2555 iudicio
2402 2515 2446 2550 3ο

247 2585 455 2630 haeresim
493 2585 837 2636 commiserunt,
887 2584 1007 2645 quod
1054 2583 1403 2630 combusserunt
1448 2596 1528 2629 eos
1577 2583 1654 2644 qui
1689 2580 1933 2628 Ecclesiam
1970 2587 2166 2628 sanctam
2204 2578 2389 2627 confite·

247 2654 425 2702 bantur.
496 2656 554 2701 At
590 2655 657 2701 illi
691 2655 843 2702 Boemi
879 2655 1066 2702 loannes
1103 2655 1204 2701 ΗΠΒ
1252 2661 1297 2700 et
1333 2653 1631 2715 Hieronymus
1668 2652 1722 2699 de
1759 2652 1902 2713 Praga
1939 2658 2062 2699 recte
2098 2659 2144 2698 et
2179 2650 2389 2698 artificia-

249 2725 354 2771 liter
390 2726 576 2773 suerunt
614 2727 873 2779 examinati,
914 2726 1017 2786 quia
1053 2740 1144 2771 non
1181 2718 1263 2786 per
1301 2738 1471 2771 sacram
1511 2726 1782 2785 scripturam
1820 2723 2006 2770 suerunt
2042 2724 2260 2774 convicti,
2300 2721 2387 2768 Sed

247 2809 329 2857 per
366 2797 782 2844 determinationem
817 2797 1026 2843 Romanae
1061 2796 1271 2843 Ecclesiae
1310 2796 1517 2842 damnati.
1591 2793 1702 2850 Quia
1747 2801 1799 2840 ut
1845 2809 1982 2855 supra
2032 2793 2143 2845 dixi,
2191 2793 2387 2840 Romana

248 2867 446 2914 Ecclesia
483 2875 552 2914 est
588 2869 744 2928 regula
779 2867 905 2920 fidei,
955 2868 1172 2929 magistra
1219 2867 1531 2919 ecclesiarum,
1579 2866 1757 2912 domina
1807 2871 2042 2912 terrarum.
2116 2862 2218 2911 ldeo
2258 2863 2384 2925 quid·
2399 2871 2440 2906 35

250 2938 357 2998 quid
393 2938 577 2990 dixerit,
616 2937 835 2985 articulus
872 2939 975 2985 fidei
1013 2945 1106 2990 est,
1146 2953 1237 2984 non
1276 2937 1485 2984 obstante
1524 2937 1645 2999 quod
1681 2936 1919 2998 aliquando
1958 2935 2135 2987 erravit,
2173 2935 2280 2982 Nam
2317 2948 2388 2981 re-

250 3009 354 3068 gula
389 3008 491 3055 fidei
527 3015 685 3071 potest
720 3009 833 3056 bene
872 3023 1022 3056 errare
1058 3009 1311 3060 venialiter,
1351 3010 1469 3055 sicut
1506 3008 1551 3055 S.
1590 3008 1751 3054 Petrus
1789 3007 1844 3054 ad
1881 3006 1974 3053 Gal.
2015 3007 2065 3053 ΙΙ.
2139 3003 2181 3051 (Ι
2218 3005 2305 3052 Sed
2342 3012 2388 3052 et

248 3080 436 3125 Ioannes
460 3080 678 3127 Reuchlin
720 3082 758 3127 si
794 3082 1108 3142 permisissent
1131 3080 1362 3140 Principes
1399 3079 1568 3140 inquiri
1604 3078 1659 3125 de
1695 3078 1886 3125 articulo
1924 3078 2027 3126 fidei
2061 3078 2107 3123 in
2143 3075 2387 3124 Ecclesiam

250 3156 471 3203 sanctam,
507 3165 599 3197 non
640 3158 812 3198 tantum
849 3152 953 3198 libri
990 3153 1083 3203 sui,
1123 3151 1201 3197 sed
1236 3152 1334 3211 ipse
1371 3163 1554 3211 quoque
1590 3150 1754 3196 fuisset
1778 3149 2062 3201 combustus,
2100 3148 2149 3194 In
2177 3161 2268 3209 quo
2294 3161 2387 3194 ma·

247 3221 406 3266 xlmam
452 3221 641 3280 gloriam
678 3222 974 3284 Inquisitores
1010 3223 1207 3269 fuissent
1243 3223 1500 3273 consecuti,
1549 3221 1668 3282 quod
1716 3219 1849 3267 talem
1894 3221 2037 3266 virum
2074 3225 2164 3266 tam
2203 3219 2383 3265 doctum
2400 3224 2444 3258 40

252 3290 630 3344 combussissent,
670 3292 782 3349 Quia
820 3308 998 3355 semper
1034 3293 1347 3340 combustores
1386 3298 1491 3338 sunt
1527 3291 1753 3339 doctiores
1791 3291 2053 3342 combustis,
2092 3297 2144 3336 ut
2179 3296 2305 3351 patet
2340 3289 2387 3335 in

253 3360 405 3422 Coquo
454 3368 498 3407 et
533 3362 668 3423 lignis
707 3379 807 3424 quae
846 3367 943 3425 ipse
979 3365 1219 3411 comburit.
1292 3361 1334 3408 (Ι
1369 3363 1496 3410 Nunc
1540 3369 1688 3410 autem
1736 3363 1842 3423 quia
1879 3363 1933 3409 de
1968 3361 2159 3408 articulo
2196 3361 2242 3406 in
2280 3362 2387 3407 arti-

252 3431 400 3477 culum
439 3445 521 3492 per
558 3433 805 3494 scripturas
844 3442 889 3481 et
925 3436 1124 3482 rationes
1173 3435 1262 3480 fuit
1309 3435 1607 3486 examinatus,
1655 3446 1747 3480 non
1793 3439 1863 3479 est
1906 3434 2071 3479 mirum
2119 3431 2239 3494 quod
2285 3445 2386 3479 cum

253 3502 395 3561 gloria
433 3503 520 3547 suit
554 3502 795 3561 liberatus,
844 3504 956 3560 Quia
1002 3521 1076 3553 ars
1120 3505 1377 3566 inquirendi
1412 3520 1503 3552 non
1539 3505 1626 3552 fuit
1661 3519 1764 3552 cum
1800 3518 1854 3551 eo
1893 3510 2079 3551 servata.
2152 3503 2230 3548 Est
2268 3502 2386 3548 enim

250 3571 552 3634 impossibile,
593 3575 713 3641 quod
749 3576 880 3622 hodie
914 3576 1078 3638 aliquis
1115 3578 1405 3623 convincatur
1441 3578 1706 3628 haereticus,
1745 3576 1784 3622 si
1810 3575 1987 3623 articuli
2012 3576 2108 3621 eius
2135 3572 2383 3619 examinen-
2399 3576 2454 3619 45,

252 3650 329 3689 tur
365 3643 419 3690 ad
456 3658 625 3690 sacram
663 3646 953 3706 scripturam,
1002 3647 1088 3693 Sed
1126 3649 1165 3694 si
1202 3649 1507 3694 examinentur
1543 3648 1597 3694 ad
1636 3653 1832 3695 sanctam
1868 3645 2133 3697 Ecclesiam,
2182 3644 2256 3690 hic
2291 3658 2383 3690 non

364 3794 381 3821 3
412 3795 477 3836 eis
508 3798 549 3836 2.
637 3793 654 3821 5
683 3794 801 3850 uter]
837 3797 1001 3837 iterum
1030 3800 1072 3839 2.
1162 3796 1194 3824 ¹5
1223 3799 1259 3838 Ι.
1283 3798 1386 3840 Cor.
1406 3799 1458 3840 V.
1483 3798 1550 3840 13.
1638 3797 1673 3825 ¹⁶
1703 3796 1856 3854 iussit]
1888 3798 2047 3839 inserit
2076 3799 2119 3837 2.
2226 3792 2383 3849 praem]

249 3865 389 3909 Exod.
411 3866 509 3906 XX.
533 3865 600 3908 13.
686 3865 724 3893 ²⁰
752 3865 945 3921 scilicet]
978 3867 1058 3908 sed
1078 3870 1118 3911 2.
1205 3865 1290 3893 ²¹²2
1318 3868 1610 3910 correlarium
1630 3871 1672 3910 2.
1760 3869 1832 3910 Of.
1854 3881 1991 3922 supra
2011 3865 2172 3920 Regul.
2193 3866 2274 3909 IX.
2296 3868 2326 3908 i.
2350 3867 2384 3909 f.

251 3937 287 3965 ²8
317 3937 524 3979 Heluetii
553 3939 596 3982 2.
683 3935 719 3964 ³²
747 3937 1039 3979 Hieronimus
1070 3941 1112 3979 2.
1198 3936 1284 3964 ³5³⁶
1316 3938 1528 3992 quicquid
1558 3941 1600 3981 2.
