2456 4264
982 306 1200 336 VOLvmzn
1225 307 1444 339 TERTlvu.
2170 284 2293 343 523

475 435 599 485 Felix
636 439 715 501 qui
749 441 919 488 meruit
955 447 1081 489 certo
1117 443 1308 504 vestigia
1343 456 1481 504 passu

588 510 719 557 Clara
753 525 1027 575 repercusso
1063 528 1200 562 curva
1237 521 1419 562 senecta
1455 514 1584 576 pede.

476 579 605 638 Quod
643 591 857 645 superest
892 598 1034 646 porro
1072 585 1248 648 regales
1285 586 1447 633 addere
1483 586 1627 633 maius

410 667 452 702 48
593 654 777 702 Divitias
813 669 1028 719 possum,
1067 670 1335 719 comprecor
1373 671 1577 720 semper:
1614 659 1771 705 Amen.

1185 864 1235 918 5.

871 978 1188 1031 Arnoldus
1225 979 1567 1031 Schurkam

904 1065 1048 1115 frater
1070 1068 1297 1116 minorum
1322 1069 1527 1130 gentium

225 1166 311 1214 per
346 1151 611 1200 decennium
654 1159 828 1201 tantum
867 1152 1013 1205 salus,
1052 1168 1188 1215 quam
1223 1160 1411 1216 portare
1447 1161 1605 1217 potest
1641 1156 1849 1204 Camelus
1886 1164 1965 1204 aut
2000 1156 2213 1219 Elephas,

6 1277 11 1287 .
97 1249 119 1282 5
992 1246 1121 1300 optat
1157 1245 1204 1286 et
1239 1246 1371 1287 vovet

698 1318 955 1371 Domino
992 1320 1031 1371 B
1047 1320 1454 1372 artholomaeo
1490 1322 1726 1374 Lecker
1805 1383 1809 1387 Δ

551 1407 793 1469 ingenioso
831 1415 878 1455 et
912 1410 1167 1473 perspicaci
1203 1409 1423 1471 Magistro
1462 1411 1508 1457 in
1545 1418 1644 1458 arte
1679 1411 1859 1474 legendi

1047 1501 1093 1541 et
1131 1496 1375 1544 scribendi.

0 1664 2 1666 Ι
266 1606 368 1654 Non
404 1607 504 1655 sine
538 1608 733 1656 maximo
770 1608 983 1657 animulae
1019 1623 1130 1659 meae
1170 1610 1370 1673 tripudio
1410 1617 1456 1658 et
1493 1609 1639 1664 saltu,
1688 1613 1755 1659 uti
1803 1613 2024 1675 scriptum
2063 1621 2156 1667 est,
2203 1614 2292 1662 sal-

74 1685 117 1721 10
132 1677 258 1727 tabat
292 1678 444 1726 infans
479 1679 528 1726 in
563 1685 698 1728 utero
735 1681 858 1734 eius,
906 1681 997 1728 vidi
1042 1696 1221 1744 nupero
1268 1682 1341 1729 die
1378 1684 1426 1730 in
1463 1684 1576 1730 cista
1611 1682 1833 1731 librorum
1871 1685 2055 1732 doctum
2094 1692 2291 1734 vestrum

124 1749 319 1802 librum,
357 1764 494 1812 quem
529 1751 769 1814 placuistis
806 1753 853 1799 in
890 1753 1106 1800 mundum
1143 1754 1349 1807 mittere,
1389 1768 1447 1801 ne
1484 1756 1650 1803 essetis
1689 1769 1844 1803 servus
1881 1770 2075 1819 nequam
2113 1764 2191 1804 aut
2215 1772 2291 1805 ne-

126 1835 377 1884 quaquam,
417 1823 498 1884 qui
532 1822 695 1870 libram
731 1839 859 1872 suam
898 1825 944 1871 in
985 1832 1107 1872 terra
1143 1824 1367 1878 fodiebat,
1407 1832 1454 1873 et
1490 1825 1710 1874 timuistis
1748 1829 1935 1880 merito,
1973 1842 2030 1876 ne
2055 1843 2195 1891 porro
2222 1843 2292 1876 es-

128 1893 243 1941 setis
280 1898 372 1941 tam
407 1907 618 1956 nequam,
659 1897 737 1957 qui
775 1895 1059 1943 declinabilia
1096 1902 1220 1950 sunt,
1258 1904 1305 1944 et
1340 1897 1571 1946 declinant
1609 1911 1786 1960 omnem
1823 1897 2008 1952 libram,
2047 1906 2093 1946 et
2128 1900 2292 1948 nolunt

126 1963 301 2027 aliquid
337 1964 565 2021 scribere;
610 1981 692 2014 vos
739 1981 847 2015 vero
893 1967 1230 2017 indeclinabilia
1276 1970 1391 2016 estis
1428 1976 1536 2032 post
1572 1969 1801 2031 regulam:
1851 1969 1920 2017 ‘Et
1964 1977 2163 2034 utroque
2207 1986 2290 2019 nu·

0 2094 3 2095 ⁷
68 2043 112 2079 15
126 2049 255 2084 mero
290 2035 627 2085 indeclinabilia
663 2045 771 2086 sunt
807 2053 1025 2102 nequam,
1073 2039 1229 2092 nauci,
1278 2040 1429 2094 nihili,
1467 2042 1684 2104 mancipi,
1733 2047 1779 2088 et
1825 2043 1980 2089 caeteri
2017 2041 2154 2090 huius
2191 2058 2291 2091 sor-

128 2107 218 2155 tis’.
289 2107 346 2155 Et
380 2108 490 2157 nolo
528 2111 704 2163 iurare,
744 2118 868 2159 certe
904 2111 1022 2158 liber
1059 2118 1210 2159 vester
1247 2119 1340 2159 tam
1376 2111 1491 2160 bene
1527 2113 1638 2160 mihi
1675 2112 1870 2175 placuit,
1908 2120 1961 2160 ut
1984 2127 2078 2161 non
2103 2127 2290 2176 possum

125 2178 290 2227 dicere.
347 2179 501 2228 Bonus
547 2182 836 2231 methodicus
885 2184 1024 2242 esti8‚
1075 2190 1122 2230 et
1169 2183 1417 2231 scientifice
1454 2185 1582 2231 scitis
1621 2198 1840 2247 syrupum
1878 2198 1931 2232 ex
1967 2184 2101 2233 melle
2138 2192 2183 2233 et
2219 2201 2290 2234 sa·

125 2250 315 2299 charum
350 2265 407 2299 ex
443 2267 641 2316 syrupo,
681 2254 770 2302 hoc
807 2261 901 2307 est,
940 2261 993 2302 ut
1028 2269 1119 2302 non
1157 2256 1293 2303 nimis
1330 2254 1421 2302 alte
1457 2269 1558 2303 curn
1596 2255 1722 2303 vobis
1759 2255 1944 2318 loquar,
1995 2271 2096 2319 quae
2133 2257 2289 2306 forsan

124 2336 219 2370 non
255 2322 541 2385 intelligitis,
588 2324 705 2372 bene
750 2328 947 2388 potestis
996 2327 1235 2374 extrahere
1281 2326 1451 2374 bonum
1498 2341 1550 2374 ex
1599 2326 1740 2380 malo,
1788 2333 1834 2374 et
1879 2327 2020 2376 bonas
2059 2328 2289 2377 doctrinas

70 2401 116 2436 2⁰
131 2393 241 2442 dare
287 2408 344 2442 ex
391 2409 476 2448 eo,
526 2397 651 2459 quod
701 2404 832 2446 antea
869 2397 1107 2446 didicistis
1180 2397 1237 2446 Et
1274 2398 1407 2446 credo
1456 2398 1579 2461 quod
1624 2413 1705 2446 vos
1752 2397 1929 2446 habetis
1976 2414 2188 2448 arcanum
2236 2401 2289 2448 il-

126 2464 222 2513 lum
272 2465 458 2514 modum
506 2468 856 2517 Glauberianum
904 2470 1091 2533 parandi
1137 2470 1345 2518 Extracta
1394 2484 1478 2532 per
1531 2470 1755 2532 liquorem
1792 2469 2160 2524 Alkahestinum‚
2211 2474 2288 2535 qui

124 2535 240 2584 nihil
277 2544 350 2585 est
386 2537 510 2587 aliud
546 2554 681 2603 quam
717 2541 792 2588 Sal
827 2549 1099 2604 purgatum,
1144 2541 1354 2595 fixatum,
1402 2548 1447 2588 et
1494 2555 1576 2604 per
1623 2541 1867 2604 deliquium
1907 2542 2122 2590 solutum.
2180 2543 2288 2591 Plus

125 2607 245 2656 enim
281 2609 478 2672 potestis
515 2612 753 2660 extrahere
790 2627 924 2675 quam
960 2620 1247 2661 menstruum
1293 2627 1423 2675 aquae
1470 2613 1747 2675 pluviarum,
1793 2612 1900 2661 licet
1946 2621 2017 2661 est
2063 2614 2288 2663 destillata

123 2686 174 2728 et
207 2679 472 2729 rectificata.
546 2682 735 2741 Quando
774 2684 894 2732 enim
930 2686 1117 2732 unicum
1157 2691 1332 2732 tantum
1370 2684 1553 2732 verbum
1579 2686 1623 2731 in
1649 2691 1841 2731 vestram
1868 2692 2167 2733 mercaturam
2195 2700 2288 2734 scr-

68 2751 219 2806 2⁵vit,
264 2754 462 2815 potestis
506 2753 576 2801 vel
627 2762 719 2803 tres
767 2754 837 2802 vel
889 2763 1086 2818 quatuor
1133 2756 1363 2804 doctrinas
1408 2756 1565 2803 exinde
1601 2755 1775 2808 facere,
1823 2770 1923 2818 quae
1960 2770 2043 2805 nec
2079 2756 2288 2805 diabolus

123 2825 226 2886 ipse
263 2823 536 2886 cogitasset,
575 2833 623 2874 et
659 2828 846 2880 miravi,
885 2827 1116 2890 quomodo
1154 2826 1358 2875 habeatis
1398 2834 1487 2875 tam
1511 2827 1676 2875 honam
1703 2841 2019 2881 mormoream,
2058 2835 2110 2876 ut
2136 2829 2287 2877 omnia

122 2895 321 2957 potestis
360 2902 450 2943 tam
475 2895 641 2945 Ordine
677 2913 865 2961 ponere,
904 2899 1068 2947 melius
1106 2914 1239 2961 quam
1277 2898 1438 2946 ancilla
1476 2898 1590 2946 ollas
1628 2906 1675 2945 et
1710 2899 1889 2961 patinas
1926 2906 1973 2946 et
2009 2899 2094 2947 alia
2131 2901 2287 2963 coqui-

122 2967 251 3014 naria
286 2965 444 3016 fictilia
480 2975 636 3031 potest
673 2970 908 3019 ordinare:
956 2970 1043 3018 Sed
1088 2985 1181 3018 non
1232 2970 1344 3018 satis
1396 2984 1584 3033 possum
1631 2971 1794 3017 mirare
1832 2983 1970 3032 super
2014 2985 2116 3024 vos,
2165 2972 2287 3035 quod

124 3044 216 3084 tam
251 3037 426 3086 stultus
462 3041 587 3093 sitis,
626 3048 673 3088 et
708 3056 789 3089 vos
829 3044 998 3090 timetis
1035 3056 1120 3105 pro
1158 3041 1373 3094 canibus,
1413 3042 1491 3104 qui
1530 3055 1637 3103 erga
1675 3056 1753 3089 vos
1781 3041 1940 3088 volunt
1964 3042 2144 3095 latrare,
2184 3058 2286 3092 cum

65 3112 283 3156 ³⁰tamen
318 3109 498 3158 habetis
535 3110 707 3159 bonum
743 3113 982 3166 baculum,
1022 3128 1113 3176 quo
1152 3128 1232 3161 vos
1271 3127 1381 3175 erga
1419 3127 1577 3160 omnes
1615 3127 1716 3160 cum
1756 3112 1942 3161 invicem
1980 3114 2175 3176 potestis
2212 3114 2287 3162 dc·

122 3179 334 3234 rendere,
383 3183 462 3244 qui
497 3196 580 3230 vos
617 3191 894 3233 recontrant.
969 3184 1218 3233 Recordate
1255 3199 1336 3231 vos
1374 3185 1418 3231 in
1458 3198 1643 3246 parvum
1682 3184 1908 3238 Davidem,
1959 3186 2036 3248 qul
2074 3198 2286 3250 magnum

123 3249 305 3299 Goliath
348 3266 442 3300 uno
490 3267 630 3315 parvo
676 3255 842 3319 lapicio
893 3262 982 3303 tam
1020 3256 1311 3304 vehementer
1348 3254 1565 3310 iaciebat,
1619 3255 1741 3317 quod
1779 3255 1961 3304 caderet
1998 3257 2043 3304 in
2081 3256 2284 3314 fundum,

124 3328 338 3385 tanquam
375 3325 551 3372 tonitru
588 3326 738 3389 ipsum
777 3329 1019 3375 tanxisset:
1070 3327 1124 3374 Et
1160 3342 1240 3374 vos
1278 3325 1457 3373 habetis
1494 3327 1709 3374 maiorem
1747 3326 1982 3381 haculum,
2022 3334 2070 3376 et
2105 3328 2285 3377 benese-

122 3393 273 3446 cistis,
311 3400 365 3441 ut
400 3394 599 3456 gladium
637 3411 731 3444 non
768 3399 989 3461 portatis,
1029 3412 1130 3446 nam
1167 3397 1299 3446 David
1339 3398 1472 3444 etiam
1511 3412 1602 3445 non
1643 3404 1824 3460 poterat
1861 3405 2048 3462 portare
2086 3399 2282 3463 gladium

66 3468 173 3512 δῦθι
198 3464 571 3521 Sturmhaubam;
609 3468 729 3531 Ergo
768 3469 934 3516 sumite
971 3468 1123 3539 illum,
1162 3476 1208 3516 et
1245 3483 1355 3531 erga
1393 3467 1507 3517 tales
1545 3483 1680 3517 canes
1718 3485 1798 3518 vos
1835 3473 2098 3525 convertite,
2136 3471 2285 3520 dicen-

121 3661 265 3706 Triat.
284 3662 339 3705 V.
362 3662 432 3704 74.
519 3660 556 3689 ⁴⁸
586 3662 657 3704 cl.
679 3662 795 3719 rep.]
828 3663 946 3707 Ouia.
969 3662 1080 3706 Met.
1103 3664 1166 3707 11.
1192 3663 1285 3706 110.
1406 3677 1546 3708 curva
1577 3677 1611 3710 s.
1633 3662 1698 3721 p.]
1733 3665 1850 3709 ovid.
1872 3666 1967 3710 Art.
1990 3679 2076 3709 am.
2100 3666 2159 3708 11.
2182 3665 2280 3707 670.

121 3730 161 3760 ‘⁸'
198 3733 255 3786 Q.
286 3731 402 3789 sup.]
437 3733 557 3776 ovid.
587 3736 698 3777 Met.
731 3735 809 3780 lx.
831 3734 928 3777 629.
960 3734 1014 3779 V.
1035 3735 1176 3778 Trist.
1198 3735 1234 3780 1.
1255 3734 1325 3778 23.
1349 3736 1401 3778 V.
1426 3734 1494 3778 17.
1612 3736 1796 3793 regales
1829 3738 1930 3780 add.
1966 3734 2132 3791 maius]
2167 3737 2279 3779 Hor.

124 3802 260 3859 epist.
280 3805 318 3848 I.
343 3805 407 3854 12,
421 3812 457 3849 6.
544 3804 582 3833 ⁴⁸
612 3806 801 3848 Divitiae
833 3810 1068 3862 poterunt:
1099 3807 1213 3849 Hor.
1237 3806 1267 3850 l.
1291 3821 1331 3850 c.

235 3874 255 3902 ²
284 3875 534 3920 Schurcam
566 3878 664 3920 edd.
685 3891 726 3918 α.
753 3875 876 3920 1689.
963 3875 1000 3904 ²⁴
1030 3878 1079 3919 in
1108 3891 1247 3921 merc.
1270 3880 1432 3931 servit]
1462 3881 1507 3922 in
1537 3881 1618 3922 den
1650 3881 1784 3923 Kram
1814 3881 1942 3923 dieue.
2037 3875 2073 3904 ²⁶
2104 3875 2275 3931 morm.]

123 3947 404 3990 memoriam.
513 3947 600 3975 ²2²⁸
631 3949 934 4003 conquinat-ia
963 3961 1004 3993 a.
1027 3947 1152 3992 1689.
