2456 4264
241 249 357 307 166
538 270 635 299 10A.
660 269 976 298 PErEmconm
1001 266 1229 295 DEFENsm
1252 265 1434 295 CONTRA
1454 265 1663 295 FAMosAs
1686 267 1726 296 o.
1749 268 1791 298 v.
1813 265 2081 297 nmsronAS.

233 417 346 452 cum
396 402 554 450 irritis
591 399 885 460 quibusdam
923 396 1351 444 declarationibus
1393 400 1441 443 et
1477 396 1911 456 impudentissimis
1946 397 2224 457 invectivis,
2273 399 2380 458 qui-

235 489 321 535 bus
359 499 534 534 nomen
572 482 804 543 imposuit
837 481 1092 541 speculum
1130 480 1352 528 oculare.

376 568 416 614 (Ι
465 569 580 616 Viso
615 566 814 626 speculo
851 564 1073 623 oculari,
1114 564 1282 611 multis
1319 577 1516 625 quoque
1550 565 1603 612 in
1639 577 1716 612 me
1749 565 1990 634 conviciis
2026 569 2176 626 atque
2211 566 2264 614 in
2297 580 2382 627 qe-

235 666 353 701 nere
388 650 661 698 mendaciis
698 662 764 696 ex
801 650 997 708 inteero
1029 649 1308 709 perspectis
1344 647 1609 709 Speculum
1635 662 1739 709 ‚eqo
1770 651 2158 710 flammivomum
2197 649 2382 708 (Theu-

234 737 395 785 tonice
436 735 570 782 ‘dien
607 733 984 794 brantspieqel’)
1038 733 1109 780 ad
1143 731 1484 791 defensionem
1528 733 1627 781 mei
1668 733 1873 781 lionoris
1921 735 1972 782 in
2018 734 2179 782 lucem
2225 735 2378 794 emisi,
2398 747 2419 779 5

233 833 331 882 pro
367 832 477 867 mea
506 818 768 879 parvitate
804 818 1065 865 insultanti
1098 818 1333 865 renitens.

377 902 418 949 (Ι
457 903 648 950 Deinde
682 901 903 950 Ioannes
938 901 1186 950 Reucltlin
1223 914 1316 949 sua
1352 901 1549 949 minime
1585 905 1845 950 contentus
1878 902 2107 961 malicia,
2159 903 2249 951 sed
2283 915 2386 949 ma-

235 990 336 1036 lum
383 988 515 1035 malo
561 998 885 1047 exaqeerans
931 983 1271 1045 defensionem
1318 986 1572 1046 quandam
1622 999 1722 1034 non
1768 987 1916 1035 modo
1964 988 2016 1035 in
2060 1000 2137 1034 me
2172 990 2385 1048 turpem,

236 1074 323 1120 sed
360 1074 412 1120 in
450 1071 657 1133 optimos
695 1084 913 1132 quosque
946 1071 1284 1131 surpissimam
1322 1083 1384 1119 ac
1414 1071 1573 1131 plane
1608 1070 1897 1119 mendacem
1934 1071 2244 1131 dimulqavit,
2286 1084 2388 1131 qua

237 1158 387 1205 etiam
425 1150 695 1204 innumeris
732 1157 1095 1216 quodammodo
1131 1156 1405 1204 mendaciis
1440 1159 1489 1203 et
1523 1155 1741 1203 sinistris
1778 1154 1859 1214 (ut
1893 1167 2053 1217 supra
2079 1156 2266 1204 dictum
2289 1157 2384 1216 est)
2405 1170 2449 1204 m

229 1239 642 1302 persuasionibus
678 1244 833 1288 totam
863 1238 981 1298 fere
1020 1240 1445 1288 Christianitatem
1483 1239 1808 1288 obumbravit.

380 1323 421 1370 (Ι
459 1324 583 1371 Item
631 1337 730 1372 non
774 1329 1036 1373 contentus
1071 1338 1166 1373 sua
1203 1325 1434 1383 malicia,
1484 1325 1735 1372 silentium
1771 1323 1911 1372 nobis
1947 1337 1981 1371 a
2020 1324 2238 1383 Cesarea
2276 1324 2388 1372 Ma-

239 1411 414 1456 iestate
451 1409 731 1469 impositum
779 1410 1076 1470 turpissimis
1123 1409 1419 1470 quibusdam
1467 1410 1724 1457 clarorum
1771 1408 1852 1466 (ut
1887 1409 1994 1469 ipse
2030 1409 2128 1468 ait)
2167 1409 2389 1457 virorum

238 1494 459 1554 epistolis
497 1506 529 1539 a
565 1506 618 1540 se
645 1492 1219 1563 publicatismultisque
1256 1495 1371 1542 aliis
1407 1494 1583 1553 modiS,
1624 1498 1679 1542 ut
1704 1493 1756 1541 in
1782 1493 2055 1542 summario
2080 1498 2151 1541 est
2176 1493 2388 1553 dictum)
2442 1502 2444 1505 ·

238 1577 382 1625 nimis
418 1577 756 1625 inobedienter
790 1575 1017 1638 infreeit.
2155 1597 2157 1599 ·
2404 1563 2456 1643 ιε(

380 1660 421 1707 (Ι
462 1661 810 1721 Multipliciter
855 1662 1013 1722 iqitur
1062 1675 1125 1710 ac
1163 1663 1320 1723 plane
1364 1662 1564 1710 crudeli
1596 1662 1902 1711 iniuriarum
1937 1663 2239 1711 contumelia
2266 1675 2389 1723 pro·
2453 1664 2456 1666 ’

240 1749 469 1805 vocatuS,
524 1758 702 1793 novum
747 1745 966 1794 libellum
1013 1746 1153 1794 edidi
1185 1748 1272 1794 cui
1304 1747 1478 1795 titulus
1516 1747 1779 1807 Campana
1816 1747 2153 1806 tormentalis,
2204 1748 2256 1794 in
2293 1760 2392 1807 quo
2452 1735 2456 1737 ξ

236 1830 364 1876 sicut
400 1830 451 1876 in
491 1829 710 1877 omnibus
747 1830 861 1877 aliis
896 1830 1099 1891 scriptis
1133 1844 1210 1878 me
1247 1831 1405 1879 obtuli
1439 1833 1516 1879 vel
1552 1832 1622 1879 ad
1647 1843 1836 1892 penam
1874 1831 2006 1892 ienis
2050 1844 2163 1879 cum
2209 1832 2389 1879 adver-
2449 1835 2452 1839 ’

237 1914 376 1961 sario
415 1914 520 1960 iuri
553 1917 692 1960 stare
728 1914 865 1961 velle.
2017 1975 2026 1982 ·

377 1995 419 2042 (Ι
455 1995 663 2045 Silentio
701 1998 903 2045 tandem
942 1998 1081 2046 nobis
1118 2012 1151 2046 a
1187 1999 1498 2048 sanctissimo
1536 1999 1608 2048 ad
1641 2003 1832 2062 tempus
1868 2001 2120 2062 impositO,
2163 1999 2456 2063 Athana-201

234 2081 361 2129 sium
398 2081 505 2141 ipse
539 2094 682 2130 suum
719 2082 904 2142 edidit,
954 2083 1006 2130 in
1054 2083 1195 2135 cuius
1232 2082 1531 2144 prefatione
1573 2085 1698 2132 satis
1733 2097 1975 2146 expresse
2010 2085 2062 2132 in
2100 2098 2190 2133 nos
2226 2098 2392 2134 omnes
2441 2099 2456 2143 .;

235 2166 585 2213 contumeliose
645 2167 1019 2215 animadvertit.
1095 2166 1200 2215 Sed
1253 2168 1339 2216 illo
1384 2182 1518 2217 nunc
1565 2170 1769 2228 omisso,
1828 2179 1992 2218 novus*
2030 2170 2136 2217 sine
2184 2174 2392 2218 auctore
2450 2154 2456 2207 33

233 2250 424 2297 libellus
441 2251 639 2310 prodiit
662 2251 958 2299 maledictus
983 2252 1181 2311 quidem
1207 2253 1521 2313 omniumque
1539 2251 1855 2312 famosorum
1886 2251 2267 2313 famosissimus,
2308 2255 2395 2302 cui
2445 2247 2456 2299 .’

236 2335 407 2381 titulus
446 2335 666 2396 Epistole
715 2336 1036 2384 obscurorum
1082 2338 1332 2396 virorum,
1382 2338 1526 2386 cuius
1571 2339 1786 2386 materia
1835 2351 1984 2399 quam
2028 2338 2093 2386 sit
2137 2339 2390 2399 sacrileqa

235 2419 357 2466 satis
393 2420 444 2466 in
474 2420 862 2480 precedentibus
899 2426 970 2468 est
1005 2421 1331 2482 explicatum.
2298 2440 2305 2446 ·
2402 2410 2456 2477 25?

378 2501 419 2548 (Ι
460 2501 691 2553 Obscuris
728 2506 898 2565 itaque
934 2506 1055 2553 viris
1090 2518 1203 2554 cum
1239 2518 1330 2553 suo
1367 2507 1587 2567 assecla,
1629 2507 1752 2569 plus
1787 2520 1939 2568 equ0,
1993 2511 2046 2555 ut
2074 2506 2237 2567 paulo
2273 2510 2391 2555 ante
2438 2527 2456 2568 i

238 2587 424 2634 dictum
470 2592 567 2648 est,
626 2594 808 2637 contra
854 2589 1188 2638 christianum
1234 2603 1420 2638 morem
1467 2591 1849 2651 desevientibus,
1912 2605 2005 2652 eqo
2051 2591 2186 2639 hanc
2231 2604 2387 2640 meam
2439 2627 2449 2635 γ.

239 2669 577 2728 defensionem
614 2674 813 2722 minime
842 2673 1099 2732 famosam
1137 2676 1206 2722 ad
1242 2675 1484 2724 bonorum
1522 2677 1740 2725 omnium
1777 2677 2150 2725 instructionem
2196 2689 2258 2724 ac
2294 2677 2391 2724 mei

239 2756 435 2803 tandem
474 2759 686 2806 nominis
722 2758 958 2807 bonorem
994 2761 1273 2820 composui,
1325 2764 1378 2807 ut
1426 2764 1534 2808 tota
1573 2761 1928 2810 Christianilas
1955 2763 2206 2821 perpetuo
2258 2760 2384 2808 iudi—

238 2852 360 2887 care
387 2843 571 2901 possit,
612 2855 688 2890 me
724 2857 921 2904 semper
947 2848 1283 2904 provocatum
1321 2845 1650 2904 respondisse.
2401 2853 2451 2899 2³⁴.

1174 2926 1216 2974 (Ι
1252 2929 1452 2976 Finis.
1735 2924 1758 2995 ΙΙ
2424 2929 2454 3011 ,ἐξ

491 3080 843 3142 Responsio
880 3083 962 3130 ad
1007 3087 1440 3143 arqumentum
1477 3084 1793 3144 quorundum
1833 3086 2134 3133 contenden-

490 3166 608 3212 tium
653 3153 955 3214 Ioannem
1002 3166 1325 3215 Reucltlin
1382 3181 1500 3216 non
1554 3170 1973 3229 composuisse
2025 3167 2133 3216 Ob-

488 3262 820 3298 scurorum
857 3252 1138 3299 virorum
1175 3253 1514 3313 epistolaS,
1558 3253 1844 3313 quodlicet
1881 3254 1953 3301 ita
1990 3256 2130 3312 esset,
2454 3315 2456 3318 ι

804 3335 930 3383 nihil
963 3340 1131 3383 tamen
1169 3336 1241 3383 ad
1273 3350 1378 3384 rem
1409 3335 1593 3395 facere
1622 3341 1800 3398 potest.
1942 3394 1945 3397 ¹
2397 3327 2442 3412 3}

380 3425 419 3473 O
455 3427 730 3478 beatissime
766 3437 944 3493 pater,
999 3432 1038 3481 O
1074 3436 1476 3484 reverendissimi
1511 3436 1834 3494 Cardinales,
1888 3433 1927 3482 Ο
1972 3434 2385 3483 christianissime
2414 3417 2449 3467 “5

237 3515 388 3570 atque
423 3513 737 3562 invictissime
762 3516 1064 3576 Imperator,
1099 3521 1313 3579 possetis
1350 3520 1547 3579 quidem
1586 3520 1800 3568 obiicere
1835 3519 1958 3566 milii
1990 3532 2132 3567 servo
2171 3520 2385 3567 omnium

237 3598 399 3642 vestro
453 3595 582 3643 ‘Non
629 3601 701 3645 est
747 3601 883 3658 quod
916 3600 1104 3648 Ioanni
1138 3602 1381 3651 Reuclilin
1429 3605 1658 3664 imponas
1703 3604 2014 3666 execrabiles
2052 3587 2385 3651 Obscurorum

239 3679 459 3727 virorum
508 3681 759 3740 epistolas.
835 3684 1131 3743 indiynatur
1179 3687 1345 3746 potius
1391 3687 1506 3734 illas
1552 3700 1657 3735 esse
1705 3688 1870 3735 editas
1914 3700 2065 3748 quam
2098 3683 2379 3747 elorietur'.

348 3804 365 3830 ⁹
396 3805 669 3859 dimulgavit
697 3806 759 3846 sic
791 3808 830 3846 1.
926 3805 961 3832 ²⁰
991 3807 1210 3849 Athanas.
1246 3808 1379 3863 edid.]
1418 3810 1616 3863 Tubinyce
1646 3825 1688 3852 a.
1713 3810 1834 3850 1514.
1858 3811 1918 3851 4⁰.
1953 3810 2279 3864 Questenberyio
2311 3811 2382 3852 de·

237 3878 430 3917 dicatum.
1422 3877 1427 3881 '
