2456 4264
584 281 643 319 22.
665 287 830 318 101>0c1
850 287 1054 320 arnon.
1142 280 1200 316 23.
1224 286 1495 316 anna-noum
1518 285 1776 316 mcxsmno.
2149 264 2271 323 223

349 416 475 474 ndo,
512 416 837 482 disputando,
883 432 1036 468 novas
1070 418 1303 468 materias
1338 416 1602 467 scribendo
1640 425 1690 469 et
1727 418 1838 470 talia
1879 420 2115 470 faciendo.
2193 418 2272 470 Sic

83 509 90 521 ¹
139 553 165 571 .-
188 514 199 537 s
240 540 242 546 2
279 500 428 555 ‚flius
462 501 541 552 dei
578 500 830 559 Christus,
870 504 955 568 qui
991 503 1055 552 sit
1090 501 1229 552 vobis
1266 501 1483 556 clemens
1520 508 1568 551 et
1605 505 1862 569 propitius
1926 505 2096 555 Amen.

438 585 614 635 Datum
652 585 818 636 Perlin
856 588 904 636 in
942 586 1199 642 Marc-bia..
1294 586 1379 636 ubi
1417 592 1531 637 sunt
1567 586 1695 637 bona
1735 588 1946 654 piscalia.

1145 821 1233 882 23.

448 954 495 1003 ε
547 907 931 1019 Magister
990 936 1481 999 Bertholdus
1535 937 1926 1000 Haekstro

720 1050 1057 1120 Magistro
1095 1050 1388 1104 Ortvino
1427 1048 1661 1103 Gratio

86 1172 146 1229 *31
176 1164 193 1223 ζ
243 1187 245 1190 ·
301 1187 335 1209 ιι
368 1179 448 1216 em
485 1163 798 1216 dilectionem
834 1163 945 1215 loco
970 1163 1167 1215 Salutis.
1240 1162 1555 1214 Honorabilis
1591 1165 1678 1222 vir,
1717 1165 1988 1215 seeundum
2028 1168 2157 1231 quod
2196 1184 2273 1219 re-

107 1257 197 1308 ’,ιιι
264 1242 543 1308 vobiscum,
591 1249 723 1314 quod
773 1248 882 1299 volo
931 1248 1069 1299 vobis
1115 1248 1371 1298 notificare
1419 1247 1612 1313 singula
1663 1255 1711 1299 et
1756 1249 1975 1300 seribere
2025 1253 2273 1315 quomodo

236 1333 384 1391 Seite
419 1332 613 1385 (lebetis
650 1333 783 1399 quod
820 1348 954 1384 nune
991 1333 1059 1382 fui
1096 1347 1188 1397 per
1226 1332 1351 1382 duos
1387 1347 1584 1383 menses
1620 1333 1668 1382 in
1709 1333 1841 1384 Urbe
1879 1335 2049 1392 Roma,
2090 1343 2138 1385 et
2166 1336 2273 1390 vnon

85 1475 110 1484 ..
148 1412 285 1492 L·
298 1415 540 1470 «babere
576 1423 855 1483 patronum.
931 1417 1069 1468 Unus
1105 1417 1299 1467 auditor
1336 1418 1459 1482 Rote
1510 1417 1658 1468 voluit
1705 1434 1783 1469 me
1831 1421 2108 1484 susciperte
2159 1428 2275 1471 tunc

0 1510 1 1517 ¹
168 1494 265 1588 {j
337 1506 443 1553 et
487 1501 589 1552 dixi
641 1501 793 1552 ‘Bene
841 1507 939 1559 est,
989 1502 1217 1560 domine,
1266 1502 1351 1552 secl
1392 1503 1755 1566 magnificentia
1795 1510 1954 1555 vestra
2001 1504 2113 1555 velit
2156 1506 2274 1555 milii

238 1523 430 1663 ιῃιιίιΙ
466 1585 626 1638 debeo
662 1575 856 1637 facere'.
930 1586 1204 1653 Respondit
1240 1587 1371 1653 quod
1411 1586 1570 1638 debeo
1608 1602 1716 1638 esse
1754 1590 1800 1638 in
1827 1588 2021 1639 stabulo
2049 1596 2097 1639 et
2123 1606 2272 1640 unum

311 1686 534 1739 servare
570 1672 622 1722 in
660 1672 862 1729 ordine,
902 1671 1066 1722 dando
1105 1673 1150 1722 ei
1187 1672 1450 1722 comedere
1489 1678 1539 1723 et
1574 1671 1774 1730 bibere,
1814 1679 1863 1723 et
1899 1674 2187 1738 strigilando
2227 1682 2275 1725 et

187 1809 208 1827 .-
280 1755 282 1758 ’
389 1777 490 1808 ιιι.
562 1756 626 1807 Et
661 1757 859 1822 quando
897 1758 1003 1822 ipse
1040 1756 1141 1807 vult
1167 1759 1403 1823 equitare,
1442 1757 1574 1823 quod
1613 1759 1673 1807 sit
1711 1764 1926 1823 paratus,
2002 1759 2062 1808 Et
2098 1759 2273 1809 babeat

194 1831 293 1883 ἰι
342 1847 395 1892 et
427 1831 604 1892 sellum
641 1848 691 1892 et
727 1843 908 1893 omnia.
982 1841 1044 1892 Et
1094 1847 1264 1907 postea
1315 1841 1473 1892 debeo
1513 1856 1717 1893 currere
1756 1849 1805 1893 et
1841 1858 1953 1893 cum
1993 1859 2051 1894 eo
2090 1845 2149 1895 ad
2188 1861 2271 1895 au-

118 1911 243 2001 's
288 1949 325 1970 ω
376 1930 427 1977 et
461 1927 643 1978 iterum
681 1927 742 1977 ad
781 1927 999 1978 domum.
1075 1926 1180 1991 Ego
1219 1927 1319 1977 dixi
1358 1927 1490 1992 quod
1528 1942 1628 1977 non
1655 1935 1728 1977 est
1752 1943 1844 1992 pro
1871 1943 1965 1986 me,
2005 1929 2136 1993 quod
2163 1944 2270 1978 suin

151 1991 445 2088 *sister
498 2012 678 2063 artium
730 2011 1034 2063 Coloniensis
1089 2017 1139 2062 et
1185 2026 1284 2061 non
1334 2027 1536 2077 possum
1586 2011 1695 2061 talia
1745 2011 1923 2063 facere.
2002 2013 2272 2078 Respondit

222 2093 347 2147 :·Si
381 2094 483 2147 non
521 2097 592 2148 vis
629 2097 823 2154 faeere,
862 2104 1003 2148 tuum
1041 2094 1307 2147 damnum'.
1382 2097 1443 2147 Et
1478 2098 1549 2147 sic
1587 2097 1736 2147 medo
1774 2097 1905 2162 quod
1946 2097 2054 2146 volo
2093 2099 2269 2147 iterum

132 2132 281 2257 ’,ἑά
313 2181 539 2248 patriam.
614 2181 860 2232 Deberem
897 2180 1145 2248 strigilare
1184 2180 1371 2232 mulum
1411 2187 1460 2232 et
1495 2196 1710 2247 purgare
1748 2180 2025 2232 stabulum?
2063 2197 2155 2246 ego
2183 2197 2269 2247 po·

116 2317 145 2330 „
214 2253 406 2318 'ellan
432 2265 566 2332 quod
604 2265 830 2318 diabolus
866 2266 1059 2318 auferet
1093 2265 1228 2316 illum
1268 2265 1455 2316 mulum
1493 2282 1607 2317 cum
1645 2266 1852 2317 stabulo.
1927 2267 2081 2316 Etiam
2121 2266 2270 2317 eredo

276 2355 409 2403 emet
442 2357 615 2402 eontra
653 2357 832 2403 statuta
871 2352 1203 2402 universitatis
1242 2358 1433 2417 nostre·
1482 2352 1595 2417 quia
1635 2351 1866 2416 Magister
1912 2351 2060 2402 debet
2106 2367 2159 2401 se
2198 2358 2268 2401 te·

235 2434 392 2512 ραιῑ
425 2437 677 2502 magister.
753 2437 814 2487 Et
850 2442 981 2487 esset
1018 2451 1251 2502 magnum
1291 2435 1577 2487 scandalum
1618 2436 1816 2486 univer
1793 2437 1960 2495 itatiS,
2002 2435 2132 2501 qnod
2171 2435 2269 2485 Ma·

227 2517 604 2593 &baiensis
639 2521 848 2573 deberet
886 2523 1050 2572 facere
1091 2521 1219 2572 talia.
1296 2522 1428 2585 Ergo
1468 2520 1576 2571 volo
1614 2521 1777 2571 redire
1815 2522 1863 2570 in
1905 2523 2114 2585 patriam
2155 2536 2268 2586 p1·-o

336 2628 373 2649 ιι
459 2628 481 2650 ιι
530 2606 885 2658 universitatis:
940 2607 1084 2657 etiam
1133 2606 1252 2657 alias
1289 2622 1389 2656 non
1429 2605 1594 2672 placet
1629 2605 1747 2655 mihi
1787 2605 1974 2670 Rome:
2026 2607 2138 2671 quia
2179 2607 2269 2654 Co-

167 2679 184 2691 ”
152 2689 587 2788 *faventiam
623 2698 739 2742 sunt
775 2693 837 2742 ita
878 2691 1080 2758 superbi
1118 2691 1250 2757 quod
1290 2707 1388 2741 non
1429 2691 1654 2742 creditis:
1697 2706 1822 2741 unus
1860 2691 1968 2741 lieri
2006 2691 2126 2741 dixit
2152 2691 2269 2740 initii

152 2758 390 2872 ’ἷῌίῑ
433 2764 664 2828 merdare
710 2792 864 2843 super
902 2791 1054 2827 unum
1094 2778 1382 2841 magistrum
1423 2775 1779 2826 Coloniensein.
1855 2775 2100 2840 Respondi
2140 2775 2268 2841 quod

277 2859 577 2914 mrdare
612 2861 674 2912 ad
713 2860 1002 2927 patibulum.
1078 2860 1219 2912 Tunc
1257 2861 1377 2911 dixit
1414 2860 1545 2926 quod
1586 2861 1689 2925 ipse
1727 2861 1873 2910 etiam
1914 2866 1988 2910 est
2024 2860 2268 2923 Megisten·

299 2942 500 3012 curie,
550 2953 601 2997 et
649 2960 779 2998 unus
814 2945 1045 3011 Magister
1082 2945 1227 3011 Curie
1276 2944 1494 3011 prevalet
1541 2947 1823 3010 magistium
1874 2945 2051 2995 artium
2090 2943 2151 2994 de
2189 2943 2268 2993 ΑΙ

159 3023 272 3087 ⁸⁶⁸„
351 3027 610 3097 Respondi
646 3030 779 3098 quod
818 3046 916 3081 non
956 3036 1031 3083 est
1055 3029 1307 3096 possibile.
1384 3030 1444 3080 Et
1481 3030 1578 3080 dixi
1620 3035 1684 3079 ‘tu
1716 3027 1860 3078 velles
1886 3044 1992 3079 esse
2020 3030 2080 3078 ita
2110 3027 2270 3079 bonus

161 3126 381 3210 mm,
419 3129 534 3166 eum
570 3120 735 3167 tamen
774 3130 872 3166 non
910 3116 1112 3167 stetistis
1149 3116 1198 3166 in
1238 3116 1463 3167 examine
1500 3116 1626 3165 sicut
1663 3131 1771 3178 ego,
1811 3112 1895 3163 ubi
1922 3113 2139 3179 quinque
2166 3128 2269 3163 ina-

207 3249 210 3252 .
277 3197 504 3266 rigorose
549 3200 955 3252 examinaverunt
999 3217 1105 3259 me,
1157 3206 1206 3251 et
1256 3214 1376 3264 ergo
1425 3215 1479 3250 es
1529 3199 1760 3263 magister
1808 3195 2052 3249 bullatus’.
2128 3196 2267 3247 Tunc

50 3297 72 3308 ”
324 3281 580 3350 disputare
618 3300 815 3337 meeum
855 3286 1026 3337 dicens
1065 3284 1210 3345 ‘Quid
1249 3291 1323 3336 est
1361 3283 1638 3349 magister?
1688 3282 1963 3348 Respondi:
2014 3286 2106 3333 ‘est
2154 3296 2266 3347 per-

239 3367 576 3436 .}.flnaliflcata,
626 3376 853 3435 promota
904 3376 954 3419 et
997 3369 1235 3435 graduata
1286 3370 1333 3420 in
1379 3374 1567 3435 septem
1606 3366 1793 3417 artibus
1831 3364 2116 3417 liberalibus
2155 3381 2265 3432 pre·

197 3501 210 3518 ,
261 3474 264 3478 ·
295 3440 302 3492 ss
335 3455 562 3505 examine
587 3453 875 3519 magistrali,
904 3452 1203 3519 privilegiata
1229 3453 1360 3519 quod
1388 3459 1548 3518 potest
1573 3457 1773 3517 portare
1798 3450 2033 3503 annulum
2060 3466 2263 3502 aureum

187 3629 245 3674 δ’
263 3666 278 3680 .
300 3634 364 3678 fic
395 3640 436 3679 5.
523 3636 542 3664 ²
571 3636 723 3691 ppiei‘)
755 3648 904 3678 amen.
926 3639 967 3678 5.
999 3635 1076 3678 Sic
1167 3636 1394 3691 propitius
1421 3637 1564 3690 ponis
1593 3636 1718 3677 etiam
1747 3638 1916 3677 metrice
1946 3633 2149 3676 seribere.

148 3744 180 3757 ,
181 3699 318 3760 JK.
327 3708 369 3748 4.
381 3711 423 3749 5.
483 3706 503 3733 ⁸
526 3707 634 3749 Gra.
656 3711 697 3751 5.
756 3707 775 3734 ⁷
794 3707 1073 3749 Dslectionc·
1095 3706 1344 3750 fraternali·-
1364 3711 1406 3748 5.
1464 3706 1483 3733 ⁹
1506 3706 1666 3749 Scire
1688 3708 1731 3747 4.
1756 3736 1765 3747 .
1790 3706 1901 3747 seire
1924 3710 1965 3749 5.
2025 3706 2200 3746 rhomo:
2224 3706 2262 3745 5.

139 3830 151 3840 „
273 3778 352 3818 4.
382 3776 557 3819 Rhome
577 3781 622 3820 5.
702 3778 864 3819 .'1'nne
896 3780 938 3820 4.
1018 3776 1048 3805 ¹¹
1082 3776 1217 3820 laetns
1247 3780 1289 3819 4.
1299 3781 1340 3820 5.
1419 3777 1483 3819 ιιιῑ
1512 3780 1556 3820 5.
1627 3775 1658 3803 ¹⁷
1691 3777 1815 3819 nroii’i
1851 3779 1892 3817 4.
1964 3775 1997 3801 ¹⁹
2026 3777 2046 3815 ?
2068 3779 2156 3827 {pne
2187 3775 2262 3813 ad-

164 3845 165 3850 ’
203 3846 215 3868 ³
270 3844 357 3875 Μ·
383 3848 609 3902 pocius5.
685 3848 1005 3905 cumill‘tabulo
1024 3853 1065 3892 5.
1141 3848 1178 3877 ²⁴
1209 3848 1349 3890 michi
1372 3848 1540 3890 Rome.
1572 3851 1614 3891 5.
1692 3846 1729 3873 ²²³
1760 3847 1896 3887 miehi
1918 3850 1958 3889 5.
2036 3843 2072 3869 ²⁶·
2103 3858 2126 3882 e
2158 3843 2260 3896 ῡιιιι-

111 3913 158 3975 ,”
201 3916 246 3962 4.
273 3929 301 3971 ς
327 3917 483 3972 malet
502 3921 544 3960 5.
634 3915 714 3945 ²⁹·
702 3919 945 3974 ·rel'pondi
974 3924 1017 3962 5.
1104 3918 1141 3946 ⁸⁰
1171 3919 1262 3961 Ubi
1292 3924 1334 3963 5.
1421 3916 1454 3944 ³¹
1489 3921 1631 3959 ‚tnnc
1662 3921 1702 3961 5.
1788 3914 1827 3942 ⁸¹
1857 3946 1868 3958 .
1891 3914 2003 3957 rfidi.
2038 3914 2115 3954 Est
2143 3916 2183 3953 5.
