<?xml version="1.0" encoding="UTF-8"?>
<!DOCTYPE html PUBLIC "-//W3C//DTD XHTML 1.0 Transitional//EN"
    "http://www.w3.org/TR/xhtml1/DTD/xhtml1-transitional.dtd">
<html xmlns="http://www.w3.org/1999/xhtml" xml:lang="en" lang="en">
 <head>
  <title>
</title>
<meta http-equiv="Content-Type" content="text/html;charset=utf-8" />
  <meta name='ocr-system' content='tesseract 3.04.00' />
  <meta name='ocr-capabilities' content='ocr_page ocr_carea ocr_par ocr_line ocrx_word'/>
</head>
<body>
  <div class='ocr_page' id='page_1' title='image "./supoperaquaerepe01huttuoft_0416.png"; bbox 0 0 2456 4264; ppageno 0'>
   <div class='ocr_carea' id='block_1_1' title="bbox 214 268 1966 327">
    <p class='ocr_par' dir='ltr' id='par_1_1' title="bbox 214 268 1966 327">
     <span class='ocr_line' id='line_1_1' title="bbox 214 268 1966 327; baseline -0.003 0"><span class='ocrx_word' id='word_1_1' title='bbox 214 268 335 327; x_wconf 74' lang='lat'><em>376</em></span> <span class='ocrx_word' id='word_1_2' title='bbox 612 290 1001 320; x_wconf 76' lang='lat' dir='ltr'><strong>LAMENTATIONES</strong></span> <span class='ocrx_word' id='word_1_3' title='bbox 1025 290 1332 319; x_wconf 71' lang='lat' dir='ltr'><em>onscvnossvu</em></span> <span class='ocrx_word' id='word_1_4' title='bbox 1353 289 1798 320; x_wconf 74' lang='lat' dir='ltr'>REVCHLINISTARVM</span> <span class='ocrx_word' id='word_1_5' title='bbox 1819 291 1966 322; x_wconf 75' lang='lat' dir='ltr'>NOVAE.</span> 
     </span>
    </p>
   </div>
   <div class='ocr_carea' id='block_1_2' title="bbox 120 402 2456 3776">
    <p class='ocr_par' dir='ltr' id='par_1_2' title="bbox 211 402 2456 988">
     <span class='ocr_line' id='line_1_2' title="bbox 214 402 2456 484; baseline 0 -11"><span class='ocrx_word' id='word_1_6' title='bbox 214 428 462 474; x_wconf 89' lang='lat' dir='ltr'><em>oratorem</em></span> <span class='ocrx_word' id='word_1_7' title='bbox 520 422 717 470; x_wconf 89' lang='lat' dir='ltr'><em>oratori</em></span> <span class='ocrx_word' id='word_1_8' title='bbox 770 421 848 468; x_wconf 93' lang='lat' dir='ltr'><em>vel</em></span> <span class='ocrx_word' id='word_1_9' title='bbox 894 418 1060 477; x_wconf 85' lang='lat' dir='ltr'><em>fuisse</em></span> <span class='ocrx_word' id='word_1_10' title='bbox 1105 421 1183 468; x_wconf 90' lang='lat' dir='ltr'><em>vel</em></span> <span class='ocrx_word' id='word_1_11' title='bbox 1224 433 1328 468; x_wconf 88' lang='lat' dir='ltr'><em>esse</em></span> <span class='ocrx_word' id='word_1_12' title='bbox 1371 417 1723 469; x_wconf 84' lang='lat' dir='ltr'><em>contrarium?</em></span> <span class='ocrx_word' id='word_1_13' title='bbox 1780 421 1913 479; x_wconf 77' lang='lat' dir='ltr'><em>Quid</em></span> <span class='ocrx_word' id='word_1_14' title='bbox 1955 424 2189 484; x_wconf 76' lang='lat' dir='ltr'><em>turpius?</em></span> <span class='ocrx_word' id='word_1_15' title='bbox 2242 423 2365 483; x_wconf 81' lang='lat' dir='ltr'><em>quid</em></span> <span class='ocrx_word' id='word_1_16' title='bbox 2432 402 2456 475; x_wconf 47' lang='grc' dir='ltr'>ζ</span> 
     </span>
     <span class='ocr_line' id='line_1_3' title="bbox 213 493 2456 587; baseline -0.001 -31"><span class='ocrx_word' id='word_1_17' title='bbox 213 507 504 566; x_wconf 75' lang='lat' dir='ltr'><em>infelicius?</em></span> <span class='ocrx_word' id='word_1_18' title='bbox 552 505 675 565; x_wconf 84' lang='lat' dir='ltr'><em>quid</em></span> <span class='ocrx_word' id='word_1_19' title='bbox 720 504 967 551; x_wconf 90' lang='lat' dir='ltr'><em>abiectum</em></span> <span class='ocrx_word' id='word_1_20' title='bbox 1011 506 1199 565; x_wconf 71' lang='lat' dir='ltr'><em>maqis,</em></span> <span class='ocrx_word' id='word_1_21' title='bbox 1249 517 1400 565; x_wconf 80' lang='lat' dir='ltr'><em>quam</em></span> <span class='ocrx_word' id='word_1_22' title='bbox 1437 506 1656 566; x_wconf 87' lang='lat' dir='ltr'><em>proprio</em></span> <span class='ocrx_word' id='word_1_23' title='bbox 1694 508 1979 567; x_wconf 70' lang='lat' dir='ltr'><em>perstrinqi</em></span> <span class='ocrx_word' id='word_1_24' title='bbox 2017 509 2192 568; x_wconf 65' lang='lat' dir='ltr'><em>eladio</em></span> <span class='ocrx_word' id='word_1_25' title='bbox 2237 512 2286 554; x_wconf 88' lang='lat' dir='ltr'><em>et</em></span> <span class='ocrx_word' id='word_1_26' title='bbox 2331 520 2364 554; x_wconf 91' lang='lat' dir='ltr'><em>a</em></span> <span class='ocrx_word' id='word_1_27' title='bbox 2423 493 2456 587; x_wconf 66' lang='grc' dir='ltr'>ξ</span> 
     </span>
     <span class='ocr_line' id='line_1_4' title="bbox 211 586 2456 698; baseline -0.001 -58"><span class='ocrx_word' id='word_1_28' title='bbox 211 593 314 640; x_wconf 91' lang='lat' dir='ltr'><em>suis</em></span> <span class='ocrx_word' id='word_1_29' title='bbox 365 591 625 649; x_wconf 90' lang='lat' dir='ltr'><em>insperato</em></span> <span class='ocrx_word' id='word_1_30' title='bbox 680 586 969 646; x_wconf 84' lang='lat' dir='ltr'><em>confundi?</em></span> <span class='ocrx_word' id='word_1_31' title='bbox 1029 586 1068 635; x_wconf 86' lang='grc' dir='ltr'><em>Ο</em></span> <span class='ocrx_word' id='word_1_32' title='bbox 1121 602 1211 637; x_wconf 91' lang='lat' dir='ltr'><em>nos</em></span> <span class='ocrx_word' id='word_1_33' title='bbox 1255 590 1459 637; x_wconf 91' lang='lat' dir='ltr'><em>miseros</em></span> <span class='ocrx_word' id='word_1_34' title='bbox 1506 593 1656 649; x_wconf 81' lang='lat' dir='ltr'><em>atque</em></span> <span class='ocrx_word' id='word_1_35' title='bbox 1701 588 1929 648; x_wconf 77' lang='lat' dir='ltr'><em>infelices</em></span> <span class='ocrx_word' id='word_1_36' title='bbox 1975 591 2358 649; x_wconf 77' lang='lat' dir='ltr'><em>Reucblinistas‚</em></span> <span class='ocrx_word' id='word_1_37' title='bbox 2433 591 2456 698; x_wconf 59' lang='grc' dir='ltr'>ξ</span> 
     </span>
     <span class='ocr_line' id='line_1_5' title="bbox 214 672 2432 738; baseline 0 -16"><span class='ocrx_word' id='word_1_38' title='bbox 214 676 302 735; x_wconf 80' lang='lat' dir='ltr'><em>qui</em></span> <span class='ocrx_word' id='word_1_39' title='bbox 334 674 557 721; x_wconf 80' lang='lat' dir='ltr'><em>sedentes</em></span> <span class='ocrx_word' id='word_1_40' title='bbox 596 673 648 719; x_wconf 93' lang='lat' dir='ltr'><em>in</em></span> <span class='ocrx_word' id='word_1_41' title='bbox 687 672 900 719; x_wconf 89' lang='lat' dir='ltr'><em>tenebris</em></span> <span class='ocrx_word' id='word_1_42' title='bbox 937 675 996 738; x_wconf 68' lang='lat' dir='ltr'><em>et</em></span> <span class='ocrx_word' id='word_1_43' title='bbox 1021 673 1072 719; x_wconf 94' lang='lat' dir='ltr'><em>in</em></span> <span class='ocrx_word' id='word_1_44' title='bbox 1111 673 1289 720; x_wconf 93' lang='lat' dir='ltr'><em>umbra</em></span> <span class='ocrx_word' id='word_1_45' title='bbox 1326 674 1526 732; x_wconf 88' lang='lat' dir='ltr'><em>mortis,</em></span> <span class='ocrx_word' id='word_1_46' title='bbox 1576 675 1734 722; x_wconf 90' lang='lat' dir='ltr'><em>multa</em></span> <span class='ocrx_word' id='word_1_47' title='bbox 1770 675 1909 722; x_wconf 90' lang='lat' dir='ltr'><em>nobis</em></span> <span class='ocrx_word' id='word_1_48' title='bbox 1946 688 2010 723; x_wconf 89' lang='lat' dir='ltr'><em>ac</em></span> <span class='ocrx_word' id='word_1_49' title='bbox 2046 679 2214 732; x_wconf 89' lang='lat' dir='ltr'><em>nostre</em></span> <span class='ocrx_word' id='word_1_50' title='bbox 2252 680 2362 722; x_wconf 91' lang='lat' dir='ltr'><em>tan-</em></span> <span class='ocrx_word' id='word_1_51' title='bbox 2430 719 2432 722; x_wconf 88' lang='lat'>.</span> 
     </span>
     <span class='ocr_line' id='line_1_6' title="bbox 215 754 2398 818; baseline 0 -13"><span class='ocrx_word' id='word_1_52' title='bbox 215 759 324 805; x_wconf 92' lang='lat' dir='ltr'><em>dem</em></span> <span class='ocrx_word' id='word_1_53' title='bbox 352 754 670 817; x_wconf 81' lang='lat' dir='ltr'><em>professioni</em></span> <span class='ocrx_word' id='word_1_54' title='bbox 703 757 919 804; x_wconf 91' lang='lat' dir='ltr'><em>adversa</em></span> <span class='ocrx_word' id='word_1_55' title='bbox 956 757 1264 816; x_wconf 74' lang='lat' dir='ltr'><em>experimur.</em></span> <span class='ocrx_word' id='word_1_56' title='bbox 1308 757 1631 818; x_wconf 73' lang='lat' dir='ltr'><em>‘Campanus</em></span> <span class='ocrx_word' id='word_1_57' title='bbox 1675 759 1803 806; x_wconf 91' lang='lat' dir='ltr'><em>enim</em></span> <span class='ocrx_word' id='word_1_58' title='bbox 1855 758 1968 816; x_wconf 78' lang='lat' dir='ltr'><em>(bei</em></span> <span class='ocrx_word' id='word_1_59' title='bbox 1999 759 2142 817; x_wconf 77' lang='lat' dir='ltr'><em>milti,</em></span> <span class='ocrx_word' id='word_1_60' title='bbox 2190 772 2398 807; x_wconf 84' lang='lat' dir='ltr'><em>vereor5</em></span> 
     </span>
     <span class='ocr_line' id='line_1_7' title="bbox 211 840 2364 903; baseline 0 -13"><span class='ocrx_word' id='word_1_61' title='bbox 211 842 456 901; x_wconf 86' lang='lat' dir='ltr'><em>scribere)</em></span> <span class='ocrx_word' id='word_1_62' title='bbox 505 842 556 889; x_wconf 92' lang='lat' dir='ltr'><em>in</em></span> <span class='ocrx_word' id='word_1_63' title='bbox 603 853 695 888; x_wconf 91' lang='lat' dir='ltr'><em>sua</em></span> <span class='ocrx_word' id='word_1_64' title='bbox 746 841 816 888; x_wconf 93' lang='lat' dir='ltr'><em>ad</em></span> <span class='ocrx_word' id='word_1_65' title='bbox 853 840 1176 888; x_wconf 86' lang='lat' dir='ltr'><em>Cardinalem</em></span> <span class='ocrx_word' id='word_1_66' title='bbox 1223 842 1461 901; x_wconf 88' lang='lat' dir='ltr'><em>epistola,</em></span> <span class='ocrx_word' id='word_1_67' title='bbox 1512 855 1602 896; x_wconf 90' lang='lat' dir='ltr'><em>nos</em></span> <span class='ocrx_word' id='word_1_68' title='bbox 1632 841 1858 901; x_wconf 88' lang='lat' dir='ltr'><em>fortasse</em></span> <span class='ocrx_word' id='word_1_69' title='bbox 1897 840 2140 891; x_wconf 81' lang='lat' dir='ltr'><em>Obscuros</em></span> <span class='ocrx_word' id='word_1_70' title='bbox 2177 844 2228 890; x_wconf 89' lang='lat' dir='ltr'><em>in</em></span> <span class='ocrx_word' id='word_1_71' title='bbox 2264 845 2364 903; x_wconf 91' lang='lat' dir='ltr'><em>spi-</em></span> 
     </span>
     <span class='ocr_line' id='line_1_8' title="bbox 213 924 2364 988; baseline -0 -14"><span class='ocrx_word' id='word_1_72' title='bbox 213 927 315 974; x_wconf 89' lang='lat' dir='ltr'><em>ritu</em></span> <span class='ocrx_word' id='word_1_73' title='bbox 353 926 692 986; x_wconf 72' lang='lat' dir='ltr'><em>redarquens‚</em></span> <span class='ocrx_word' id='word_1_74' title='bbox 746 924 896 982; x_wconf 78' lang='lat' dir='ltr'><em>‘Quid</em></span> <span class='ocrx_word' id='word_1_75' title='bbox 938 926 1068 972; x_wconf 92' lang='lat' dir='ltr'><em>enim</em></span> <span class='ocrx_word' id='word_1_76' title='bbox 1107 925 1252 973; x_wconf 88' lang='lat' dir='ltr'><em>dolus</em></span> <span class='ocrx_word' id='word_1_77' title='bbox 1299 925 1508 986; x_wconf 81' lang='lat' dir='ltr'><em>(inquit)</em></span> <span class='ocrx_word' id='word_1_78' title='bbox 1547 928 1648 975; x_wconf 90' lang='lat' dir='ltr'><em>nisi</em></span> <span class='ocrx_word' id='word_1_79' title='bbox 1670 931 1942 988; x_wconf 91' lang='lat' dir='ltr'><em>poetarum</em></span> <span class='ocrx_word' id='word_1_80' title='bbox 1978 928 2243 975; x_wconf 91' lang='lat' dir='ltr'><em>mendacia</em></span> <span class='ocrx_word' id='word_1_81' title='bbox 2281 927 2364 974; x_wconf 94' lang='lat' dir='ltr'><em>ab-</em></span> 
     </span>
    </p>

    <p class='ocr_par' dir='ltr' id='par_1_3' title="bbox 160 1010 2421 1325">
     <span class='ocr_line' id='line_1_9' title="bbox 160 1010 2366 1073; baseline 0 -15"><span class='ocrx_word' id='word_1_82' title='bbox 160 1015 164 1023; x_wconf 90' lang='lat'><em>&#39;</em></span> <span class='ocrx_word' id='word_1_83' title='bbox 211 1011 372 1058; x_wconf 90' lang='lat' dir='ltr'><em>surda</em></span> <span class='ocrx_word' id='word_1_84' title='bbox 409 1014 456 1057; x_wconf 89' lang='lat' dir='ltr'><em>et</em></span> <span class='ocrx_word' id='word_1_85' title='bbox 490 1011 735 1069; x_wconf 80' lang='lat' dir='ltr'><em>venefica,</em></span> <span class='ocrx_word' id='word_1_86' title='bbox 778 1010 953 1070; x_wconf 82' lang='lat' dir='ltr'><em>quibus</em></span> <span class='ocrx_word' id='word_1_87' title='bbox 989 1010 1269 1057; x_wconf 80' lang='lat' dir='ltr'><em>mulcentur</em></span> <span class='ocrx_word' id='word_1_88' title='bbox 1305 1022 1471 1070; x_wconf 88' lang='lat' dir='ltr'><em>aures,</em></span> <span class='ocrx_word' id='word_1_89' title='bbox 1514 1012 1672 1059; x_wconf 86' lang='lat' dir='ltr'><em>animi</em></span> <span class='ocrx_word' id='word_1_90' title='bbox 1693 1011 2020 1073; x_wconf 84' lang='lat' dir='ltr'><em>dicipiuntur.</em></span> <span class='ocrx_word' id='word_1_91' title='bbox 2097 1011 2175 1059; x_wconf 82' lang='lat' dir='ltr'><em>An</em></span> <span class='ocrx_word' id='word_1_92' title='bbox 2205 1012 2366 1072; x_wconf 83' lang='lat' dir='ltr'><em>possit</em></span> 
     </span>
     <span class='ocr_line' id='line_1_10' title="bbox 214 1093 2364 1156; baseline 0 -14"><span class='ocrx_word' id='word_1_93' title='bbox 214 1095 474 1155; x_wconf 81' lang='lat' dir='ltr'><em>quisquam</em></span> <span class='ocrx_word' id='word_1_94' title='bbox 501 1107 599 1142; x_wconf 93' lang='lat' dir='ltr'><em>non</em></span> <span class='ocrx_word' id='word_1_95' title='bbox 619 1093 750 1153; x_wconf 85' lang='lat' dir='ltr'><em>falli</em></span> <span class='ocrx_word' id='word_1_96' title='bbox 770 1095 816 1142; x_wconf 88' lang='lat' dir='ltr'><em>si</em></span> <span class='ocrx_word' id='word_1_97' title='bbox 844 1098 1025 1154; x_wconf 86' lang='lat' dir='ltr'><em>poetas</em></span> <span class='ocrx_word' id='word_1_98' title='bbox 1059 1098 1300 1153; x_wconf 83' lang='lat' dir='ltr'><em>sectetur,</em></span> <span class='ocrx_word' id='word_1_99' title='bbox 1344 1096 1434 1154; x_wconf 79' lang='lat' dir='ltr'><em>qui</em></span> <span class='ocrx_word' id='word_1_100' title='bbox 1466 1108 1566 1143; x_wconf 93' lang='lat' dir='ltr'><em>non</em></span> <span class='ocrx_word' id='word_1_101' title='bbox 1605 1097 1999 1156; x_wconf 72' lang='lat' dir='ltr'><em>investiqatores,</em></span> <span class='ocrx_word' id='word_1_102' title='bbox 2040 1096 2130 1144; x_wconf 90' lang='lat' dir='ltr'><em>sed</em></span> <span class='ocrx_word' id='word_1_103' title='bbox 2163 1100 2214 1143; x_wconf 91' lang='lat' dir='ltr'><em>et</em></span> <span class='ocrx_word' id='word_1_104' title='bbox 2249 1109 2364 1143; x_wconf 92' lang='lat' dir='ltr'><em>con·</em></span> 
     </span>
     <span class='ocr_line' id='line_1_11' title="bbox 211 1177 2427 1239; baseline -0.002 -12"><span class='ocrx_word' id='word_1_105' title='bbox 211 1180 411 1235; x_wconf 71' lang='lat' dir='ltr'><em>fictores</em></span> <span class='ocrx_word' id='word_1_106' title='bbox 449 1182 599 1238; x_wconf 83' lang='lat' dir='ltr'><em>atque</em></span> <span class='ocrx_word' id='word_1_107' title='bbox 635 1180 917 1227; x_wconf 81' lang='lat' dir='ltr'><em>inventores</em></span> <span class='ocrx_word' id='word_1_108' title='bbox 946 1177 1165 1237; x_wconf 84' lang='lat' dir='ltr'><em>fuerunt</em></span> <span class='ocrx_word' id='word_1_109' title='bbox 1200 1179 1611 1228; x_wconf 83' lang='lat' dir='ltr'><em>mendaciorum?</em></span> <span class='ocrx_word' id='word_1_110' title='bbox 1648 1179 1728 1228; x_wconf 80' lang='lat' dir='ltr'><em>An</em></span> <span class='ocrx_word' id='word_1_111' title='bbox 1764 1193 1868 1228; x_wconf 87' lang='lat' dir='ltr'><em>esse</em></span> <span class='ocrx_word' id='word_1_112' title='bbox 1902 1193 2000 1228; x_wconf 94' lang='lat' dir='ltr'><em>non</em></span> <span class='ocrx_word' id='word_1_113' title='bbox 2037 1181 2279 1239; x_wconf 61' lang='lat' dir='ltr'><em>lascivam,</em></span> <span class='ocrx_word' id='word_1_114' title='bbox 2320 1180 2366 1227; x_wconf 89' lang='lat' dir='ltr'><em>si</em></span> <span class='ocrx_word' id='word_1_115' title='bbox 2383 1189 2427 1223; x_wconf 83' lang='grc' dir='ltr'><em>ιο</em></span> 
     </span>
     <span class='ocr_line' id='line_1_12' title="bbox 215 1261 2366 1325; baseline 0 -14"><span class='ocrx_word' id='word_1_116' title='bbox 215 1264 346 1311; x_wconf 91' lang='lat' dir='ltr'><em>inter</em></span> <span class='ocrx_word' id='word_1_117' title='bbox 382 1263 581 1311; x_wconf 87' lang='lat' dir='ltr'><em>illorum</em></span> <span class='ocrx_word' id='word_1_118' title='bbox 625 1261 839 1321; x_wconf 84' lang='lat' dir='ltr'><em>fabulas</em></span> <span class='ocrx_word' id='word_1_119' title='bbox 884 1264 1261 1323; x_wconf 82' lang='lat' dir='ltr'><em>cantilenasque</em></span> <span class='ocrx_word' id='word_1_120' title='bbox 1308 1268 1559 1323; x_wconf 82' lang='lat' dir='ltr'><em>versetur,</em></span> <span class='ocrx_word' id='word_1_121' title='bbox 1609 1263 1836 1323; x_wconf 85' lang='lat' dir='ltr'><em>refertas</em></span> <span class='ocrx_word' id='word_1_122' title='bbox 1861 1265 2074 1325; x_wconf 84' lang='lat' dir='ltr'><em>pruritu</em></span> <span class='ocrx_word' id='word_1_123' title='bbox 2109 1269 2165 1312; x_wconf 91' lang='lat' dir='ltr'><em>et</em></span> <span class='ocrx_word' id='word_1_124' title='bbox 2192 1265 2366 1312; x_wconf 88' lang='lat' dir='ltr'><em>titilla-</em></span> 
     </span>
    </p>

    <p class='ocr_par' dir='ltr' id='par_1_4' title="bbox 120 1296 2456 2190">
     <span class='ocr_line' id='line_1_13' title="bbox 120 1296 2456 1414; baseline -0 -18"><span class='ocrx_word' id='word_1_125' title='bbox 120 1355 193 1401; x_wconf 57' lang='grc' dir='ltr'><em>(θ’)</em></span> <span class='ocrx_word' id='word_1_126' title='bbox 215 1350 351 1396; x_wconf 90' lang='lat' dir='ltr'><em>tione</em></span> <span class='ocrx_word' id='word_1_127' title='bbox 386 1349 721 1408; x_wconf 87' lang='lat' dir='ltr'><em>voluptatum,</em></span> <span class='ocrx_word' id='word_1_128' title='bbox 762 1347 1050 1407; x_wconf 82' lang='lat' dir='ltr'><em>libidinum,</em></span> <span class='ocrx_word' id='word_1_129' title='bbox 1086 1349 1437 1409; x_wconf 71' lang='lat' dir='ltr'><em>flaqitiorum?</em></span> <span class='ocrx_word' id='word_1_130' title='bbox 1475 1347 1607 1397; x_wconf 88' lang='lat' dir='ltr'><em>Nam</em></span> <span class='ocrx_word' id='word_1_131' title='bbox 1644 1349 1781 1409; x_wconf 81' lang='lat' dir='ltr'><em>quod</em></span> <span class='ocrx_word' id='word_1_132' title='bbox 1803 1353 1858 1397; x_wconf 91' lang='lat' dir='ltr'><em>tu</em></span> <span class='ocrx_word' id='word_1_133' title='bbox 1876 1350 2067 1410; x_wconf 71' lang='lat' dir='ltr'><em>slaqitii</em></span> <span class='ocrx_word' id='word_1_134' title='bbox 2089 1343 2110 1414; x_wconf 79' lang='grc' dir='ltr'>Η</span> <span class='ocrx_word' id='word_1_135' title='bbox 2131 1362 2291 1409; x_wconf 67' lang='lat' dir='ltr'><em>¹oenus</em></span> <span class='ocrx_word' id='word_1_136' title='bbox 2316 1349 2368 1396; x_wconf 89' lang='lat' dir='ltr'><em>in</em></span> <span class='ocrx_word' id='word_1_137' title='bbox 2411 1296 2456 1395; x_wconf 57' lang='grc' dir='ltr'><em>’Ξ</em></span> 
     </span>
     <span class='ocr_line' id='line_1_14' title="bbox 206 1412 2456 1494; baseline 0 -14"><span class='ocrx_word' id='word_1_138' title='bbox 206 1433 374 1493; x_wconf 89' lang='lat' dir='ltr'><em>poetis</em></span> <span class='ocrx_word' id='word_1_139' title='bbox 410 1445 509 1480; x_wconf 93' lang='lat' dir='ltr'><em>non</em></span> <span class='ocrx_word' id='word_1_140' title='bbox 548 1432 765 1479; x_wconf 89' lang='lat' dir='ltr'><em>invenies</em></span> <span class='ocrx_word' id='word_1_141' title='bbox 802 1432 979 1479; x_wconf 80' lang='lat' dir='ltr'><em>extolli</em></span> <span class='ocrx_word' id='word_1_142' title='bbox 1012 1435 1060 1479; x_wconf 89' lang='lat' dir='ltr'><em>et</em></span> <span class='ocrx_word' id='word_1_143' title='bbox 1087 1432 1395 1492; x_wconf 81' lang='lat' dir='ltr'><em>predicari?</em></span> <span class='ocrx_word' id='word_1_144' title='bbox 1431 1432 1590 1493; x_wconf 61' lang='lat' dir='ltr'><em>Dioni</em></span> <span class='ocrx_word' id='word_1_145' title='bbox 1622 1434 1699 1481; x_wconf 89' lang='lat' dir='ltr'><em>illi</em></span> <span class='ocrx_word' id='word_1_146' title='bbox 1732 1434 1930 1494; x_wconf 83' lang='lat' dir='ltr'><em>quidem</em></span> <span class='ocrx_word' id='word_1_147' title='bbox 1967 1434 2057 1494; x_wconf 81' lang='lat' dir='ltr'><em>qui</em></span> <span class='ocrx_word' id='word_1_148' title='bbox 2089 1438 2138 1481; x_wconf 90' lang='lat' dir='ltr'><em>et</em></span> <span class='ocrx_word' id='word_1_149' title='bbox 2162 1438 2299 1481; x_wconf 89' lang='lat' dir='ltr'><em>vates</em></span> <span class='ocrx_word' id='word_1_150' title='bbox 2325 1437 2371 1480; x_wconf 90' lang='lat' dir='ltr'><em>et</em></span> <span class='ocrx_word' id='word_1_151' title='bbox 2433 1412 2456 1476; x_wconf 42' lang='lat'><em>3⁸</em></span> 
     </span>
     <span class='ocr_line' id='line_1_15' title="bbox 216 1477 2456 1583; baseline 0.001 -20"><span class='ocrx_word' id='word_1_152' title='bbox 216 1517 376 1564; x_wconf 74' lang='lat' dir='ltr'><em>divini</em></span> <span class='ocrx_word' id='word_1_153' title='bbox 410 1517 701 1564; x_wconf 91' lang='lat' dir='ltr'><em>dicerentur</em></span> <span class='ocrx_word' id='word_1_154' title='bbox 737 1517 958 1564; x_wconf 89' lang='lat' dir='ltr'><em>ministri</em></span> <span class='ocrx_word' id='word_1_155' title='bbox 990 1529 1162 1564; x_wconf 88' lang='lat' dir='ltr'><em>eorum</em></span> <span class='ocrx_word' id='word_1_156' title='bbox 1210 1517 1415 1565; x_wconf 88' lang='lat' dir='ltr'><em>deorum</em></span> <span class='ocrx_word' id='word_1_157' title='bbox 1465 1526 1588 1578; x_wconf 80' lang='lat' dir='ltr'><em>quos</em></span> <span class='ocrx_word' id='word_1_158' title='bbox 1632 1517 1907 1578; x_wconf 79' lang='lat' dir='ltr'><em>habebant,</em></span> <span class='ocrx_word' id='word_1_159' title='bbox 1950 1519 2371 1579; x_wconf 71' lang='lat' dir='ltr'><em>profliyatissima</em></span> <span class='ocrx_word' id='word_1_160' title='bbox 2435 1477 2456 1583; x_wconf 57' lang='grc' dir='ltr'><strong>Ξ</strong></span> 
     </span>
     <span class='ocr_line' id='line_1_16' title="bbox 215 1581 2456 1719; baseline -0.002 -70"><span class='ocrx_word' id='word_1_161' title='bbox 215 1606 264 1649; x_wconf 90' lang='lat' dir='ltr'><em>et</em></span> <span class='ocrx_word' id='word_1_162' title='bbox 291 1601 639 1661; x_wconf 90' lang='lat' dir='ltr'><em>perditissima</em></span> <span class='ocrx_word' id='word_1_163' title='bbox 675 1613 867 1660; x_wconf 80' lang='lat' dir='ltr'><em>queque</em></span> <span class='ocrx_word' id='word_1_164' title='bbox 898 1601 1235 1660; x_wconf 88' lang='lat' dir='ltr'><em>postulantes,</em></span> <span class='ocrx_word' id='word_1_165' title='bbox 1276 1602 1323 1648; x_wconf 89' lang='lat' dir='ltr'><em>si</em></span> <span class='ocrx_word' id='word_1_166' title='bbox 1355 1602 1502 1650; x_wconf 90' lang='lat' dir='ltr'><em>modo</em></span> <span class='ocrx_word' id='word_1_167' title='bbox 1539 1607 1688 1650; x_wconf 89' lang='lat' dir='ltr'><em>erant</em></span> <span class='ocrx_word' id='word_1_168' title='bbox 1722 1602 1779 1650; x_wconf 80' lang='lat' dir='ltr'><em>Izi</em></span> <span class='ocrx_word' id='word_1_169' title='bbox 1812 1603 1909 1662; x_wconf 91' lang='lat' dir='ltr'><em>dii,</em></span> <span class='ocrx_word' id='word_1_170' title='bbox 1950 1607 1999 1650; x_wconf 94' lang='lat' dir='ltr'><em>et</em></span> <span class='ocrx_word' id='word_1_171' title='bbox 2035 1615 2135 1650; x_wconf 93' lang='lat' dir='ltr'><em>non</em></span> <span class='ocrx_word' id='word_1_172' title='bbox 2159 1603 2368 1651; x_wconf 83' lang='lat' dir='ltr'><em>stultitia</em></span> <span class='ocrx_word' id='word_1_173' title='bbox 2387 1581 2456 1719; x_wconf 66' lang='grc' dir='ltr'><em>1εέ</em></span> 
     </span>
     <span class='ocr_line' id='line_1_17' title="bbox 206 1684 2442 1750; baseline 0 -16"><span class='ocrx_word' id='word_1_174' title='bbox 206 1686 379 1747; x_wconf 91' lang='lat' dir='ltr'><em>potius</em></span> <span class='ocrx_word' id='word_1_175' title='bbox 412 1697 583 1733; x_wconf 90' lang='lat' dir='ltr'><em>eorum</em></span> <span class='ocrx_word' id='word_1_176' title='bbox 622 1686 712 1744; x_wconf 79' lang='lat' dir='ltr'><em>qui</em></span> <span class='ocrx_word' id='word_1_177' title='bbox 744 1684 836 1743; x_wconf 78' lang='lat' dir='ltr'><em>bec</em></span> <span class='ocrx_word' id='word_1_178' title='bbox 871 1686 1257 1745; x_wconf 79' lang='lat' dir='ltr'><em>confinxissent,</em></span> <span class='ocrx_word' id='word_1_179' title='bbox 1299 1685 1582 1744; x_wconf 88' lang='lat' dir='ltr'><em>referentes</em></span> <span class='ocrx_word' id='word_1_180' title='bbox 1618 1688 1786 1735; x_wconf 90' lang='lat' dir='ltr'><em>omnia</em></span> <span class='ocrx_word' id='word_1_181' title='bbox 1822 1687 1892 1734; x_wconf 90' lang='lat' dir='ltr'><em>ad</em></span> <span class='ocrx_word' id='word_1_182' title='bbox 1929 1689 2204 1748; x_wconf 90' lang='lat' dir='ltr'><em>appetitum</em></span> <span class='ocrx_word' id='word_1_183' title='bbox 2241 1689 2371 1747; x_wconf 81' lang='lat' dir='ltr'><em>quis·</em></span> <span class='ocrx_word' id='word_1_184' title='bbox 2423 1704 2442 1750; x_wconf 64' lang='lat' dir='ltr'><strong>j</strong></span> 
     </span>
     <span class='ocr_line' id='line_1_18' title="bbox 217 1719 2456 1881; baseline 0 -63"><span class='ocrx_word' id='word_1_185' title='bbox 217 1783 312 1830; x_wconf 81' lang='lat' dir='ltr'><em>que</em></span> <span class='ocrx_word' id='word_1_186' title='bbox 346 1782 487 1817; x_wconf 86' lang='lat' dir='ltr'><em>suum</em></span> <span class='ocrx_word' id='word_1_187' title='bbox 525 1769 777 1817; x_wconf 88' lang='lat' dir='ltr'><em>insanum</em></span> <span class='ocrx_word' id='word_1_188' title='bbox 795 1773 843 1817; x_wconf 90' lang='lat' dir='ltr'><em>et</em></span> <span class='ocrx_word' id='word_1_189' title='bbox 880 1766 1155 1817; x_wconf 90' lang='lat' dir='ltr'><em>amentem&#39;.</em></span> <span class='ocrx_word' id='word_1_190' title='bbox 1235 1768 1274 1817; x_wconf 89' lang='lat' dir='ltr'><em>O</em></span> <span class='ocrx_word' id='word_1_191' title='bbox 1310 1769 1568 1830; x_wconf 87' lang='lat' dir='ltr'><em>Lulliane,</em></span> <span class='ocrx_word' id='word_1_192' title='bbox 1612 1783 1640 1819; x_wconf 93' lang='lat' dir='ltr'><em>o</em></span> <span class='ocrx_word' id='word_1_193' title='bbox 1677 1769 1876 1831; x_wconf 78' lang='lat' dir='ltr'><em>Simeon</em></span> <span class='ocrx_word' id='word_1_194' title='bbox 1914 1771 2148 1820; x_wconf 85' lang='lat' dir='ltr'><em>Lulliane</em></span> <span class='ocrx_word' id='word_1_195' title='bbox 2162 1807 2178 1832; x_wconf 94' lang='lat'><em>,</em></span> <span class='ocrx_word' id='word_1_196' title='bbox 2220 1784 2372 1833; x_wconf 81' lang='lat' dir='ltr'><em>quam</em></span> <span class='ocrx_word' id='word_1_197' title='bbox 2423 1719 2456 1881; x_wconf 53' lang='grc' dir='ltr'>ἰ</span> 
     </span>
     <span class='ocr_line' id='line_1_19' title="bbox 217 1853 2456 1917; baseline 0.001 -16"><span class='ocrx_word' id='word_1_198' title='bbox 217 1866 306 1902; x_wconf 93' lang='lat' dir='ltr'><em>nos</em></span> <span class='ocrx_word' id='word_1_199' title='bbox 349 1853 441 1911; x_wconf 83' lang='lat' dir='ltr'><em>bec</em></span> <span class='ocrx_word' id='word_1_200' title='bbox 501 1853 654 1901; x_wconf 91' lang='lat' dir='ltr'><em>verba</em></span> <span class='ocrx_word' id='word_1_201' title='bbox 701 1854 1059 1913; x_wconf 57' lang='lat' dir='ltr'><em>perstringunt</em></span> <span class='ocrx_word' id='word_1_202' title='bbox 1110 1858 1158 1901; x_wconf 91' lang='lat' dir='ltr'><em>et</em></span> <span class='ocrx_word' id='word_1_203' title='bbox 1214 1854 1477 1902; x_wconf 82' lang='lat' dir='ltr'><em>indelebile</em></span> <span class='ocrx_word' id='word_1_204' title='bbox 1533 1854 1674 1903; x_wconf 89' lang='lat' dir='ltr'><em>nobis</em></span> <span class='ocrx_word' id='word_1_205' title='bbox 1728 1855 2022 1904; x_wconf 88' lang='lat' dir='ltr'><em>scandalum</em></span> <span class='ocrx_word' id='word_1_206' title='bbox 2070 1861 2375 1917; x_wconf 82' lang='lat' dir='ltr'><em>mortemque</em></span> <span class='ocrx_word' id='word_1_207' title='bbox 2434 1882 2456 1916; x_wconf 69' lang='lat'><em>,-</em></span> 
     </span>
     <span class='ocr_line' id='line_1_20' title="bbox 214 1937 2440 2003; baseline 0.001 -16"><span class='ocrx_word' id='word_1_208' title='bbox 214 1939 567 1999; x_wconf 90' lang='lat' dir='ltr'><em>sempiternam</em></span> <span class='ocrx_word' id='word_1_209' title='bbox 603 1939 894 1986; x_wconf 87' lang='lat' dir='ltr'><em>minantur!</em></span> <span class='ocrx_word' id='word_1_210' title='bbox 930 1937 1033 1985; x_wconf 87' lang='lat' dir='ltr'><em>Sed</em></span> <span class='ocrx_word' id='word_1_211' title='bbox 1069 1952 1163 1998; x_wconf 86' lang='lat' dir='ltr'><em>que</em></span> <span class='ocrx_word' id='word_1_212' title='bbox 1198 1940 1510 1999; x_wconf 84' lang='lat' dir='ltr'><em>sequuntur?</em></span> <span class='ocrx_word' id='word_1_213' title='bbox 1552 1939 1858 1988; x_wconf 85' lang='lat' dir='ltr'><em>‘Finxerunt</em></span> <span class='ocrx_word' id='word_1_214' title='bbox 1892 1940 1988 1988; x_wconf 88' lang='lat' dir='ltr'><em>sibi</em></span> <span class='ocrx_word' id='word_1_215' title='bbox 2019 1954 2268 1989; x_wconf 87' lang='lat' dir='ltr'><em>sermones</em></span> <span class='ocrx_word' id='word_1_216' title='bbox 2292 1954 2372 1988; x_wconf 88' lang='lat' dir='ltr'><em>ne·</em></span> <span class='ocrx_word' id='word_1_217' title='bbox 2438 1998 2440 2003; x_wconf 28' lang='grc' dir='ltr'>Ι</span> 
     </span>
     <span class='ocr_line' id='line_1_21' title="bbox 217 2011 2456 2085; baseline -0 -15"><span class='ocrx_word' id='word_1_218' title='bbox 217 2036 364 2085; x_wconf 81' lang='lat' dir='ltr'><em>quam</em></span> <span class='ocrx_word' id='word_1_219' title='bbox 392 2026 569 2084; x_wconf 81' lang='lat' dir='ltr'><em>poete,</em></span> <span class='ocrx_word' id='word_1_220' title='bbox 617 2022 855 2071; x_wconf 85' lang='lat' dir='ltr'><em>Locutum</em></span> <span class='ocrx_word' id='word_1_221' title='bbox 892 2027 965 2071; x_wconf 90' lang='lat' dir='ltr'><em>est</em></span> <span class='ocrx_word' id='word_1_222' title='bbox 1000 2023 1315 2071; x_wconf 87' lang='lat' dir='ltr'><em>mendacium</em></span> <span class='ocrx_word' id='word_1_223' title='bbox 1353 2037 1407 2072; x_wconf 88' lang='lat' dir='ltr'><em>os</em></span> <span class='ocrx_word' id='word_1_224' title='bbox 1442 2024 1643 2073; x_wconf 83' lang='lat' dir='ltr'><em>illorum</em></span> <span class='ocrx_word' id='word_1_225' title='bbox 1679 2028 1728 2072; x_wconf 92' lang='lat' dir='ltr'><em>et</em></span> <span class='ocrx_word' id='word_1_226' title='bbox 1761 2026 1922 2073; x_wconf 88' lang='lat' dir='ltr'><em>secuti</em></span> <span class='ocrx_word' id='word_1_227' title='bbox 1940 2031 2056 2074; x_wconf 89' lang='lat' dir='ltr'><em>sunt</em></span> <span class='ocrx_word' id='word_1_228' title='bbox 2079 2027 2367 2085; x_wconf 90' lang='lat' dir='ltr'><em>vanitatem,</em></span> <span class='ocrx_word' id='word_1_229' title='bbox 2387 2011 2456 2077; x_wconf 68' lang='grc' dir='ltr'><em>2οὲ</em></span> 
     </span>
     <span class='ocr_line' id='line_1_22' title="bbox 217 2080 2456 2190; baseline 0.001 -35"><span class='ocrx_word' id='word_1_230' title='bbox 217 2107 301 2155; x_wconf 85' lang='lat' dir='ltr'><em>Ad</em></span> <span class='ocrx_word' id='word_1_231' title='bbox 334 2107 700 2167; x_wconf 88' lang='lat' dir='ltr'><em>increpandum</em></span> <span class='ocrx_word' id='word_1_232' title='bbox 737 2107 891 2155; x_wconf 91' lang='lat' dir='ltr'><em>verba</em></span> <span class='ocrx_word' id='word_1_233' title='bbox 927 2108 1235 2156; x_wconf 88' lang='lat' dir='ltr'><em>concinnant</em></span> <span class='ocrx_word' id='word_1_234' title='bbox 1269 2112 1319 2157; x_wconf 90' lang='lat' dir='ltr'><em>et</em></span> <span class='ocrx_word' id='word_1_235' title='bbox 1351 2121 1627 2157; x_wconf 88' lang='lat' dir='ltr'><em>sermonem</em></span> <span class='ocrx_word' id='word_1_236' title='bbox 1655 2109 1983 2171; x_wconf 87' lang='lat' dir='ltr'><em>protulerunt</em></span> <span class='ocrx_word' id='word_1_237' title='bbox 2018 2112 2285 2171; x_wconf 89' lang='lat' dir='ltr'><em>inventum,</em></span> <span class='ocrx_word' id='word_1_238' title='bbox 2326 2114 2375 2158; x_wconf 89' lang='lat' dir='ltr'><em>et</em></span> <span class='ocrx_word' id='word_1_239' title='bbox 2434 2080 2456 2190; x_wconf 53' lang='grc' dir='ltr'><em>Ξῖ</em></span> 
     </span>
    </p>

    <p class='ocr_par' dir='ltr' id='par_1_5' title="bbox 217 2192 2446 2256">
     <span class='ocr_line' id='line_1_23' title="bbox 217 2192 2446 2256; baseline 0.001 -15"><span class='ocrx_word' id='word_1_240' title='bbox 217 2197 383 2241; x_wconf 90' lang='lat' dir='ltr'><em>tamen</em></span> <span class='ocrx_word' id='word_1_241' title='bbox 421 2192 588 2240; x_wconf 90' lang='lat' dir='ltr'><em>nescio</em></span> <span class='ocrx_word' id='word_1_242' title='bbox 626 2204 776 2252; x_wconf 81' lang='lat' dir='ltr'><em>quam</em></span> <span class='ocrx_word' id='word_1_243' title='bbox 824 2192 922 2240; x_wconf 89' lang='lat' dir='ltr'><em>sibi</em></span> <span class='ocrx_word' id='word_1_244' title='bbox 946 2193 1262 2253; x_wconf 89' lang='lat' dir='ltr'><em>persuadent</em></span> <span class='ocrx_word' id='word_1_245' title='bbox 1304 2194 1521 2254; x_wconf 70' lang='lat' dir='ltr'><em>eloriam</em></span> <span class='ocrx_word' id='word_1_246' title='bbox 1558 2195 1796 2254; x_wconf 87' lang='lat' dir='ltr'><em>nominis,</em></span> <span class='ocrx_word' id='word_1_247' title='bbox 1848 2209 1943 2256; x_wconf 84' lang='lat' dir='ltr'><em>que</em></span> <span class='ocrx_word' id='word_1_248' title='bbox 1988 2195 2118 2243; x_wconf 79' lang='lat' dir='ltr'><em>nihil</em></span> <span class='ocrx_word' id='word_1_249' title='bbox 2151 2200 2223 2244; x_wconf 89' lang='lat' dir='ltr'><em>est</em></span> <span class='ocrx_word' id='word_1_250' title='bbox 2255 2208 2374 2256; x_wconf 85' lang='lat' dir='ltr'><em>pro-</em></span> <span class='ocrx_word' id='word_1_251' title='bbox 2422 2196 2446 2237; x_wconf 55' lang='lat'><em>⁵,</em></span> 
     </span>
    </p>

    <p class='ocr_par' dir='ltr' id='par_1_6' title="bbox 209 2268 2456 2347">
     <span class='ocr_line' id='line_1_24' title="bbox 209 2268 2456 2347; baseline 0 -21"><span class='ocrx_word' id='word_1_252' title='bbox 209 2275 399 2336; x_wconf 84' lang='lat' dir='ltr'><em>futura</em></span> <span class='ocrx_word' id='word_1_253' title='bbox 435 2277 483 2325; x_wconf 91' lang='lat' dir='ltr'><em>si</em></span> <span class='ocrx_word' id='word_1_254' title='bbox 515 2280 854 2337; x_wconf 88' lang='lat' dir='ltr'><em>comparetur.</em></span> <span class='ocrx_word' id='word_1_255' title='bbox 931 2277 1200 2326; x_wconf 86' lang='lat' dir='ltr'><em>Poetarum</em></span> <span class='ocrx_word' id='word_1_256' title='bbox 1238 2279 1394 2338; x_wconf 71' lang='lat' dir='ltr'><em>iqitur</em></span> <span class='ocrx_word' id='word_1_257' title='bbox 1419 2279 1661 2339; x_wconf 69' lang='lat' dir='ltr'><em>insiqnem</em></span> <span class='ocrx_word' id='word_1_258' title='bbox 1685 2279 1947 2327; x_wconf 85' lang='lat' dir='ltr'><em>stultitiam</em></span> <span class='ocrx_word' id='word_1_259' title='bbox 1968 2284 2239 2341; x_wconf 86' lang='lat' dir='ltr'><em>persancte</em></span> <span class='ocrx_word' id='word_1_260' title='bbox 2261 2292 2375 2328; x_wconf 88' lang='lat' dir='ltr'><em>car·</em></span> <span class='ocrx_word' id='word_1_261' title='bbox 2431 2268 2456 2347; x_wconf 61' lang='lat' dir='ltr'><em>L}</em></span> 
     </span>
    </p>

    <p class='ocr_par' dir='ltr' id='par_1_7' title="bbox 217 2358 2451 2434">
     <span class='ocr_line' id='line_1_25' title="bbox 217 2358 2448 2425; baseline 0.002 -16"><span class='ocrx_word' id='word_1_262' title='bbox 217 2375 340 2423; x_wconf 89' lang='lat' dir='ltr'><em>pens</em></span> <span class='ocrx_word' id='word_1_263' title='bbox 375 2361 680 2423; x_wconf 87' lang='lat' dir='ltr'><em>Hieremias,</em></span> <span class='ocrx_word' id='word_1_264' title='bbox 721 2361 855 2409; x_wconf 91' lang='lat' dir='ltr'><em>Ecce</em></span> <span class='ocrx_word' id='word_1_265' title='bbox 893 2361 1104 2423; x_wconf 81' lang='lat' dir='ltr'><em>(inquit)</em></span> <span class='ocrx_word' id='word_1_266' title='bbox 1143 2375 1228 2410; x_wconf 88' lang='lat' dir='ltr'><em>vos</em></span> <span class='ocrx_word' id='word_1_267' title='bbox 1264 2364 1517 2422; x_wconf 79' lang='lat' dir='ltr'><em>confiditis</em></span> <span class='ocrx_word' id='word_1_268' title='bbox 1552 2365 1605 2412; x_wconf 87' lang='lat' dir='ltr'><em>in</em></span> <span class='ocrx_word' id='word_1_269' title='bbox 1640 2364 1950 2413; x_wconf 87' lang='lat' dir='ltr'><em>sermonibus</em></span> <span class='ocrx_word' id='word_1_270' title='bbox 1984 2365 2251 2424; x_wconf 88' lang='lat' dir='ltr'><em>mendacii,</em></span> <span class='ocrx_word' id='word_1_271' title='bbox 2291 2365 2380 2425; x_wconf 80' lang='lat' dir='ltr'><em>qui</em></span> <span class='ocrx_word' id='word_1_272' title='bbox 2436 2358 2448 2401; x_wconf 70' lang='grc' dir='ltr'><em>ἕ</em></span> 
     </span>
    </p>

    <p class='ocr_par' dir='ltr' id='par_1_8' title="bbox 218 2445 2444 2508">
     <span class='ocr_line' id='line_1_26' title="bbox 218 2445 2444 2508; baseline 0.002 -14"><span class='ocrx_word' id='word_1_273' title='bbox 218 2459 319 2494; x_wconf 92' lang='lat' dir='ltr'><em>non</em></span> <span class='ocrx_word' id='word_1_274' title='bbox 348 2445 638 2506; x_wconf 90' lang='lat' dir='ltr'><em>proderunt</em></span> <span class='ocrx_word' id='word_1_275' title='bbox 672 2446 814 2493; x_wconf 91' lang='lat' dir='ltr'><em>nobis</em></span> <span class='ocrx_word' id='word_1_276' title='bbox 850 2450 898 2494; x_wconf 90' lang='lat' dir='ltr'><em>et</em></span> <span class='ocrx_word' id='word_1_277' title='bbox 931 2447 1094 2495; x_wconf 89' lang='lat' dir='ltr'><em>secuti</em></span> <span class='ocrx_word' id='word_1_278' title='bbox 1127 2447 1246 2495; x_wconf 90' lang='lat' dir='ltr'><em>deos</em></span> <span class='ocrx_word' id='word_1_279' title='bbox 1282 2448 1470 2496; x_wconf 92' lang='lat' dir='ltr'><em>alienos</em></span> <span class='ocrx_word' id='word_1_280' title='bbox 1506 2449 1558 2497; x_wconf 87' lang='lat' dir='ltr'><em>in</em></span> <span class='ocrx_word' id='word_1_281' title='bbox 1596 2447 1848 2508; x_wconf 89' lang='lat' dir='ltr'><em>Balaam,</em></span> <span class='ocrx_word' id='word_1_282' title='bbox 1898 2448 1993 2497; x_wconf 82' lang='lat' dir='ltr'><em>boc</em></span> <span class='ocrx_word' id='word_1_283' title='bbox 2029 2454 2101 2498; x_wconf 89' lang='lat' dir='ltr'><em>est</em></span> <span class='ocrx_word' id='word_1_284' title='bbox 2137 2451 2188 2498; x_wconf 92' lang='lat' dir='ltr'><em>in</em></span> <span class='ocrx_word' id='word_1_285' title='bbox 2226 2462 2370 2498; x_wconf 91' lang='lat' dir='ltr'><em>vora·</em></span> <span class='ocrx_word' id='word_1_286' title='bbox 2387 2455 2444 2498; x_wconf 62' lang='grc' dir='ltr'><em>ω’,</em></span> 
     </span>
    </p>

    <p class='ocr_par' dir='ltr' id='par_1_9' title="bbox 216 2530 2443 2598">
     <span class='ocr_line' id='line_1_27' title="bbox 216 2530 2443 2598; baseline 0.001 -19"><span class='ocrx_word' id='word_1_287' title='bbox 216 2532 384 2590; x_wconf 68' lang='lat' dir='ltr'><em>qinem</em></span> <span class='ocrx_word' id='word_1_288' title='bbox 421 2534 469 2577; x_wconf 92' lang='lat' dir='ltr'><em>et</em></span> <span class='ocrx_word' id='word_1_289' title='bbox 497 2530 822 2591; x_wconf 82' lang='lat' dir='ltr'><em>precipitium</em></span> <span class='ocrx_word' id='word_1_290' title='bbox 861 2531 1155 2579; x_wconf 90' lang='lat' dir='ltr'><em>declinatis&#39;.</em></span> <span class='ocrx_word' id='word_1_291' title='bbox 1229 2530 1313 2580; x_wconf 85' lang='lat' dir='ltr'><em>Ad</em></span> <span class='ocrx_word' id='word_1_292' title='bbox 1355 2545 1568 2592; x_wconf 68' lang='lat' dir='ltr'><em>unquem</em></span> <span class='ocrx_word' id='word_1_293' title='bbox 1606 2532 1857 2592; x_wconf 88' lang='lat' dir='ltr'><em>Hieremie</em></span> <span class='ocrx_word' id='word_1_294' title='bbox 1901 2547 2062 2582; x_wconf 92' lang='lat' dir='ltr'><em>sermo</em></span> <span class='ocrx_word' id='word_1_295' title='bbox 2091 2538 2274 2595; x_wconf 91' lang='lat' dir='ltr'><em>poetas</em></span> <span class='ocrx_word' id='word_1_296' title='bbox 2309 2534 2376 2581; x_wconf 86' lang='lat' dir='ltr'><em>ir·</em></span> <span class='ocrx_word' id='word_1_297' title='bbox 2423 2563 2443 2598; x_wconf 64' lang='lat'>3</span> 
     </span>
    </p>

    <p class='ocr_par' dir='ltr' id='par_1_10' title="bbox 219 2615 2451 3101">
     <span class='ocr_line' id='line_1_28' title="bbox 219 2615 2447 2680; baseline 0.001 -17"><span class='ocrx_word' id='word_1_298' title='bbox 219 2615 378 2673; x_wconf 90' lang='lat' dir='ltr'><em>ridet,</em></span> <span class='ocrx_word' id='word_1_299' title='bbox 420 2618 630 2674; x_wconf 82' lang='lat' dir='ltr'><em>quorum</em></span> <span class='ocrx_word' id='word_1_300' title='bbox 656 2615 857 2663; x_wconf 89' lang='lat' dir='ltr'><em>totidem</em></span> <span class='ocrx_word' id='word_1_301' title='bbox 884 2616 959 2663; x_wconf 89' lang='lat' dir='ltr'><em>dii</em></span> <span class='ocrx_word' id='word_1_302' title='bbox 979 2620 1096 2664; x_wconf 90' lang='lat' dir='ltr'><em>sunt</em></span> <span class='ocrx_word' id='word_1_303' title='bbox 1132 2622 1251 2677; x_wconf 80' lang='lat' dir='ltr'><em>quot</em></span> <span class='ocrx_word' id='word_1_304' title='bbox 1285 2630 1431 2677; x_wconf 73' lang='lat' dir='ltr'><em>nuqe.</em></span> <span class='ocrx_word' id='word_1_305' title='bbox 1506 2617 1590 2665; x_wconf 90' lang='lat' dir='ltr'><em>Ita</em></span> <span class='ocrx_word' id='word_1_306' title='bbox 1615 2619 1899 2679; x_wconf 88' lang='lat' dir='ltr'><em>perniciosi</em></span> <span class='ocrx_word' id='word_1_307' title='bbox 1929 2619 2027 2667; x_wconf 91' lang='lat' dir='ltr'><em>sibi</em></span> <span class='ocrx_word' id='word_1_308' title='bbox 2048 2624 2222 2680; x_wconf 86' lang='lat' dir='ltr'><em>poete,</em></span> <span class='ocrx_word' id='word_1_309' title='bbox 2255 2631 2377 2679; x_wconf 88' lang='lat' dir='ltr'><em>per·</em></span> <span class='ocrx_word' id='word_1_310' title='bbox 2423 2624 2447 2663; x_wconf 79' lang='lat'><em>-;</em></span> 
     </span>
     <span class='ocr_line' id='line_1_29' title="bbox 221 2699 2379 2764; baseline 0.001 -16"><span class='ocrx_word' id='word_1_311' title='bbox 221 2700 404 2748; x_wconf 88' lang='lat' dir='ltr'><em>niciosi</em></span> <span class='ocrx_word' id='word_1_312' title='bbox 423 2703 470 2747; x_wconf 93' lang='lat' dir='ltr'><em>et</em></span> <span class='ocrx_word' id='word_1_313' title='bbox 493 2700 673 2747; x_wconf 89' lang='lat' dir='ltr'><em>ceteris</em></span> <span class='ocrx_word' id='word_1_314' title='bbox 707 2701 755 2747; x_wconf 88' lang='lat' dir='ltr'><em>si</em></span> <span class='ocrx_word' id='word_1_315' title='bbox 775 2700 1075 2749; x_wconf 90' lang='lat' dir='ltr'><em>lectitentur.</em></span> <span class='ocrx_word' id='word_1_316' title='bbox 1154 2699 1278 2749; x_wconf 88' lang='lat' dir='ltr'><em>Tam</em></span> <span class='ocrx_word' id='word_1_317' title='bbox 1306 2706 1476 2763; x_wconf 89' lang='lat' dir='ltr'><em>potest</em></span> <span class='ocrx_word' id='word_1_318' title='bbox 1510 2704 1771 2764; x_wconf 81' lang='lat' dir='ltr'><em>quisquam</em></span> <span class='ocrx_word' id='word_1_319' title='bbox 1809 2704 1940 2751; x_wconf 88' lang='lat' dir='ltr'><em>inter</em></span> <span class='ocrx_word' id='word_1_320' title='bbox 1964 2704 2162 2752; x_wconf 90' lang='lat' dir='ltr'><em>illorum</em></span> <span class='ocrx_word' id='word_1_321' title='bbox 2186 2704 2379 2763; x_wconf 89' lang='lat' dir='ltr'><em>scripta</em></span> 
     </span>
     <span class='ocr_line' id='line_1_30' title="bbox 221 2785 2442 2849; baseline 0.002 -18"><span class='ocrx_word' id='word_1_322' title='bbox 221 2797 321 2832; x_wconf 94' lang='lat' dir='ltr'><em>non</em></span> <span class='ocrx_word' id='word_1_323' title='bbox 346 2785 607 2843; x_wconf 89' lang='lat' dir='ltr'><em>enervari,</em></span> <span class='ocrx_word' id='word_1_324' title='bbox 650 2796 800 2844; x_wconf 80' lang='lat' dir='ltr'><em>quam</em></span> <span class='ocrx_word' id='word_1_325' title='bbox 826 2785 878 2832; x_wconf 92' lang='lat' dir='ltr'><em>in</em></span> <span class='ocrx_word' id='word_1_326' title='bbox 916 2786 1032 2844; x_wconf 71' lang='lat' dir='ltr'><em>iqne</em></span> <span class='ocrx_word' id='word_1_327' title='bbox 1067 2798 1164 2833; x_wconf 92' lang='lat' dir='ltr'><em>non</em></span> <span class='ocrx_word' id='word_1_328' title='bbox 1202 2786 1310 2844; x_wconf 83' lang='lat' dir='ltr'><em>uri,</em></span> <span class='ocrx_word' id='word_1_329' title='bbox 1353 2788 1405 2835; x_wconf 90' lang='lat' dir='ltr'><em>in</em></span> <span class='ocrx_word' id='word_1_330' title='bbox 1443 2799 1579 2847; x_wconf 82' lang='lat' dir='ltr'><em>aqua</em></span> <span class='ocrx_word' id='word_1_331' title='bbox 1615 2800 1715 2835; x_wconf 92' lang='lat' dir='ltr'><em>non</em></span> <span class='ocrx_word' id='word_1_332' title='bbox 1743 2786 2024 2849; x_wconf 86' lang='lat' dir='ltr'><em>perfundi,</em></span> <span class='ocrx_word' id='word_1_333' title='bbox 2066 2789 2118 2835; x_wconf 93' lang='lat' dir='ltr'><em>in</em></span> <span class='ocrx_word' id='word_1_334' title='bbox 2141 2789 2255 2848; x_wconf 86' lang='lat' dir='ltr'><em>pice</em></span> <span class='ocrx_word' id='word_1_335' title='bbox 2277 2800 2377 2835; x_wconf 91' lang='lat' dir='ltr'><em>non</em></span> <span class='ocrx_word' id='word_1_336' title='bbox 2437 2821 2442 2826; x_wconf 78' lang='lat'>·</span> 
     </span>
     <span class='ocr_line' id='line_1_31' title="bbox 221 2869 2446 2933; baseline 0.001 -16"><span class='ocrx_word' id='word_1_337' title='bbox 221 2869 498 2917; x_wconf 91' lang='lat' dir='ltr'><em>sordidari.</em></span> <span class='ocrx_word' id='word_1_338' title='bbox 574 2869 770 2917; x_wconf 88' lang='lat' dir='ltr'><em>Etenim</em></span> <span class='ocrx_word' id='word_1_339' title='bbox 818 2870 906 2930; x_wconf 82' lang='lat' dir='ltr'><em>qui</em></span> <span class='ocrx_word' id='word_1_340' title='bbox 947 2871 1114 2930; x_wconf 68' lang='lat' dir='ltr'><em>tanyit</em></span> <span class='ocrx_word' id='word_1_341' title='bbox 1149 2872 1346 2933; x_wconf 91' lang='lat' dir='ltr'><em>picem,</em></span> <span class='ocrx_word' id='word_1_342' title='bbox 1396 2871 1749 2931; x_wconf 83' lang='lat' dir='ltr'><em>inquinabitur</em></span> <span class='ocrx_word' id='word_1_343' title='bbox 1795 2872 1858 2920; x_wconf 93' lang='lat' dir='ltr'><em>ab</em></span> <span class='ocrx_word' id='word_1_344' title='bbox 1905 2885 1995 2933; x_wconf 90' lang='lat' dir='ltr'><em>ea,</em></span> <span class='ocrx_word' id='word_1_345' title='bbox 2045 2876 2093 2919; x_wconf 93' lang='lat' dir='ltr'><em>et</em></span> <span class='ocrx_word' id='word_1_346' title='bbox 2131 2870 2371 2933; x_wconf 80' lang='lat' dir='ltr'><em>perdiffi-</em></span> <span class='ocrx_word' id='word_1_347' title='bbox 2389 2874 2446 2917; x_wconf 63' lang='lat'><em>³⁸⁴</em></span> 
     </span>
     <span class='ocr_line' id='line_1_32' title="bbox 222 2954 2379 3017; baseline -0 -16"><span class='ocrx_word' id='word_1_348' title='bbox 222 2955 316 3002; x_wconf 90' lang='lat' dir='ltr'><em>cile</em></span> <span class='ocrx_word' id='word_1_349' title='bbox 339 2958 411 3001; x_wconf 89' lang='lat' dir='ltr'><em>est</em></span> <span class='ocrx_word' id='word_1_350' title='bbox 445 2954 577 3001; x_wconf 92' lang='lat' dir='ltr'><em>inter</em></span> <span class='ocrx_word' id='word_1_351' title='bbox 613 2954 871 3014; x_wconf 89' lang='lat' dir='ltr'><em>impudica</em></span> <span class='ocrx_word' id='word_1_352' title='bbox 907 2955 1060 3002; x_wconf 92' lang='lat' dir='ltr'><em>verba</em></span> <span class='ocrx_word' id='word_1_353' title='bbox 1092 2956 1212 3013; x_wconf 77' lang='lat' dir='ltr'><em>fieri</em></span> <span class='ocrx_word' id='word_1_354' title='bbox 1245 2968 1344 3003; x_wconf 93' lang='lat' dir='ltr'><em>non</em></span> <span class='ocrx_word' id='word_1_355' title='bbox 1382 2955 1702 3017; x_wconf 87' lang='lat' dir='ltr'><em>impudicum.</em></span> <span class='ocrx_word' id='word_1_356' title='bbox 1779 2956 2047 3005; x_wconf 78' lang='lat' dir='ltr'><em>Extollunt</em></span> <span class='ocrx_word' id='word_1_357' title='bbox 2087 2969 2252 3004; x_wconf 89' lang='lat' dir='ltr'><em>omnes</em></span> <span class='ocrx_word' id='word_1_358' title='bbox 2275 2969 2379 3004; x_wconf 89' lang='lat' dir='ltr'><em>una</em></span> 
     </span>
     <span class='ocr_line' id='line_1_33' title="bbox 222 3039 2441 3101; baseline 0.001 -16"><span class='ocrx_word' id='word_1_359' title='bbox 222 3051 340 3086; x_wconf 92' lang='lat' dir='ltr'><em>voce</em></span> <span class='ocrx_word' id='word_1_360' title='bbox 366 3043 514 3099; x_wconf 86' lang='lat' dir='ltr'><em>poete</em></span> <span class='ocrx_word' id='word_1_361' title='bbox 550 3039 878 3099; x_wconf 81' lang='lat' dir='ltr'><em>voluptatem,</em></span> <span class='ocrx_word' id='word_1_362' title='bbox 921 3052 983 3086; x_wconf 91' lang='lat' dir='ltr'><em>ea</em></span> <span class='ocrx_word' id='word_1_363' title='bbox 1019 3052 1072 3087; x_wconf 93' lang='lat' dir='ltr'><em>se</em></span> <span class='ocrx_word' id='word_1_364' title='bbox 1109 3040 1386 3100; x_wconf 80' lang='lat' dir='ltr'><em>illaqueari</em></span> <span class='ocrx_word' id='word_1_365' title='bbox 1418 3041 1655 3100; x_wconf 90' lang='lat' dir='ltr'><em>cupiunt,</em></span> <span class='ocrx_word' id='word_1_366' title='bbox 1699 3053 1807 3088; x_wconf 93' lang='lat' dir='ltr'><em>eam</em></span> <span class='ocrx_word' id='word_1_367' title='bbox 1846 3053 1974 3089; x_wconf 90' lang='lat' dir='ltr'><em>auro</em></span> <span class='ocrx_word' id='word_1_368' title='bbox 2011 3045 2059 3089; x_wconf 91' lang='lat' dir='ltr'><em>et</em></span> <span class='ocrx_word' id='word_1_369' title='bbox 2095 3054 2254 3101; x_wconf 73' lang='lat' dir='ltr'><em>reqno</em></span> <span class='ocrx_word' id='word_1_370' title='bbox 2281 3053 2376 3101; x_wconf 90' lang='lat' dir='ltr'><em>po·</em></span> <span class='ocrx_word' id='word_1_371' title='bbox 2438 3100 2441 3101; x_wconf 16' lang='lat'><em>⁷</em></span> 
     </span>
    </p>

    <p class='ocr_par' dir='ltr' id='par_1_11' title="bbox 224 3107 2456 3194">
     <span class='ocr_line' id='line_1_34' title="bbox 224 3107 2456 3194; baseline 0 -25"><span class='ocrx_word' id='word_1_372' title='bbox 224 3124 396 3170; x_wconf 91' lang='lat' dir='ltr'><em>tiorem</em></span> <span class='ocrx_word' id='word_1_373' title='bbox 435 3122 777 3181; x_wconf 88' lang='lat' dir='ltr'><em>arbitrantur,</em></span> <span class='ocrx_word' id='word_1_374' title='bbox 818 3123 953 3171; x_wconf 75' lang='lat' dir='ltr'><em>lianc</em></span> <span class='ocrx_word' id='word_1_375' title='bbox 969 3124 1274 3187; x_wconf 89' lang='lat' dir='ltr'><em>predicant,</em></span> <span class='ocrx_word' id='word_1_376' title='bbox 1313 3124 1447 3172; x_wconf 80' lang='lat' dir='ltr'><em>banc</em></span> <span class='ocrx_word' id='word_1_377' title='bbox 1471 3125 1884 3186; x_wconf 88' lang='lat' dir='ltr'><em>complectuntur,</em></span> <span class='ocrx_word' id='word_1_378' title='bbox 1925 3138 2135 3186; x_wconf 80' lang='lat' dir='ltr'><em>quorum</em></span> <span class='ocrx_word' id='word_1_379' title='bbox 2161 3139 2288 3173; x_wconf 89' lang='lat' dir='ltr'><em>unus</em></span> <span class='ocrx_word' id='word_1_380' title='bbox 2312 3107 2390 3173; x_wconf 41' lang='lat' dir='ltr'><em>ex*</em></span> <span class='ocrx_word' id='word_1_381' title='bbox 2412 3119 2456 3194; x_wconf 38' lang='grc' dir='ltr'><em>ζ’,</em></span> 
     </span>
    </p>

    <p class='ocr_par' dir='ltr' id='par_1_12' title="bbox 217 3205 2451 3270">
     <span class='ocr_line' id='line_1_35' title="bbox 217 3205 2451 3270; baseline 0.002 -18"><span class='ocrx_word' id='word_1_382' title='bbox 217 3207 505 3265; x_wconf 75' lang='lat' dir='ltr'><em>precipuiS,</em></span> <span class='ocrx_word' id='word_1_383' title='bbox 547 3206 662 3254; x_wconf 90' lang='lat' dir='ltr'><em>dum</em></span> <span class='ocrx_word' id='word_1_384' title='bbox 688 3207 805 3254; x_wconf 76' lang='lat' dir='ltr'><em>huic</em></span> <span class='ocrx_word' id='word_1_385' title='bbox 829 3212 1006 3266; x_wconf 89' lang='lat' dir='ltr'><em>vacat,</em></span> <span class='ocrx_word' id='word_1_386' title='bbox 1044 3221 1244 3268; x_wconf 68' lang='lat' dir='ltr'><em>reyum,</em></span> <span class='ocrx_word' id='word_1_387' title='bbox 1284 3209 1472 3269; x_wconf 82' lang='lat' dir='ltr'><em>inquit,</em></span> <span class='ocrx_word' id='word_1_388' title='bbox 1513 3222 1696 3269; x_wconf 72' lang='lat' dir='ltr'><em>maqne</em></span> <span class='ocrx_word' id='word_1_389' title='bbox 1723 3205 2072 3270; x_wconf 87' lang='lat' dir='ltr'><em>despiciuntur</em></span> <span class='ocrx_word' id='word_1_390' title='bbox 2097 3222 2228 3270; x_wconf 92' lang='lat' dir='ltr'><em>opes.</em></span> <span class='ocrx_word' id='word_1_391' title='bbox 2292 3209 2376 3256; x_wconf 87' lang='lat' dir='ltr'><em>Al·</em></span> <span class='ocrx_word' id='word_1_392' title='bbox 2427 3210 2451 3269; x_wconf 57' lang='grc' dir='ltr'><em>ξ’</em></span> 
     </span>
    </p>

    <p class='ocr_par' dir='ltr' id='par_1_13' title="bbox 226 3283 2449 3355">
     <span class='ocr_line' id='line_1_36' title="bbox 226 3283 2449 3355; baseline 0.003 -18"><span class='ocrx_word' id='word_1_393' title='bbox 226 3294 303 3337; x_wconf 94' lang='lat' dir='ltr'><em>ter</em></span> <span class='ocrx_word' id='word_1_394' title='bbox 338 3290 577 3348; x_wconf 69' lang='lat' dir='ltr'><em>maeister</em></span> <span class='ocrx_word' id='word_1_395' title='bbox 612 3291 719 3351; x_wconf 86' lang='lat' dir='ltr'><em>ille,</em></span> <span class='ocrx_word' id='word_1_396' title='bbox 762 3304 904 3351; x_wconf 82' lang='lat' dir='ltr'><em>quem</em></span> <span class='ocrx_word' id='word_1_397' title='bbox 942 3293 1058 3340; x_wconf 88' lang='lat' dir='ltr'><em>dixi</em></span> <span class='ocrx_word' id='word_1_398' title='bbox 1089 3293 1254 3340; x_wconf 87' lang='lat' dir='ltr'><em>media</em></span> <span class='ocrx_word' id='word_1_399' title='bbox 1290 3293 1343 3340; x_wconf 91' lang='lat' dir='ltr'><em>in</em></span> <span class='ocrx_word' id='word_1_400' title='bbox 1392 3293 1585 3341; x_wconf 90' lang='lat' dir='ltr'><em>Venere</em></span> <span class='ocrx_word' id='word_1_401' title='bbox 1620 3295 1855 3353; x_wconf 74' lang='lat' dir='ltr'><em>extinqui</em></span> <span class='ocrx_word' id='word_1_402' title='bbox 1888 3307 1941 3342; x_wconf 91' lang='lat' dir='ltr'><em>se</em></span> <span class='ocrx_word' id='word_1_403' title='bbox 1966 3295 2039 3342; x_wconf 90' lang='lat' dir='ltr'><em>ait</em></span> <span class='ocrx_word' id='word_1_404' title='bbox 2073 3307 2282 3355; x_wconf 89' lang='lat' dir='ltr'><em>cupere,</em></span> <span class='ocrx_word' id='word_1_405' title='bbox 2323 3296 2378 3342; x_wconf 86' lang='lat' dir='ltr'><em>ut</em></span> <span class='ocrx_word' id='word_1_406' title='bbox 2391 3283 2449 3350; x_wconf 58' lang='grc' dir='ltr'><em>δὲ</em></span> 
     </span>
    </p>

    <p class='ocr_par' dir='ltr' id='par_1_14' title="bbox 226 3362 2435 3443">
     <span class='ocr_line' id='line_1_37' title="bbox 226 3362 2435 3443; baseline 0.003 -22"><span class='ocrx_word' id='word_1_407' title='bbox 226 3374 322 3421; x_wconf 89' lang='lat' dir='ltr'><em>rite</em></span> <span class='ocrx_word' id='word_1_408' title='bbox 345 3374 464 3420; x_wconf 88' lang='lat' dir='ltr'><em>meis</em></span> <span class='ocrx_word' id='word_1_409' title='bbox 498 3378 757 3434; x_wconf 90' lang='lat' dir='ltr'><em>consonet,</em></span> <span class='ocrx_word' id='word_1_410' title='bbox 799 3380 854 3423; x_wconf 89' lang='lat' dir='ltr'><em>ut</em></span> <span class='ocrx_word' id='word_1_411' title='bbox 889 3378 978 3436; x_wconf 79' lang='lat' dir='ltr'><em>qui</em></span> <span class='ocrx_word' id='word_1_412' title='bbox 1009 3373 1137 3425; x_wconf 86' lang='lat' dir='ltr'><em>vixit</em></span> <span class='ocrx_word' id='word_1_413' title='bbox 1151 3378 1371 3438; x_wconf 90' lang='lat' dir='ltr'><em>perdite,</em></span> <span class='ocrx_word' id='word_1_414' title='bbox 1412 3379 1661 3426; x_wconf 89' lang='lat' dir='ltr'><em>moriatur</em></span> <span class='ocrx_word' id='word_1_415' title='bbox 1687 3378 2049 3439; x_wconf 89' lang='lat' dir='ltr'><em>perditissime,</em></span> <span class='ocrx_word' id='word_1_416' title='bbox 2091 3382 2148 3426; x_wconf 91' lang='lat' dir='ltr'><em>ut</em></span> <span class='ocrx_word' id='word_1_417' title='bbox 2172 3379 2377 3439; x_wconf 82' lang='lat' dir='ltr'><em>quisque</em></span> <span class='ocrx_word' id='word_1_418' title='bbox 2429 3362 2435 3443; x_wconf 50' lang='lat' dir='ltr'><em>J</em></span> 
     </span>
    </p>

    <p class='ocr_par' dir='ltr' id='par_1_15' title="bbox 226 3457 2438 3522">
     <span class='ocr_line' id='line_1_38' title="bbox 226 3457 2438 3522; baseline 0.002 -16"><span class='ocrx_word' id='word_1_419' title='bbox 226 3458 322 3506; x_wconf 86' lang='lat' dir='ltr'><em>tali</em></span> <span class='ocrx_word' id='word_1_420' title='bbox 353 3457 552 3505; x_wconf 90' lang='lat' dir='ltr'><em>veniens</em></span> <span class='ocrx_word' id='word_1_421' title='bbox 588 3458 639 3505; x_wconf 92' lang='lat' dir='ltr'><em>in</em></span> <span class='ocrx_word' id='word_1_422' title='bbox 670 3457 859 3516; x_wconf 85' lang='lat' dir='ltr'><em>funere</em></span> <span class='ocrx_word' id='word_1_423' title='bbox 896 3462 1065 3522; x_wconf 91' lang='lat' dir='ltr'><em>dicat,</em></span> <span class='ocrx_word' id='word_1_424' title='bbox 2436 3460 2438 3462; x_wconf 74' lang='grc'><strong>’</strong></span> 
     </span>
    </p>

    <p class='ocr_par' dir='ltr' id='par_1_16' title="bbox 769 3544 2302 3605">
     <span class='ocr_line' id='line_1_39' title="bbox 769 3544 2302 3605; baseline 0.003 -14"><span class='ocrx_word' id='word_1_425' title='bbox 769 3544 1073 3593; x_wconf 86' lang='lat' dir='ltr'><em>Conveniens</em></span> <span class='ocrx_word' id='word_1_426' title='bbox 1109 3547 1204 3604; x_wconf 91' lang='lat' dir='ltr'><em>vite</em></span> <span class='ocrx_word' id='word_1_427' title='bbox 1240 3559 1373 3595; x_wconf 89' lang='lat' dir='ltr'><em>mors</em></span> <span class='ocrx_word' id='word_1_428' title='bbox 1402 3545 1511 3605; x_wconf 85' lang='lat' dir='ltr'><em>fuit</em></span> <span class='ocrx_word' id='word_1_429' title='bbox 1546 3547 1644 3595; x_wconf 87' lang='lat' dir='ltr'><em>ista</em></span> <span class='ocrx_word' id='word_1_430' title='bbox 1680 3560 1780 3604; x_wconf 89' lang='lat' dir='ltr'><em>sue.</em></span> <span class='ocrx_word' id='word_1_431' title='bbox 2299 3591 2302 3595; x_wconf 93' lang='lat'>.</span> 
     </span>
    </p>

    <p class='ocr_par' dir='ltr' id='par_1_17' title="bbox 241 3626 2439 3695">
     <span class='ocr_line' id='line_1_40' title="bbox 241 3626 2439 3695; baseline 0.002 -20"><span class='ocrx_word' id='word_1_432' title='bbox 241 3626 492 3686; x_wconf 69' lang='lat' dir='ltr'><em>Vereilius</em></span> <span class='ocrx_word' id='word_1_433' title='bbox 537 3638 636 3673; x_wconf 91' lang='lat' dir='ltr'><em>non</em></span> <span class='ocrx_word' id='word_1_434' title='bbox 682 3627 827 3675; x_wconf 90' lang='lat' dir='ltr'><em>modo</em></span> <span class='ocrx_word' id='word_1_435' title='bbox 875 3630 1113 3688; x_wconf 68' lang='lat' dir='ltr'><em>leyendus</em></span> <span class='ocrx_word' id='word_1_436' title='bbox 1161 3632 1356 3691; x_wconf 89' lang='lat' dir='ltr'><em>pueris,</em></span> <span class='ocrx_word' id='word_1_437' title='bbox 1419 3631 1509 3679; x_wconf 91' lang='lat' dir='ltr'><em>sed</em></span> <span class='ocrx_word' id='word_1_438' title='bbox 1563 3631 1870 3680; x_wconf 89' lang='lat' dir='ltr'><em>imbibendus</em></span> <span class='ocrx_word' id='word_1_439' title='bbox 1909 3631 2239 3692; x_wconf 71' lang='lat' dir='ltr'><em>fiqendusque</em></span> <span class='ocrx_word' id='word_1_440' title='bbox 2282 3645 2377 3680; x_wconf 92' lang='lat' dir='ltr'><em>me·</em></span> <span class='ocrx_word' id='word_1_441' title='bbox 2420 3638 2439 3695; x_wconf 95' lang='lat'>3</span> 
     </span>
    </p>

    <p class='ocr_par' dir='ltr' id='par_1_18' title="bbox 230 3703 2435 3776">
     <span class='ocr_line' id='line_1_41' title="bbox 230 3703 2435 3776; baseline 0 -17"><span class='ocrx_word' id='word_1_442' title='bbox 230 3703 410 3771; x_wconf 84' lang='lat' dir='ltr'><em>morie,</em></span> <span class='ocrx_word' id='word_1_443' title='bbox 450 3709 540 3758; x_wconf 90' lang='lat' dir='ltr'><em>sed</em></span> <span class='ocrx_word' id='word_1_444' title='bbox 574 3714 803 3759; x_wconf 89' lang='lat' dir='ltr'><em>censetur</em></span> <span class='ocrx_word' id='word_1_445' title='bbox 840 3712 1109 3761; x_wconf 84' lang='lat' dir='ltr'><em>dumtaxat</em></span> <span class='ocrx_word' id='word_1_446' title='bbox 1136 3716 1339 3774; x_wconf 91' lang='lat' dir='ltr'><em>pueris,</em></span> <span class='ocrx_word' id='word_1_447' title='bbox 1382 3717 1470 3775; x_wconf 81' lang='lat' dir='ltr'><em>qui</em></span> <span class='ocrx_word' id='word_1_448' title='bbox 1503 3720 1735 3764; x_wconf 90' lang='lat' dir='ltr'><em>ornatum</em></span> <span class='ocrx_word' id='word_1_449' title='bbox 1762 3716 1960 3776; x_wconf 87' lang='lat' dir='ltr'><em>possint</em></span> <span class='ocrx_word' id='word_1_450' title='bbox 1993 3728 2179 3776; x_wconf 90' lang='lat' dir='ltr'><em>capere</em></span> <span class='ocrx_word' id='word_1_451' title='bbox 2204 3720 2252 3764; x_wconf 92' lang='lat' dir='ltr'><em>et</em></span> <span class='ocrx_word' id='word_1_452' title='bbox 2275 3717 2368 3765; x_wconf 87' lang='lat' dir='ltr'><em>ele·</em></span> <span class='ocrx_word' id='word_1_453' title='bbox 2384 3707 2435 3760; x_wconf 55' lang='lat' dir='ltr'><em>⁴6³ss</em></span> 
     </span>
    </p>
   </div>
   <div class='ocr_carea' id='block_1_3' title="bbox 247 3821 569 3829">
    <p class='ocr_par' dir='ltr' id='par_1_19' title="bbox 247 3821 569 3829">
     <span class='ocr_line' id='line_1_42' title="bbox 247 3821 569 3829; baseline 0 435"><span class='ocrx_word' id='word_1_454' title='bbox 247 3821 569 3829; x_wconf 95' lang='lat' dir='ltr'><em> </em></span> 
     </span>
    </p>
   </div>
   <div class='ocr_carea' id='block_1_4' title="bbox 342 3889 2436 3947">
    <p class='ocr_par' dir='ltr' id='par_1_20' title="bbox 342 3889 2436 3947">
     <span class='ocr_line' id='line_1_43' title="bbox 342 3889 2436 3947; baseline 0.002 -14"><span class='ocrx_word' id='word_1_455' title='bbox 342 3890 377 3917; x_wconf 70' lang='lat'><em>²⁴</em></span> <span class='ocrx_word' id='word_1_456' title='bbox 400 3893 491 3936; x_wconf 86' lang='lat' dir='ltr'><em>Ier.</em></span> <span class='ocrx_word' id='word_1_457' title='bbox 513 3892 613 3933; x_wconf 78' lang='lat' dir='ltr'><em>VH.</em></span> <span class='ocrx_word' id='word_1_458' title='bbox 636 3890 674 3931; x_wconf 89' lang='lat'><em>8.</em></span> <span class='ocrx_word' id='word_1_459' title='bbox 734 3890 769 3916; x_wconf 75' lang='lat'><em>²⁹</em></span> <span class='ocrx_word' id='word_1_460' title='bbox 790 3891 837 3930; x_wconf 87' lang='lat' dir='ltr'><em>in</em></span> <span class='ocrx_word' id='word_1_461' title='bbox 859 3889 918 3945; x_wconf 88' lang='lat' dir='ltr'><em>p.]</em></span> <span class='ocrx_word' id='word_1_462' title='bbox 943 3890 1068 3932; x_wconf 81' lang='lat' dir='ltr'><em>infici</em></span> <span class='ocrx_word' id='word_1_463' title='bbox 1086 3895 1127 3931; x_wconf 90' lang='lat'><em>2.</em></span> <span class='ocrx_word' id='word_1_464' title='bbox 1186 3891 1222 3918; x_wconf 82' lang='lat'><em>³³</em></span> <span class='ocrx_word' id='word_1_465' title='bbox 1242 3892 1375 3947; x_wconf 90' lang='lat' dir='ltr'><em>unus]</em></span> <span class='ocrx_word' id='word_1_466' title='bbox 1404 3894 1550 3934; x_wconf 84' lang='lat' dir='ltr'><em>Tibull.</em></span> <span class='ocrx_word' id='word_1_467' title='bbox 1572 3894 1610 3934; x_wconf 94' lang='lat'><em>1.</em></span> <span class='ocrx_word' id='word_1_468' title='bbox 1632 3894 1670 3945; x_wconf 87' lang='lat'><em>8,</em></span> <span class='ocrx_word' id='word_1_469' title='bbox 1685 3901 1739 3935; x_wconf 79' lang='grc'><em>34.</em></span> <span class='ocrx_word' id='word_1_470' title='bbox 1797 3893 1834 3922; x_wconf 77' lang='lat'><em>³8</em></span> <span class='ocrx_word' id='word_1_471' title='bbox 1856 3894 1972 3936; x_wconf 75' lang='lat' dir='ltr'><em>Ouia.</em></span> <span class='ocrx_word' id='word_1_472' title='bbox 1994 3895 2213 3938; x_wconf 87' lang='lat' dir='ltr'><em>Amor.II.</em></span> <span class='ocrx_word' id='word_1_473' title='bbox 2228 3894 2376 3938; x_wconf 85' lang='lat' dir='ltr'><strong>10.i.f.</strong></span> <span class='ocrx_word' id='word_1_474' title='bbox 2431 3897 2436 3899; x_wconf 60' lang='grc'><strong>’</strong></span> 
     </span>
    </p>
   </div>
  </div>
 </body>
</html>
