2456 4264
764 299 1100 330 HOGRSTRATVS
1124 300 1270 330 QVANS
1291 301 1543 333 DIALOGVS.
2105 282 2227 340 485

66 437 131 483 ita
166 435 251 483 hac
285 440 559 497 tempestate
597 449 715 496 quos
752 433 919 482 obtuso
958 433 1148 482 fulmine
1184 449 1266 482 vos
1303 434 1428 482 Ioves
1482 435 1719 486 furfuracii
1767 438 1950 500 petitis,
1997 454 2089 487 non
2138 447 2228 489 tam

67 506 288 555 conficitis
325 520 461 568 quam
497 505 722 553 lacessitis
760 506 815 552 ad
851 521 1065 568 pugnam.

205 590 607 626 nocns'rRA'rvs.
683 577 877 625 Odiosus
915 592 965 624 es
1000 579 1213 624 nimium:
1253 591 1344 639 quo
1383 586 1546 627 autore
1583 581 1720 628 audes
1745 583 1859 629 meis
1885 582 2079 630 decretis
2104 584 2342 634 rein-§.713v

68 649 214 697 ctari?
250 649 404 696 nescis
442 649 566 710 quod
603 650 740 695 etiam
778 649 825 695 in
863 649 1060 711 puhlicis
1096 648 1294 701 scholis,
1331 649 1410 696 ubi
1451 664 1502 696 ex
1539 653 1750 714 professo
1788 661 2042 715 pugnatur,
2082 669 2230 716 neque

6 731 30 765 5
67 721 272 783 Magistri
295 720 451 767 Nostri
477 727 636 767 contra
675 720 874 782 aequales
910 719 1106 767 habeant
1142 721 1428 782 repugnandi
1468 722 1758 770 facultatem?
1798 725 1985 772 lnvertis
2024 726 2228 775 ordinem

62 792 416 840 hierarchicum:
454 806 540 839 nos
580 805 736 838 sumus
775 792 850 838 lux
886 791 1065 844 mundi,
1103 806 1185 838 vos
1222 791 1444 840 tenebrae.

201 877 493 912 Lvronnvs.
565 863 731 910 Lucem
768 862 959 909 funditis
997 862 1064 910 sic
1099 869 1152 909 ut
1187 862 1345 924 frigidi
1384 864 1619 911 carboneS.

202 947 602 983 nocns'rRATVS.
677 933 873 996 Opertus
911 935 1054 996 igitur
1090 935 1291 996 peccatis
1317 948 1365 981 es
1393 941 1535 987 totus,
1574 938 1651 998 qui
1676 950 1749 984 me
1775 937 1925 991 doces,
1964 939 2225 1001 Magistrum

59 1007 297 1060 Nostrum,
335 1007 448 1054 adde
484 1012 530 1053 et
554 1007 876 1068 Inquisitorem
913 1006 1249 1052 haereticorum.
1297 1005 1343 1052 Si
1369 1006 1601 1054 Coloniam
1639 1014 1821 1055 ventum
1860 1010 2020 1063 fuerit,
2060 1014 2228 1060 senties

4 1085 47 1121 1⁰
64 1093 199 1141 quam
235 1092 372 1139 grave
406 1078 517 1125 mihi
552 1077 689 1124 bilem
725 1078 937 1124 movisse.

199 1162 346 1199 ΗΠΒ.
430 1149 619 1197 Omissis
673 1148 864 1210 lurgiis,
918 1148 1156 1196 Erostrate
1213 1147 1492 1202 clarissime,
1546 1149 1602 1196 de
1649 1151 1930 1199 instituendo
1979 1154 2226 1217 Triumpho

56 1235 239 1285 pergas.

198 1305 597 1342 flocnsmwvs.
669 1292 788 1338 Bene
823 1305 1010 1339 mones:
1046 1291 1188 1339 Breve
1226 1291 1531 1354 apostolicum
1571 1293 1803 1341 adnectam
1842 1297 2091 1348 sententiae,
2133 1312 2221 1359 qua
2237 1305 2334 1347 §.⁷9.

57 1380 129 1413 me
175 1371 417 1428 expetente
451 1364 663 1412 Pontifex
706 1369 864 1410 narrat
898 1363 1188 1410 Franciscum
1236 1363 1290 1409 de
1327 1362 1568 1426 Sickingen
1607 1365 1760 1412 Ordini
1780 1366 2119 1415 Praedicatorio
2158 1370 2225 1415 in-

6 1443 44 1477 ¹5
59 1437 228 1485 dixisse
263 1435 449 1489 bellum,
486 1435 847 1497 gravissimaque
882 1434 1001 1481 hella
1038 1434 1276 1488 intulisse;
1317 1435 1442 1496 quod
1477 1450 1568 1482 non
1607 1442 1690 1488 est,
1731 1437 1808 1483 sed
1844 1438 1987 1486 multa
2023 1441 2224 1486 intermi-

57 1515 193 1556 natus
231 1514 317 1561 est,
354 1508 444 1554 nisi
480 1521 638 1569 pacem
677 1519 932 1567 ageremus,
971 1511 1018 1552 et
1053 1505 1217 1553 indicia
1243 1507 1423 1553 interim
1451 1506 1593 1553 multa
1619 1510 1790 1570 passim
1816 1509 1932 1562 data,
1972 1526 2105 1573 quam
2131 1526 2223 1558 non

55 1580 210 1628 cedam
245 1578 404 1630 malis,
443 1578 528 1626 sed
566 1584 727 1626 contra
762 1578 1003 1625 audentior
1040 1590 1160 1624 eam:
1206 1577 1345 1639 longe
1383 1593 1406 1624 a
1445 1593 1517 1625 me
1555 1586 1626 1626 est
1663 1586 1862 1627 veterum
1899 1581 2220 1629 Monachorum

57 1658 103 1699 et
139 1651 500 1699 Christianorum
536 1650 738 1711 ignavia,
787 1651 865 1712 qui
903 1649 1163 1696 maluerunt
1199 1651 1293 1711 pati
1333 1664 1466 1712 quam
1505 1650 1656 1698 facere
1693 1652 1920 1699 iniuriam.
1995 1653 2220 1702 Praeterea
2238 1666 2335 1708 §.80.

57 1723 318 1771 submittam
353 1722 537 1770 Fratres
576 1723 655 1784 qui
691 1735 777 1783 pro
814 1723 1035 1768 concione
1061 1720 1255 1768 Ovantes
1292 1722 1338 1768 in
1376 1723 1659 1769 consortium
1698 1724 1964 1785 gaudiorum
2001 1726 2222 1787 populum

0 1795 266 1847 winvitent,
303 1793 382 1857 qui
417 1807 580 1840 novem
618 1793 714 1840 dies
753 1793 1138 1855 supplicationum
1175 1793 1286 1839 mihi
1322 1793 1486 1840 victori
1522 1795 1785 1856 impetrent,
1823 1802 1874 1841 ut
1912 1796 2019 1843 olim
2057 1797 2223 1844 Caesari

56 1873 165 1914 sunt
208 1865 382 1914 decreti
418 1865 557 1912 Gallis
603 1863 826 1916 subactis,
876 1865 954 1927 qui
1002 1870 1243 1911 excantent
1288 1878 1411 1912 meas
1449 1867 1663 1918 virtutes,
1714 1866 1790 1927 qui
1828 1867 2022 1914 clament
2059 1883 2220 1929 magno

55 1938 197 1986 boatu
243 1953 270 1985 a
316 1951 389 1984 me
436 1937 605 1984 victum
652 1937 914 1984 haereticum
952 1935 1378 1998 pestilentissimum
1415 1937 1735 1989 Reuchlinum‚
1785 1939 1959 1984 etiamsi
1998 1940 2220 1986 sententia

55 2025 155 2058 mea
189 2023 431 2072 personam
467 2009 698 2056 haereseos
735 2022 827 2055 non
864 2013 1024 2061 notet,
1070 2007 1276 2069 adeoque
1322 2022 1378 2054 ne
1426 2021 1520 2054 rem
1559 2010 1762 2071 quidem:
1814 2011 1970 2056 reiecit
2015 2012 2132 2057 enim
2171 2010 2224 2057 li-

58 2081 230 2129 bellum
267 2095 351 2129 ceu
388 2080 729 2133 scandalosum,
770 2079 1034 2127 offensivum
1072 2080 1248 2141 piarum
1288 2081 1477 2131 aurium,
1518 2095 1570 2127 ac
1605 2095 1698 2127 non
1735 2095 1894 2142 parum
1920 2081 2033 2143 ipsis
2058 2082 2222 2129 Iudaeis

0 2152 377 2205 uravorahilem,
414 2158 476 2204 et,
515 2152 637 2214 quod
674 2165 792 2214 pene
829 2151 1018 2204 excidit,
1057 2150 1317 2198 Germanice
1355 2151 1559 2199 testabor
1596 2153 1643 2198 in
1669 2153 1891 2200 sententia
1917 2153 2073 2200 haberi
2101 2154 2222 2216 quod

55 2224 238 2273 libellus
275 2226 338 2271 sit
371 2223 603 2276 Iudaicus,
643 2223 688 2270 id
724 2222 850 2270 verbi
888 2224 1005 2270 enim
1045 2222 1322 2284 singularem
1360 2222 1497 2270 habet
1534 2223 1759 2270 invidiam.

195 2308 345 2345 ΗΠΒ.
417 2295 552 2343 Feret
587 2295 676 2343 hoc
711 2310 842 2357 aequo
880 2294 1029 2342 animo
1067 2294 1336 2341 Franciscus
1373 2294 1428 2341 de
1466 2294 1739 2357 Sickingen?
2234 2297 2335 2339 §.8¹-

196 2379 591 2417 nocns'rnxrvs.
666 2367 723 2414 Ut
771 2366 910 2419 serat,
959 2366 1072 2412 nihil
1111 2366 1165 2412 ad
1202 2379 1297 2418 me,
1346 2366 1523 2413 etiamsi
1572 2373 1879 2429 persequetur
1915 2373 2119 2414 nostram
2159 2368 2222 2414 sa·

57 2441 275 2492 ctionem,
323 2439 500 2487 etiamsi
545 2438 900 2501 implicabuntur
944 2438 1065 2485 cives
1102 2436 1395 2484 Colonienses
1432 2438 1591 2485 eodem
1628 2438 1855 2501 periculo:
1903 2440 2067 2501 cuique
2105 2441 2221 2485 enim

0 2512 290 2575 :nantiquior
325 2511 387 2558 sit
422 2511 570 2573 gloria
607 2525 689 2558 sua
726 2524 858 2573 quam
897 2509 1079 2572 publica
1116 2508 1263 2562 salus;
1303 2515 1349 2556 et
1386 2508 1615 2556 existimas
1652 2516 1704 2557 tu
1741 2524 1812 2556 me
1838 2513 2107 2557 commoveri
2135 2511 2223 2556 dis·

56 2584 243 2632 crimine
277 2582 647 2630 Fraterculorum
685 2589 732 2629 et
767 2582 906 2629 unius
944 2580 1214 2629 civitatulae?
1251 2580 1403 2628 llluxit
1438 2582 1599 2634 modo,
1637 2582 1725 2628 Lee
1762 2581 2079 2637 audacissime;
2118 2582 2223 2629 reli-

57 2670 146 2718 qua
183 2654 418 2717 Triumphi
455 2668 513 2701 ne
549 2654 789 2706 adornem,
827 2660 1009 2715 tempus
1045 2652 1272 2715 prohibet.
1344 2653 1630 2700 convocanda
1668 2660 1739 2700 est
1777 2661 1873 2700 tota
1908 2653 2140 2700 Barbaries
2179 2660 2223 2700 et

57 2726 335 2790 Superstitio
382 2731 430 2773 et
477 2725 615 2773 huius
663 2739 814 2773 comes
852 2724 1143 2787 Hypocrisis;
1191 2723 1351 2771 deinde
1388 2723 1620 2772 fidissimis
1657 2724 1835 2771 auxiliis
1873 2726 2021 2772 honor
2057 2725 2202 2773 haben

58 2799 142 2846 dus
166 2798 347 2846 videtur
369 2797 679 2860 Arrogantiae‚
718 2796 923 2852 Invidiae,
964 2795 1307 2859 Sycophantiae‚
1346 2795 1612 2849 Calumniae,
1650 2797 1967 2858 Impudentiae,
2006 2797 2222 2849 Perfidiae.

0 2870 312 2933 “Largitioni
348 2883 520 2932 pravae.
570 2869 737 2932 quibus
783 2868 986 2916 confisus
1024 2874 1194 2915 tantam
1232 2881 1326 2915 rem
1365 2868 1523 2915 sedulo
1573 2868 1770 2915 confeci:
1819 2868 1953 2915 hodie
1992 2867 2222 2916 Coloniam

58 2942 204 2989 Ovans
239 2941 495 3003 ingrediar;
535 2947 715 3003 tempus
754 2942 843 2988 erit
881 2940 1060 3002 quando
1098 2954 1260 3002 magna
1297 2953 1380 2987 nec
1417 2941 1600 3001 opinata
1640 2939 1786 3001 gloria
1813 2938 2095 2987 Erostratum
2134 2939 2224 2987 ela-

57 3021 154 3061 tum
190 3013 376 3061 videbis.
662 3055 668 3061 .

198 3096 489 3135 Lvromvs.
563 3083 741 3131 Utinam
780 3083 887 3131 olim
925 3082 1072 3132 elatus
1108 3083 1299 3136 fuisses,
1337 3089 1384 3130 et
1419 3096 1542 3130 nunc
1578 3083 1675 3129 otio
1713 3082 1984 3130 frueremur.
2239 3082 2336 3124 §.82.

198 3168 590 3206 nocflsm'rvs.
664 3155 732 3202 Ad
769 3155 1088 3218 Triumphum,
1127 3154 1330 3202 Eduarde
1366 3155 1477 3207 Lee.
1515 3154 1852 3202 convocaberiS.
1908 3154 2085 3201 interim
2111 3154 2224 3202 vale.

0 3232 47 3269 ΙΙ)
201 3241 350 3277 nnvs.
425 3226 479 3275 Et
518 3234 590 3280 tu,
628 3227 865 3275 Erostrate
903 3227 1097 3289 optime,
1138 3228 1183 3273 in
1220 3227 1464 3289 perniciem
1502 3233 1548 3273 et
1585 3226 1750 3273 malum
1789 3224 1922 3272 bonis
1961 3225 2184 3273 omnihus.

197 3312 484 3349 nvromvs.
556 3298 663 3346 Hui!
701 3299 887 3347 caudam
923 3299 1078 3346 trahit.

197 3384 345 3421 ΗΠΒ.
416 3370 674 3419 Erostratel

174 3523 186 3551 ¹
219 3525 375 3568 Iovem
406 3524 623 3579 pistorem
658 3522 798 3576 (ovid.
822 3523 950 3564 Fast.
974 3522 1053 3566 VI.
1075 3520 1173 3565 350.
1197 3520 1315 3575 394.)
1348 3523 1479 3575 novi,
1513 3520 1825 3565 furfuraceum
1855 3536 1945 3566 non
1975 3525 2106 3567 novi:
2148 3525 2220 3566 Io-

59 3610 131 3639 ves
158 3596 255 3640 h.l.
285 3597 580 3639 nominantur
616 3595 945 3650 praedicatores
985 3594 1118 3648 quasi
1156 3591 1401 3647 plebecula
1431 3593 1549 3646 divi,
1586 3594 1831 3647 furfuraeei
1868 3610 1897 3638 a
1934 3597 2086 3638 saccis
2125 3596 2220 3637 suis

60 3668 283 3724 penuriis,
313 3672 367 3710 ut.
396 3668 516 3711 alias
547 3666 716 3720 saepius
748 3679 777 3707 a
808 3665 960 3707 caseis
991 3665 1208 3707 casem-ii.
1326 3677 1407 3706 nos
1430 3668 1473 3706 3.
1580 3663 1599 3691 ²
1629 3679 1762 3720 quam
1785 3669 1825 3709 2.
1906 3667 1923 3693 ⁶
1954 3667 2025 3708 Cf.
2052 3679 2218 3719 evang.

62 3752 154 3782 uec.
183 3739 342 3783 Ioann.
373 3739 499 3781 vm.
523 3737 590 3779 12.
614 3741 661 3779 et
690 3737 877 3791 passim.
992 3735 1011 3762 ⁹
1042 3736 1249 3778 haeretic.
1275 3738 1313 3778 1.
1328 3739 1368 3781 2.
1385 3739 1429 3779 3.
1547 3734 1581 3763 ¹⁸
1613 3736 1814 3780 adnectii
1845 3741 1887 3780 2.
1941 3738 2137 3780 aduecti]
2172 3739 2214 3779 3.

64 3810 307 3854 aduectum
329 3814 368 3853 1.
382 3814 421 3855 4.
502 3808 536 3836 ¹⁶
568 3809 652 3850 ‘Tu
672 3822 731 3851 ne
754 3810 865 3852 cede
888 3807 1037 3861 malis,
1071 3806 1152 3849 sed
1175 3810 1335 3849 contra
1367 3808 1611 3851 audentior
1639 3808 1718 3851 ito'
1758 3810 1888 3862 Vero.
1910 3811 2021 3850 Aen.
2046 3808 2122 3850 VI.
2143 3805 2213 3847 95.

60 3879 100 3910 ²⁰
119 3881 193 3928 Of.
214 3881 332 3925 Suet.
355 3881 440 3924 Iul.
462 3881 533 3922 24.
555 3881 588 3922 i.
610 3880 643 3922 f.
669 3880 779 3923 διεδ.
799 3880 853 3923 Β.
877 3881 931 3922 G.
955 3881 1014 3923 11.
1036 3879 1107 3922 35.
1130 3879 1207 3921 IV.
1231 3877 1299 3921 38.
1360 3877 1397 3906 ²⁸
1418 3893 1659 3935 personam
1680 3881 1725 3922 h.
1749 3893 1838 3921 non
1860 3877 1925 3933 n.]
1950 3879 2031 3919 sed
2053 3877 2213 3918 librum

63 3955 263 4006 tantum,
295 3954 326 3996 i.
361 3967 400 3999 e.
433 3951 676 4008 Speculum
707 3951 917 4003 oculare,
960 3956 1012 3993 ut
1040 3952 1333 3993 Parisienses
1364 3955 1598 3994 notarant.
1688 3950 1724 3977 ²⁵
1759 3947 1947 4002 excidit]
1982 3947 2153 3988 accidit
2176 3949 2215 3987 1.
