2456 4264
224 211 300 269 42
882 230 1118 260 EPISTOLAE
1140 228 1445 259 OBSCVRORVM
1465 226 1689 256 vmouvu.

222 364 365 414 modo
415 363 661 412 studerem
711 368 757 411 et
803 375 901 410 non
949 359 1182 408 deberem
1232 372 1423 407 cessare
1471 356 1520 404 in
1558 353 1814 411 studend0,
1853 355 1939 404 sed
1977 354 2210 404 deberem
2248 369 2364 419 pro-

223 450 412 505 cedere,
453 450 565 513 quia
605 446 837 495 haberem
877 444 1059 493 bonum
1099 442 1362 506 ingenium,
1403 445 1451 490 et
1486 454 1680 503 possem
1719 432 1829 487 cum
1856 439 2097 487 adiutorio
2136 438 2214 487 dei
2240 437 2364 487 bene

221 535 483 598 proficere,
533 533 572 580 si
619 535 718 579 met
764 527 952 576 vellem.
1027 527 1157 588 Ergo
1197 526 1383 575 debetis
1421 528 1547 575 scire
1586 522 1715 587 quod
1755 536 1846 586 ego
1883 537 1975 586 pro
2014 537 2144 571 nunc
2182 522 2365 572 contuli

221 634 296 666 me
336 617 394 665 ad
433 615 642 663 studium
682 611 1108 677 Heydelbergense
1147 616 1196 659 et
1232 611 1404 659 studeo
1442 611 1491 658 in
1517 607 1810 670 Theologia;
1849 606 1935 654 sed
1963 621 2074 655 cum
2099 606 2195 655 hoc
2221 605 2364 655 audio

221 700 431 765 quotidie
470 714 616 748 unam
653 697 912 746 lectionem
950 696 998 743 in
1039 695 1241 757 poetria,
1287 696 1334 743 in
1375 709 1468 758 qua
1508 693 1667 756 incepi
1705 691 1947 754 proficere
1986 689 2267 739 notabiliter
2305 689 2400 740 deu

220 786 370 847 gratia
412 783 512 838 dei3
554 789 601 831 et
639 783 732 830 iam
761 781 861 828 scio
890 785 1196 828 mentetenus
1226 793 1396 826 omnes
1421 776 1610 826 fabulas
1639 776 1791 825 Ovidii
1817 777 1865 823 iu
1891 774 2364 837 metamorphoseOS,

221 874 267 918 ct
287 870 387 918 scio
409 882 489 916 eas
511 881 755 929 exponere
777 863 1173 928 quadrupliciter,
1195 861 1378 911 scilicet
1398 861 1699 931 naturaliter,
1719 858 2009 914 litteraliter,
2033 857 2364 915 historialiter,

219 961 260 1003 et
283 950 621 1015 spiritualiter:
645 949 773 1013 quod
795 964 891 996 non
914 949 1072 996 sciunt
1092 948 1165 996 isti
1188 952 1328 1010 poete
1353 944 1612 1009 seculares
1654 949 1701 993 et
1720 958 1878 1008 nuper
1898 943 2195 1006 interrogavi
2211 955 2366 992 unum

219 1054 274 1088 ex
315 1036 432 1085 illis:
475 1034 621 1083 ‘unde
660 1034 833 1082 dicitur
871 1030 1115 1081 Mavorsi'
1154 1037 1271 1079 tunc
1310 1031 1427 1078 dixit
1464 1029 1584 1078 mihi
1621 1043 1769 1077 unam
1807 1028 2095 1076 sententiam
2134 1042 2227 1092 que
2264 1040 2365 1076 non

218 1123 306 1170 fuit
345 1135 478 1175 vera:
519 1119 603 1168 sed
643 1119 783 1167 etiam
823 1118 1013 1166 correxi
1053 1131 1179 1172 eum,
1220 1122 1267 1164 et
1304 1115 1416 1171 dixi,
1459 1113 1587 1177 quod
1614 1112 1806 1162 Mavors
1831 1112 2010 1161 dicitur
2037 1112 2174 1176 quasi
2199 1127 2362 1162 mares
2379 1114 2456 1181 ¹⁰5}

218 1219 414 1259 vorans;
470 1208 516 1252 et
563 1204 664 1266 ipse
713 1203 803 1251 fuit
850 1201 1097 1250 confusus.
1182 1200 1322 1248 Tunc
1372 1199 1493 1247 dixi:
1546 1197 1687 1262 ‘quid
1724 1197 2024 1259 significatur
2061 1211 2151 1259 per
2187 1211 2362 1246 novem
2438 1214 2452 1268 j

220 1289 379 1338 Musas
438 1285 753 1350 allegorice?'
828 1292 945 1334 tunc
1008 1286 1151 1334 etiam
1212 1283 1453 1347 ignoravit
1511 1287 1558 1331 et
1604 1296 1695 1345 ego
1753 1280 2030 1344 dixiquod
2079 1291 2177 1330 .1x.
2228 1281 2362 1346 Muse

217 1374 488 1436 significant
529 1381 645 1419 ΝΠ.
686 1370 863 1419 choros
889 1368 1201 1432 Angelorum.
1276 1367 1443 1416 Tertio
1483 1366 1605 1415 dixi:
1648 1365 1793 1415 ‘unde
1831 1365 2007 1414 dicitur
2044 1365 2362 1415 Mercurius‘t’

215 1457 296 1505 sed
350 1455 542 1519 quando
591 1468 689 1502 non
725 1455 885 1510 scivit,
935 1462 1051 1503 tunc
1089 1453 1185 1501 dixi
1223 1453 1266 1501 ei
1304 1452 1433 1515 quod
1472 1451 1745 1500 Mercurius
1783 1450 1959 1499 dicitur
1998 1450 2135 1519 quasi
2174 1465 2362 1499 merca·
2440 1512 2456 1519 Γ

216 1547 374 1589 torum
423 1540 609 1596 curiuS,
660 1540 769 1601 quia
819 1543 890 1586 est
937 1538 1057 1586 deus
1105 1542 1434 1586 mercatorum
1486 1541 1535 1585 et
1578 1534 1728 1584 habet
1775 1550 1943 1584 curam
1991 1549 2083 1599 pro
2130 1535 2215 1584 eis.
2289 1534 2360 1584 lta
2379 1527 2456 1605 ¹55}

217 1624 384 1674 videtis
422 1623 552 1687 quod
591 1624 677 1686 iste
714 1629 855 1686 poete
894 1637 1023 1671 nunc
1061 1621 1255 1671 student
1292 1626 1478 1669 tantum
1517 1621 1567 1670 in
1604 1635 1693 1669 sua
1731 1623 1836 1668 arte
1861 1618 2149 1676 litteraliter,
2192 1624 2238 1668 et
2262 1633 2364 1668 non
2431 1610 2456 1667 t

212 1707 486 1771 intelligunt
524 1706 778 1770 allegorias
817 1712 863 1755 et
901 1707 1228 1772 expositiones
1255 1703 1545 1770 spirituales,
1585 1704 1698 1767 quia
1723 1709 1838 1753 sunt
1862 1703 2086 1753 homines
2113 1702 2362 1760 carnales;

214 1799 261 1842 et
298 1798 350 1841 ut
387 1791 557 1840 scribit
592 1781 851 1854 Apostolus
890 1801 939 1839 J.
979 1790 1039 1839 ad
1079 1789 1356 1839 Corinthios
1394 1799 1480 1838 11.:
1522 1787 1772 1839 ‘Animalis
1817 1787 1965 1838 homo
2017 1802 2118 1837 non
2156 1788 2366 1853 percipit
2432 1778 2456 1852 j

214 1892 268 1926 ea
296 1892 387 1940 que
415 1881 527 1925 sunt
553 1877 750 1939 spiritus
789 1875 896 1923 dei’.
973 1874 1067 1923 Sed
1106 1875 1312 1938 possetis
1350 1873 1543 1922 dicere:
1583 1872 1731 1922 ‘unde
1767 1871 1958 1923 habetis
1994 1874 2136 1922 istam
2172 1871 2363 1922 subtili·
2434 1861 2456 1940 ,ᾗ

211 1959 399 2010 tatem‘Z'
472 1958 762 2023 Respondeo
802 1959 932 2021 quod
970 1951 1130 2024 nuper
1167 1959 1401 2022 acquisivi
1438 1972 1592 2007 unum
1616 1955 1822 2015 librum,
1863 1971 2008 2022 quem
2035 1956 2230 2023 scripsit
2255 1957 2360 2021 qui·
2377 1961 2449 2012 atr?

213 2046 322 2094 dam
361 2044 592 2106 magister
630 2050 795 2092 noster
833 2043 1065 2106 Anglicus
1104 2043 1163 2092 de
1201 2043 1375 2092 ordine
1413 2047 1608 2100 nostro,
1659 2047 1707 2092 et
1742 2041 1894 2092 habet
1929 2057 2111 2091 nomen
2148 2041 2364 2091 Thomas

214 2129 272 2178 de
311 2128 523 2193 Walleys
563 2133 610 2177 et
649 2129 946 2192 compositus
986 2134 1058 2177 est
1094 2127 1174 2177 ille
1212 2126 1338 2178 liber
1376 2141 1526 2191 super
1562 2126 1745 2177 librum
1771 2126 2226 2192 Metamorphoseos
2253 2125 2360 2176 Ovi·
2425 2141 2449 2178 “r

212 2213 302 2270 dii,
344 2227 592 2277 exponens
632 2227 803 2261 omnes
841 2212 1029 2262 fabulas
1067 2212 1326 2276 allegorice
1367 2218 1414 2261 et
1450 2210 1780 2276 spiritualiter.
1856 2211 1918 2260 Et
1955 2217 2028 2261 est
2065 2212 2128 2260 ita
2155 2211 2361 2276 profun-

213 2297 304 2346 dus
330 2298 378 2346 in
406 2295 670 2358 Tlieologia
711 2297 840 2361 quod
879 2312 977 2345 non
1018 2297 1230 2346 creditis,
1306 2296 1642 2345 Certissimum
1680 2302 1753 2346 est
1790 2297 1921 2361 quod
1960 2297 2364 2361 spiritussanctus
2414 2286 2442 2364 Ξ,

211 2381 386 2430 infudit
424 2381 537 2429 huic
574 2381 677 2429 viro
715 2380 861 2430 talem
902 2381 1188 2429 doctrinam.
1265 2381 1385 2439 Quia
1424 2380 1596 2429 scribit
1631 2380 1701 2430 ibi
1727 2381 2101 2431 concordantias
2127 2383 2254 2431 inter
2282 2396 2357 2430 sa·
2375 2362 2441 2444 ιὲ

212 2480 346 2514 cram
397 2466 715 2529 scripturam,
748 2471 814 2517 ,et
864 2465 1053 2515 fabulas
1090 2465 1334 2528 poetales;
1385 2467 1511 2514 sicut
1555 2466 1759 2529 potestis
1805 2472 1979 2515 notare
2028 2482 2085 2516 ex
2124 2466 2228 2514 istis
2268 2480 2361 2531 que
2422 2446 2435 2501 3

212 2550 307 2598 iam
354 2563 549 2612 ponam.
627 2549 695 2598 De
742 2549 949 2598 Phitone
999 2556 1228 2614 serpente
1276 2565 1421 2614 quem
1469 2551 1716 2599 interfecit
1760 2550 1961 2616 Apollo,
2011 2550 2182 2600 scribit
2226 2550 2360 2600 Psal·
2423 2575 2426 2578 ·

212 2635 379 2682 mista:
423 2633 594 2682 ‘Draco
620 2634 711 2683 iste
740 2649 884 2697 quem
911 2634 1132 2683 formasti
1159 2635 1218 2683 ad
1243 2633 1548 2684 illudendum
1588 2634 1662 2685 ei’.
1725 2641 1774 2685 et
1797 2637 2001 2685 iterum:
2031 2637 2208 2700 ‘Super
2233 2637 2362 2701 aspi·
2418 2637 2434 2699 sss

213 2718 323 2766 dem
352 2723 396 2766 et
435 2717 715 2767 basiliscum
753 2717 1055 2768 ambulabis'.
1130 2719 1199 2768 De
1227 2720 1437 2768 Saturno
1475 2721 1557 2784 qui
1591 2721 1883 2784 supponitur
1922 2721 2068 2770 homo
2107 2735 2272 2778 senex,
2313 2725 2363 2771 et
2419 2709 2423 2759 ἶ

213 2808 352 2867 pater
390 2802 593 2850 deorum
632 2802 896 2851 comedens
934 2802 1058 2852 filios
1096 2817 1235 2862 suOS,
1274 2803 1507 2853 scribitur
1545 2803 1605 2853 ab
1633 2804 1914 2854 Ezechiele:
1956 2805 2242 2856 ‘Comedent
2277 2821 2425 2872 ρει-3ο,

212 2892 313 2935 tres
358 2885 480 2934 filios
527 2886 576 2934 in
626 2887 785 2935 medio
823 2885 924 2935 tui'.
999 2887 1149 2936 Diana
1196 2888 1434 2950 significat
1479 2888 1806 2939 beatissimam
1852 2891 2091 2954 virginem
2139 2877 2357 2948 Mariam,
2420 2932 2456 2957 b,

214 2969 468 3019 ambulans
495 2985 606 3018 cum
646 2969 808 3019 multis
846 2971 1114 3033 virginibus
1152 2972 1397 3021 hincinde.
1474 2979 1522 3022 et
1561 2988 1678 3037 ergo
1718 2974 1777 3023 de
1805 2990 1860 3024 ea
1888 2975 2121 3024 scribitur
2145 2977 2196 3023 in
2222 2974 2356 3024 Psal-
2403 2965 2422 3002 ³3

213 3055 329 3103 mis:
371 3054 703 3103 ‘Adducentur
728 3056 939 3117 virgines
966 3062 1076 3119 post
1113 3055 1252 3106 eam’.
1328 3064 1375 3106 et
1412 3057 1551 3106 alibi:
1594 3057 1772 3107 ‘Trahe
1810 3074 1889 3109 me
1928 3065 2040 3123 post
2077 3065 2147 3116 te;
2189 3075 2359 3109 curre·

211 3153 320 3187 mus
358 3139 405 3186 in
443 3138 593 3186 odore
633 3145 957 3201 ungentorum
995 3139 1223 3189 tuorum’.
1299 3141 1419 3190 Item
1467 3141 1527 3190 de
1575 3141 1686 3191 Iove
1737 3144 1932 3207 quando
1981 3143 2234 3194 defloravit
2271 3144 2359 3194 Ca-

209 3221 434 3271 listonem
474 3223 721 3284 virginem,
763 3228 809 3272 et
846 3239 1071 3273 reversus
1110 3230 1182 3274 est
1219 3225 1278 3274 ad
1318 3225 1475 3289 celum
1512 3226 1743 3281 scribitur
1780 3227 1945 3277 Matth.
1984 3240 2113 3278 X11.:
2154 3228 2414 3293 ‘Rever-:ss‘

212 3311 284 3354 tar
332 3306 379 3354 in
432 3305 629 3354 domum
678 3322 860 3363 meam,
912 3309 1043 3357 unde
1092 3310 1243 3358 exivi’,
1319 3310 1438 3359 Item
1486 3311 1547 3360 de
1584 3310 1798 3374 Aglauro
1845 3314 2162 3379 pedissequa,
2211 3329 2356 3380 quam

210 3389 482 3438 Mercurius
519 3391 661 3439 vertit
697 3392 744 3439 in
783 3390 1016 3455 lapidem:
1057 3392 1135 3441 illa
1173 3393 1484 3457 lapidificatio
1522 3397 1735 3459 tangitur
1760 3397 2061 3448 Iob.XL11.:
2103 3399 2215 3449 ‘Cor
2253 3401 2357 3449 eius

211 3472 521 3522 indurabitur
561 3479 612 3521 ut
649 3474 798 3538 lapis'.
863 3477 981 3525 ltem
1009 3479 1253 3541 quomodo
1279 3479 1498 3544 Iuppiter
1536 3483 1790 3544 supposuit
1814 3483 2063 3548 Europam
2101 3485 2351 3548 virginem,
2379 3468 2416 3538 ἷῗ

210 3559 354 3607 etiam
393 3556 603 3607 habetur
642 3560 689 3608 in
727 3574 863 3609 sacra
902 3564 1170 3625 scriptura,
1211 3564 1342 3628 quod
1382 3579 1471 3628 ego
1510 3567 1732 3629 ignoravi
1768 3568 1929 3630 prius,
1982 3569 2096 3632 quia
2134 3570 2202 3618 sic
2241 3569 2358 3618 dixit

323 3752 354 3779 ¹¹
389 3754 505 3793 dixit
539 3757 654 3799 1...3.
745 3755 778 3781 ¹⁶
809 3757 891 3797 iste
924 3758 1002 3797 hoc
1034 3771 1194 3812 quoque
1224 3749 1315 3800 Ioco
1346 3761 1500 3801 habent
1530 3764 1647 3804 1...3.
1738 3760 1773 3788 ¹8
1804 3763 1961 3817 scripit
1992 3767 2035 3809 3.
2123 3765 2160 3792 ²⁶
2192 3797 2203 3809 .
2227 3765 2357 3806 Sicut

214 3827 331 3868 1...3.
417 3823 453 3851 ²³
484 3855 495 3867 .
517 3826 578 3866 Et
599 3828 716 3869 1...3.
803 3824 841 3851 3²
873 3856 881 3866 .
905 3828 966 3866 Et
997 3830 1116 3869 1...3.
1205 3826 1272 3881 ps.
1298 3832 1335 3870 1.
1351 3833 1392 3872 3.
1422 3831 1541 3872 Psal.
1566 3835 1605 3874 2.
1693 3831 1730 3858 ³5
1759 3834 1872 3875 Mat.
1897 3838 1934 3878 1.
1949 3839 1991 3878 3.
