2456 4264
597 297 656 325 DE·
679 297 967 326 PRODITIONE
991 294 1396 326 CONSVLTATIONIS
1419 297 1764 326 REVCHLINIGAE.
2182 273 2260 330 93

935 482 979 530 (1
1014 482 1172 531 Nota
1209 484 1425 531 lector.

239 597 283 646 (Ι
331 597 633 658 Priusquam
673 604 836 646 tamen
872 610 1006 645 nunc
1042 596 1114 643 ad
1148 598 1528 645 consultationes
1564 599 1841 660 veniamus,
1874 597 2018 658 falsa
2055 600 2268 661 quedam

96 682 475 743 manifestanda
519 691 632 731 sunt
682 696 775 744 que
821 681 1154 744 mendaciter,
1202 683 1444 741 nimisque
1482 683 1632 742 impie
1676 695 1739 730 ac
1763 685 1925 744 plane
1956 686 2268 747 impudenter

99 769 169 829 (si
195 781 367 818 verum
397 767 561 828 fateri
590 769 726 830 licet)
768 772 944 816 contra
982 779 1058 814 me
1093 768 1294 827 scripsit
1328 766 1545 814 Ioannes
1583 766 1828 816 Reuchlin
1863 768 2134 828 Iudeorum
2170 785 2267 819 ra—

64 875 87 908 ⁵
106 854 222 903 bula
258 855 310 902 in
341 853 631 913 defensione
658 867 774 913 sua,
815 858 905 900 aut
926 853 1094 913 potius
1129 853 1179 900 in
1217 852 1344 900 libro
1381 853 1735 899 invectivarum
1766 866 1971 901 suarum
2009 856 2108 902 sive
2144 868 2268 903 con-

96 941 335 990 viciorum
369 938 498 1000 folio
528 947 641 982 Jm.
674 939 759 987 ubi
798 937 922 986 mihi
950 937 1091 997 falso
1132 937 1337 998 imponit
1372 937 1507 997 quod
1535 947 1626 995 eqo
1656 938 1968 997 prodiderim
2010 941 2115 987 eius
2143 952 2269 987 con—

96 1027 211 1075 silia
246 1038 341 1086 que
379 1025 452 1073 ad
487 1024 1005 1073 Archicancellarium
1044 1023 1075 1081 (
1072 1028 1125 1070 ut
1160 1024 1265 1084 ipse
1312 1023 1407 1082 ait)
1454 1022 1632 1069 clausa
1678 1023 1908 1085 misisset,
1955 1023 2162 1084 ideoque
2195 1037 2271 1072 me

64 1122 67 1124 ·
98 1111 307 1171 dionum
347 1115 525 1169 morte,
584 1115 634 1157 et
677 1110 833 1156 variis
888 1111 1239 1156 tormentorum
1284 1106 1552 1166 ,aeneribus
1597 1108 2012 1156 excruciandum.
2103 1109 2271 1157 Videte

96 1209 234 1254 nunc
277 1193 477 1244 obsecro
519 1193 559 1242 O
595 1207 677 1242 vos
715 1193 992 1242 Christiani
1032 1206 1199 1240 omnes
1246 1195 1484 1252 quantam
1532 1191 1656 1239 mihi
1699 1193 1880 1241 insonti
1927 1176 2270 1242 contumeliam

8 1269 297 1348 {wfecerih
367 1270 732 1341 ‘Inclytissimus
768 1280 1045 1340 imperator
1078 1277 1209 1325 iubet
1252 1279 1304 1325 in
1340 1277 1580 1325 mandato
1615 1279 1919 1339 prescriptO,
1975 1280 2109 1339 quod
2153 1279 2276 1327 mihi

6 1367 23 1418 ἱ,
99 1365 311 1423 debeant
344 1364 576 1414 exhiberi
601 1366 740 1426 copie
776 1364 1202 1412 consultationum.
1246 1363 1391 1410 immo
1432 1366 1481 1410 et
1516 1362 1609 1410 hoc
1652 1362 1869 1422 inferius
1917 1365 2021 1425 ipse
2054 1349 2274 1413 'Archie-

8 1436 12 1497 Ῑ
94 1452 328 1514 piscopus
361 1449 685 1511 Moquntinus
729 1449 803 1496 ad
844 1461 1103 1507 cesaream
1147 1448 1455 1495 maiestatem
1503 1448 1765 1496 scribendo
1809 1449 2022 1509 inqenue
2062 1449 2273 1509 fatetur.

9 1541 17 1575 '-
98 1535 212 1586 Non
242 1535 454 1598 prodidi
485 1536 640 1596 iyitur
669 1536 825 1596 ipsius
861 1534 1264 1582 consultationem
1281 1570 1292 1588 ,
1325 1533 1416 1580 sed
1436 1533 1571 1593 quod
1597 1538 1823 1582 sanctum
1857 1547 1920 1583 ac
1944 1537 2124 1583 iustum
2149 1541 2274 1593 erat,

9 1615 17 1669 ’.ἶ
98 1633 207 1670 meo
239 1618 469 1680 satisfeci
504 1619 698 1680 officio,
745 1620 864 1680 quia
901 1619 1071 1679 copias
1107 1619 1322 1666 omnium
1357 1619 1768 1668 consultationum
1806 1621 1936 1669 ultro
1973 1622 2097 1669 mihi
2130 1622 2274 1670 obla-

18 1726 21 1729 ·
46 1727 87 1763 ιε
99 1710 201 1770 tas,
242 1710 480 1767 tanquam
517 1705 807 1754 ordinarius
835 1706 1123 1753 sollicitator
1155 1709 1203 1751 et
1237 1718 1269 1752 a
1305 1717 1513 1762 cesarea
1538 1699 1559 1770 ΙΙ
1588 1704 1850 1754 Maiestate
1887 1707 1959 1754 ad
1992 1708 2268 1756 istiusmodi
2274 1716 2388 1774 {aiijb

99 1792 356 1852 maocium
387 1792 749 1853 principaliter
784 1788 1099 1849 constitutu3‚
1135 1791 1256 1838 meis
1287 1789 1627 1852 superioribus
1658 1793 1961 1851 presentavi.
2038 1791 2276 1854 Quapro-

93 1882 210 1940 pter
231 1889 331 1925 non
356 1878 518 1937 maqis
541 1878 646 1938 ipse
681 1877 948 1924 criminari
973 1875 1140 1923 debuit
1171 1875 1234 1923 de
1257 1875 1598 1936 publicatione
1621 1889 1709 1933 sue
1733 1878 2105 1925 consultationis
2128 1891 2277 1939 quam
2345 1927 2348 1930 ,

98 1968 260 2022 cetere
291 1962 639 2010 universitates
675 1974 769 2022 que
813 1963 865 2009 in
911 1961 1045 2008 hunc
1080 1974 1235 2020 usque
1270 1962 1399 2008 diem
1438 1973 1646 2008 suarum
1685 1963 2095 2010 consultationum
2124 1965 2276 2011 emis-

13 2060 16 2109 g
98 2049 236 2096 sione
266 2060 463 2109 semper
496 2051 720 2105 contente
752 2047 979 2107 fuerunt.
1061 2045 1191 2103 Quid
1224 2041 1418 2094 multa?
1455 2047 1507 2093 in
1544 2045 1767 2093 omnibus
1802 2059 1897 2106 que
1934 2047 2112 2095 ibidem
2143 2049 2271 2096 scri-

13 2115 88 2188 {20
98 2133 226 2195 psit,
272 2133 473 2182 veritati
513 2145 708 2194 semper
745 2136 893 2192 atque
939 2132 1170 2189 modestie
1210 2131 1452 2191 pepercit.
1528 2129 1570 2176 (I
1614 2130 1681 2178 Et
1713 2136 1769 2179 ut
1812 2131 1906 2180 hoc
1947 2133 2185 2180 adiiciam
2221 2131 2280 2181 Si

15 2230 18 2236 ·
91 2217 243 2280 sacta
263 2217 370 2279 suit
403 2219 592 2267 iniuria
615 2216 802 2264 Ioanni
826 2215 1072 2264 Reuchlin
1112 2222 1348 2276 quantum
1384 2215 1456 2263 ad
1483 2216 1872 2277 publicationem
1899 2231 1985 2275 sue
2017 2220 2276 2266 consulta-

100 2304 260 2360 tionis,
299 2302 507 2352 debebat
533 2304 670 2351 illam
695 2302 934 2349 iniuriam
964 2303 1288 2362 expostulare
1325 2301 1388 2349 ab
1425 2301 1501 2349 his
1538 2301 1713 2361 quibus
1747 2315 1842 2349 sua
1878 2304 2070 2364 scripta
2102 2305 2277 2351 clausa

18 2377 19 2380 ¹
101 2389 440 2448 commiserat,
487 2389 564 2436 vel
608 2387 672 2435 ab
719 2386 1104 2448 Archiepiscopo
1148 2386 1467 2447 Moquntin0‚
1515 2387 1587 2433 ad
1633 2400 1775 2447 quem
1812 2388 2038 2445 miserat,
2087 2394 2135 2436 et
2169 2390 2278 2436 illos

104 2473 188 2534 (id
220 2473 357 2535 quod
387 2478 553 2522 tamen
588 2485 686 2521 non
711 2473 898 2534 potuit)
931 2472 1199 2520 traditores
1236 2474 1513 2532 appellare,
1554 2480 1641 2520 aul
1674 2474 1847 2521 saltem
1881 2486 1957 2522 me
1995 2486 2166 2521 coram
2190 2487 2278 2522 eo—

30 2578 92 2613 π
107 2558 218 2608 dem
253 2558 632 2621 archiepiscopo
661 2559 724 2606 de
754 2559 849 2606 tali
878 2557 1228 2618 publicationis
1263 2559 1472 2606 crimine
1512 2559 1794 2607 convicisse.
1868 2558 1937 2606 Id
1971 2566 2133 2608 autem
2163 2562 2279 2619 quia

17 2636 35 2676 ἶ
103 2656 202 2694 non
230 2643 382 2705 fecit,
407 2643 616 2704 futilem
650 2645 755 2705 ipse
791 2642 1131 2703 defensionem
1164 2643 1380 2703 reliquit.
1421 2647 1468 2691 et
1485 2656 1526 2691 c

246 2729 291 2778 «1
329 2729 369 2779 0
399 2730 684 2780 charissimi
708 2731 917 2779 lectores
948 2730 999 2777 in
1034 2729 1227 2777 Christo
1255 2727 1407 2777 Ihesu
1439 2730 1622 2788 iupiter
1650 2729 1945 2787 honorandi,
1985 2692 2132 2792 quale
2169 2726 2280 2797 (ob-—

104 2811 267 2883 secro)
307 2820 382 2864 est
414 2815 508 2865 hoc
535 2817 757 2875 sianum,
807 2815 943 2876 quod
976 2815 1082 2876 ipse
1118 2814 1366 2863 Reuchlin
1404 2815 1475 2863 ita
1514 2815 1646 2864 dolet
1689 2818 2092 2864 consultationem
2139 2829 2280 2865 suam

25 2956 28 2957 ⁷
104 2912 210 2950 esse
233 2897 577 2963 publicatam?
612 2900 705 2949 Est
728 2899 963 2962 profecto
985 2902 1283 2961 pessimum,
1325 2914 1382 2949 eo
1410 2901 1545 2961 quod
1579 2902 1684 2962 ipse
1712 2906 1867 2963 caput
1901 2902 2076 2951 mundi
2108 2915 2280 2950 secre-

50 2987 304 3039 aotissimts
339 2986 636 3048 quibusdam
672 2987 977 3035 diverticulis
1011 2991 1059 3035 et
1088 2985 1243 3045 falsis
1268 2987 1678 3047 persuasionibus
1705 2992 1893 3035 secreto
1930 2987 1994 3035 ab
2041 2988 2154 3048 ipsa
2193 3000 2280 3034 ve-

107 3073 253 3121 ritate
285 3077 492 3121 conatus
520 3074 586 3120 sit
619 3076 859 3128 avertere,
892 3081 940 3121 et
966 3077 1238 3134 propterea
1270 3085 1438 3120 omnes
1469 3074 1570 3131 alie
1606 3074 1949 3120 universitates
1983 3073 2124 3133 (quia
2162 3072 2282 3120 bene

25 3202 26 3209 ,
107 3162 156 3207 el
188 3162 360 3206 sancte
387 3159 720 3219 scripserunt)
761 3157 884 3205 mihi
916 3170 1126 3206 suarum
1163 3159 1574 3206 consultationum
1612 3159 1785 3218 copias
1825 3159 1956 3205 ultro
1983 3164 2031 3206 et
2066 3170 2162 3205 non
2192 3170 2281 3205 ro-

27 3259 43 3323 ’τ
104 3247 224 3303 oute
258 3242 532 3299 dederunt,
568 3243 983 3304 quemadmodum
1017 3243 1319 3292 bedellorum
1357 3243 1710 3304 chiroqraphis
1739 3244 1920 3291 docere
1948 3255 2175 3305 possum,
2231 3248 2283 3290 ut

27 3326 50 3389 ἐξ
108 3339 200 3390 eoo
234 3333 474 3390 tanquam
511 3342 656 3378 verus
690 3334 739 3377 et
774 3329 990 3377 delectus
1025 3331 1315 3378 sollicitator
1346 3333 1663 3389 aucmentum
1694 3328 1820 3387 fidei
1847 3328 2125 3387 Christiane
2152 3341 2280 3389 pro—

112 3424 296 3462 curare
321 3426 532 3476 possem.
608 3412 650 3460 (Ι
688 3413 939 3462 Postremo
965 3428 1027 3463 ne
1058 3417 1258 3474 lonqum
1284 3414 1481 3473 faciam
1512 3414 1664 3461 Aliud
1689 3419 1763 3462 est
1785 3414 2047 3475 publicare
2071 3415 2280 3463 consilia

110 3502 300 3552 secreta
339 3513 434 3560 que
483 3503 767 3547 tractantur
812 3500 942 3547 inter
979 3501 1241 3561 principes
1289 3507 1336 3548 et
1379 3500 1624 3555 civitates,
1674 3513 1824 3560 quam
1873 3514 1967 3560 que
2010 3500 2283 3561 respiciunt

43 3585 59 3644 ‚j
103 3582 258 3642 fidem
296 3583 594 3633 catholicam
634 3588 682 3632 el
723 3584 983 3633 ecclesiam
1020 3586 1123 3638 dei,
1172 3586 1223 3632 in
1260 3598 1360 3646 qua
1398 3586 1538 3633 nulla
1577 3584 1718 3633 debet
1752 3599 1856 3634 esse
1894 3586 2092 3640 divisio,
2140 3585 2279 3631 nulla

114 3665 393 3724 discordia,
432 3670 622 3718 nullum
656 3671 853 3719 scisma.
926 3669 1086 3719 Immo
1118 3672 1266 3719 etiam
1304 3676 1358 3719 ut
1385 3684 1552 3719 verum
1582 3670 1783 3730 fatear,
1821 3672 1948 3720 nihil
1974 3671 2163 3723 occulti,
2196 3669 2279 3715 ni-

115 3749 188 3802 hil
232 3754 385 3818 quod
405 3754 633 3804 tenebras
671 3757 796 3805 volet
838 3758 890 3805 in
932 3758 1099 3806 causis
1125 3756 1250 3816 fidei
1283 3761 1372 3804 (tut
1408 3758 1611 3816 ecclesie
1647 3759 1875 3818 neeocid
1919 3758 1993 3805 vel
2030 3754 2278 3815 apendum

115 3838 191 3891 vel
215 3839 530 3889 scribendum
563 3846 655 3902 est,
690 3842 816 3906 *quia
853 3847 969 3891 teste
999 3845 1246 3891 salvatore
1281 3848 1470 3899 nostro,
1519 3842 1617 3901 Qui
1646 3855 1743 3891 non
1771 3844 1930 3891 intrat
1957 3855 2054 3903 per
2089 3841 2275 3896 ostium,

44 3917 57 3931 ”
115 3919 196 3971 hic
223 3922 322 3984 sur
350 3930 424 3974 est
457 3931 506 3974 et
540 3928 685 3975 latro.
763 3926 888 3985 Quia
926 3929 1080 3988 iyilur
1110 3929 1255 3977 aliud
1281 3935 1353 3977 est
1386 3930 1522 3989 loqui
1549 3930 1610 3976 de
1638 3929 1975 3989 publicatione
2009 3936 2275 3974 cacis-arum
