2456 4264
227 245 342 303 192
812 264 1049 295 EPISTOLAE
1074 261 1382 291 OBSCVRORVM
1402 259 1613 289 VIROBVM
1634 259 1783 288 NOVAE.

222 413 311 463 per
349 412 461 445 suas
498 394 789 448 blandicias,
838 393 965 440 sieut
1009 390 1089 454 pie
1128 388 1369 452 creditur,
1418 387 1781 452 acquisiverunt
1816 384 1996 434 multos
2033 385 2275 441 fautoreS‚
2325 390 2374 434 et

221 482 454 546 precipue
492 478 774 527 Curtisanos
812 475 894 538 qui
931 479 1045 521 sunt
1082 472 1142 521 de
1179 471 1402 537 partibus
1440 469 1801 534 superioribuS,
1842 474 1890 520 et
1924 484 2024 518 non
2062 468 2247 517 habent
2282 467 2371 517 bo-

222 579 335 614 nam
375 561 756 615 Conscientiam,
811 562 858 606 et
894 556 1112 605 inferunt
1148 559 1352 618 magnas
1390 555 1594 603 iniurias
1640 553 1863 617 predicto
1903 554 2138 618 Magistro
2177 558 2364 608 nostro,
2445 570 2449 575 ·

221 653 449 697 vexantes
488 659 598 694 eum
637 645 762 691 sicut
797 641 1034 697 beanum,
1085 645 1132 689 et
1177 639 1395 689 dicentes
1442 638 1573 702 quod
1620 638 1829 701 ipsemet
1873 643 1947 686 est
1991 637 2265 700 hereticus,
2323 642 2371 684 et

222 731 352 796 quod
390 727 627 791 Theologi
665 728 714 776 in
753 725 951 775 Colonia
997 729 1111 774 sunt
1147 723 1376 776 Rusones,
1450 723 1628 772 Sancte
1677 722 1822 779 deuS,
1871 721 1987 784 quid
2026 720 2262 773 dehemus
2300 719 2409 769 di-.=‚

223 815 364 864 cere?
412 814 522 863 Non
571 818 644 862 est
680 825 911 875 magnum
950 807 1241 858 miraculum
1279 806 1409 871 quod
1448 821 1586 855 sacra
1626 805 1895 870 Theologia
1945 804 2089 854 debet
2116 805 2198 853 .ita
2235 819 2373 854 scan-

224 898 441 955 dalisari‚
490 902 538 946 et
587 895 760 945 haberi
798 910 889 959 pro
927 908 1024 942 una
1062 893 1321 947 frascaria‚
1373 897 1420 939 et
1457 889 1697 953 Theologi
1733 891 1818 954 qui
1856 895 1971 939 sunt
2007 890 2133 938 sicut
2169 886 2375 952 apostoli

224 984 330 1040 dei.
374 981 554 1031 debent
592 981 758 1044 sperni
796 978 934 1043 quasi
972 982 1134 1027 essent
1180 975 1342 1026 stulti?
1391 975 1610 1024 Credatis
1648 974 1766 1023 mihi
1804 974 2036 1029 firmiter,
2086 973 2215 1037 quod
2255 972 2376 1022 fides

224 1065 469 1117 Catholica
508 1064 708 1114 habebit
744 1078 973 1127 magnum
1022 1060 1203 1111 malum
1254 1059 1451 1117 exinde,
1503 1064 1550 1108 et
1597 1072 1688 1121 ego
1734 1059 1911 1114 timeo,
1960 1057 2090 1122 quod
2141 1058 2234 1106 erit
2282 1071 2375 1105 una
2438 1065 2440 1068 ’

226 1152 446 1200 confusio
484 1150 533 1198 in
572 1148 775 1198 ecclesia
815 1148 908 1197 dei.
984 1147 1139 1194 Etiam
1179 1145 1363 1202 dicunt,
1403 1144 1534 1208 quod
1573 1143 1799 1192 dominus
1837 1141 2133 1206 apostolicus
2171 1146 2243 1190 est
2281 1155 2370 1204 pro
2389 1155 2454 1190 ιι)Δ

226 1241 365 1300 parte
403 1234 632 1283 Iohannis
669 1231 935 1289 Reuchlin,
983 1232 1095 1294 quia
1133 1231 1240 1294 ipse
1279 1230 1423 1278 etiam
1463 1234 1535 1278 est
1571 1233 1716 1292 poeta
1755 1233 1805 1276 et
1842 1226 1970 1275 favet
2006 1226 2205 1275 iuristiS.
2281 1224 2375 1274 Sed

228 1327 387 1369 tamen
438 1333 582 1384 spero
632 1317 763 1380 quod
812 1332 898 1366 sua
937 1315 1312 1364 Sanctissimitas
1357 1311 1710 1362 illuminabitur
1755 1327 1847 1377 per
1894 1312 2101 1375 gratiam
2141 1309 2376 1373 Spiritus-

227 1405 406 1459 sancti‚
448 1408 495 1452 et
531 1416 629 1450 non
667 1400 802 1450 dabit
838 1399 1014 1449 malam
1052 1399 1359 1454 sententiam,

440 1486 570 1552 quod
608 1485 721 1534 velit
758 1485 985 1534 dominus
1023 1484 1143 1533 deus
1251 1484 1335 1545 qui
1371 1488 1543 1545 regnat
1580 1483 1629 1530 in
1668 1481 1813 1530 terris
1851 1486 1898 1530 et
1935 1495 2025 1544 per
2063 1479 2193 1544 celos

441 1577 488 1621 et
525 1585 610 1619 sua
649 1575 804 1619 mater
842 1570 976 1633 virgo
1015 1568 1194 1625 Maria,
1305 1582 1401 1630 que
1439 1566 1616 1616 liberet
1653 1581 1743 1615 nos
1780 1565 1840 1614 ab
1865 1566 1968 1627 *ista
2007 1565 2212 1629 poetria.
2397 1578 2436 1613 ιε

229 1658 401 1706 Datum
439 1655 607 1719 Rome.
1662 1650 1664 1653 ’

1275 1829 1327 1887 5.

647 1960 689 2006 (t
734 1948 1015 2006 Frater
1060 1945 1458 2006 Iohannes
1507 1943 1594 2004 de
1640 1943 1967 2006 Werdea

827 2059 1160 2127 Magistro
1199 2058 1491 2110 Ortvino
1530 2056 1772 2109 Gratio

228 2174 447 2225 Humiles
486 2179 533 2224 et
571 2174 768 2224 devotas
806 2173 1064 2223 Orationes
1103 2189 1213 2221 cuin
1262 2187 1524 2221 numerosa
1574 2170 1741 2221 salute.
1817 2170 2119 2220 Venerabilis
2164 2171 2254 2226 vir,
2293 2165 2437 2219 vosa'o'

229 2260 443 2309 scribitis
490 2259 612 2308 mihi
661 2259 791 2323 quod
839 2258 1086 2308 audivistis
1135 2257 1265 2321 quod
1317 2256 1471 2306 Causa
1520 2262 1680 2306 vestra
1728 2254 1855 2305 male
1903 2260 1998 2304 stat
2043 2261 2092 2304 et
2140 2254 2383 2304 Iohannes

229 2344 468 2394 Reuchlin
495 2343 753 2407 acquisivit
778 2358 924 2392 unam
964 2341 1305 2391 inhibitionem
1343 2339 1675 2406 apostolicam.
1750 2341 1811 2390 Et
1848 2339 2060 2389 scribitis
2098 2339 2214 2388 mihi
2253 2338 2382 2403 quod

229 2431 408 2478 timetis
445 2427 607 2486 valde,
658 2443 719 2477 ne
758 2427 959 2476 habebit
997 2426 1246 2474 victoriam
1288 2431 1458 2474 contra
1496 2424 1772 2489 Theologos
1811 2431 1859 2474 et
1897 2425 2263 2473 Sanctissimum
2304 2438 2382 2472 or·
2439 2454 2442 2455 ν

232 2514 392 2562 dinem
440 2519 688 2569 nostrum,
742 2517 789 2561 et
835 2517 1002 2576 postea
1054 2509 1462 2559 scandalizabitur
1514 2508 1720 2560 ecclesia
1771 2510 1863 2559 dei.
1939 2509 1979 2558 Ο
2018 2509 2205 2572 modice
2256 2508 2380 2565 fidei,

231 2597 373 2646 vultis
411 2613 517 2647 esse
542 2599 609 2646 ita
635 2596 943 2661 perterritus,
984 2595 1115 2658 quod
1145 2593 1287 2642 vultis
1313 2595 1473 2643 statim
1501 2595 1792 2658 desperare?
1830 2594 2014 2644 Tamen
2043 2592 2157 2642 olim
2186 2592 2435 2656 quandow

233 2683 300 2730 sui
348 2682 599 2730 vobiscum
644 2682 695 2729 in
735 2681 1018 2736 Daventria‚
1067 2694 1167 2727 non
1217 2679 1375 2728 fuistis
1420 2680 1488 2728 ita
1525 2681 1700 2737 timax,
1751 2678 1837 2728 sed
1874 2678 2112 2728 habuistis
2151 2692 2376 2742 magnam
2420 2682 2430 2709 ’ἑ

233 2766 500 2816 audaciam.
576 2766 697 2824 Quia
744 2766 845 2814 scio
884 2764 1044 2813 adhuc
1081 2763 1233 2821 bene,
1265 2764 1532 2828 'quomodo
1571 2762 1723 2813 semel
1761 2764 2075 2827 percussistis
2110 2761 2221 2812 illos
2262 2762 2384 2811 duos

232 2850 432 2907 beanoS,
471 2851 720 2899 venientes
758 2849 819 2898 ad
857 2863 941 2898 vos
979 2864 1092 2898 cum
1129 2847 1288 2910 longis
1326 2847 1522 2906 cultriS,
1576 2853 1625 2897 et
1673 2863 1757 2896 vos
1803 2863 1902 2896 non
1948 2847 2186 2897 habuistis
2233 2860 2381 2895 unum
2443 2889 2447 2892 .

233 2950 424 2984 armum
471 2950 558 2983 seu
605 2932 984 2983 defendiculum.
1060 2938 1107 2982 et
1152 2938 1317 2982 tamen
1364 2934 1675 2996 percussistis
1721 2948 1805 2982 eos
1854 2947 1966 2982 cum
2012 2931 2255 2980 adiutorio
2306 2930 2384 2979 dei

233 3018 430 3068 realiter
456 3034 570 3067 cum
597 3018 797 3075 effectu,
836 3020 900 3066 ita
922 3017 1071 3081 -quod
1111 3032 1238 3066 unus
1275 3031 1362 3080 pre
1402 3018 1576 3066 timore
1613 3018 1878 3081 perminxit
1914 3031 1982 3066 se.
2059 3015 2119 3063 Et
2156 2998 2437 3064 videruntao

234 3102 372 3150 multi
408 3103 633 3152 homines
670 3108 719 3152 et
756 3103 1008 3151 dixerunt:
1050 3101 1160 3151 ‘Per
1200 3101 1370 3158 deum,
1409 3102 1502 3150 iste
1541 3100 1769 3150 Ortvinus
1807 3100 1955 3150 habet
1991 3114 2224 3163 magnum
2264 3101 2380 3148 cor'.
2420 3104 2422 3107 ’

234 3187 330 3234 Vos
368 3187 555 3235 debetis
592 3187 717 3236 scire
756 3187 886 3250 quod
923 3186 1004 3234 hic
1039 3186 1090 3234 in
1129 3185 1274 3235 Curia
1310 3185 1531 3234 Romana
1569 3199 1667 3233 non
1707 3191 1779 3235 est
1826 3186 1951 3233 sicut
1987 3183 2127 3242 alibi,
2177 3189 2225 3233 et
2260 3184 2384 3233 sicut

234 3284 319 3319 vos
357 3272 559 3334 putatiS‚
609 3271 695 3319 sed
743 3286 872 3320 unus
909 3286 1006 3320 una
1043 3268 1147 3319 vice
1183 3270 1406 3319 lucratur
1445 3276 1492 3318 et
1529 3269 1620 3318 alia
1659 3270 1762 3318 vice
1801 3269 1977 3334 perdit.
2052 3268 2113 3317 Et
2148 3267 2263 3317 licet
2298 3265 2382 3315 ali·

236 3355 347 3416 quis
384 3353 532 3402 habet
570 3353 828 3416 aliquando
868 3356 990 3405 duas
1013 3355 1103 3404 -vel
1139 3360 1242 3404 tres
1282 3355 1551 3403 sententias
1588 3369 1680 3417 pro
1719 3369 1786 3410 se,
1826 3359 1989 3402 tamen
2028 3352 2188 3401 adhuc
2223 3353 2384 3415 potest

235 3437 445 3501 perdere
481 3436 630 3487 litem.
706 3439 801 3487 Sed
839 3440 1041 3503 potestis
1079 3439 1267 3489 dicere:
1320 3439 1465 3502 ‘Papa
1517 3439 1738 3502 permisit
1785 3438 1916 3503 quod
1954 3435 2217 3501 Speculum
2257 3434 2435 3493 Ocu-as

350 3590 362 3617 ¹
395 3591 646 3631 blanditias
668 3596 708 3631 5.
768 3591 784 3615 3
818 3592 1182 3633 Conscientiam:
1216 3597 1256 3634 4.
1337 3594 1386 3619 Μ
1418 3592 1723 3633 scandalizari
1745 3595 1785 3633 4.
1866 3592 1942 3645 qni
1964 3594 2004 3634 5.
2083 3590 2099 3616 ⁹
2130 3589 2267 3630 stulti.
2290 3591 2380 3631 4.5.

237 3661 377 3702 michi
399 3665 441 3704 5.
531 3659 563 3686 ¹¹
595 3661 884 3703 Ioan.reuch
916 3666 957 3703 5.
1046 3660 1130 3686 ¹2¹³
1162 3675 1238 3705 .SS.
1262 3666 1302 3703 5.
1344 3686 1349 3691 ·
1393 3661 1427 3688 ¹⁵
1460 3676 1546 3714 que
1578 3665 1616 3702 4.
1652 3676 1736 3715 que
1768 3666 1810 3704 5,
1899 3662 1981 3704 Ro.
2004 3664 2045 3701 5.

267 3775 271 3779 ⁶
317 3774 322 3778 ,
350 3729 384 3756 ¹⁸
414 3731 614 3786 Ioannes
644 3734 684 3771 5.
800 3731 982 3770 werdea
1013 3733 1052 3770 4.
1065 3734 1106 3773 5.
1223 3730 1257 3755 ¹⁹
1287 3732 1348 3774 M.
1371 3735 1411 3774 4.
1424 3736 1464 3772 5.
1581 3730 1618 3756 ²⁰
1648 3732 1825 3772 Umiles
1856 3735 1896 3774 5.
1928 3733 2077 3771 relicto
2108 3733 2199 3782 Ioco
2230 3729 2379 3780 adpin-
2420 3748 2423 3749 ⁷

233 3802 387 3853 ,qendoe
405 3801 465 3841 H.
542 3799 578 3826 ²¹
607 3799 748 3840 michi
769 3803 809 3841 5.
884 3800 979 3842 Ioa.
1002 3800 1155 3841 reuch.
1179 3804 1221 3840 5.
1277 3799 1314 3825 ²²
1345 3801 1484 3840 michi
1504 3805 1546 3841 5.
1622 3799 1659 3825 ²⁴
1690 3801 1797 3840 fidei
1827 3800 1966 3842 vultis
1987 3803 2028 3841 4.
2040 3805 2080 3841 5.
2158 3798 2194 3824 ²⁹
2224 3831 2235 3841 .
2258 3799 2319 3837 Et
2339 3795 2379 3838 4.

237 3869 273 3896 ³²
305 3870 438 3912 alibi:
473 3874 518 3910 et
549 3871 663 3911 sicut
693 3872 733 3911 4.
766 3871 880 3911 omis.
905 3874 946 3910 5.
1032 3868 1068 3894 ³³
1100 3901 1113 3912 .
1135 3869 1223 3910 Sed
1255 3873 1299 3910 4.
1555 3868 1560 3874 ’
