2456 4264
959 277 1180 308 votvmm
1202 278 1427 311 Tnn'rlvu.
2155 255 2234 314 53
2248 256 2269 313 l

118 409 256 462 salsa,
295 409 401 471 quia
436 408 603 456 mulier
637 424 730 457 non
767 412 939 471 gignit,
979 411 1059 458 sed
1096 413 1229 473 parit.
1303 411 1456 460 Placet
1491 412 1600 460 mihi
1637 427 1691 460 ex
1727 419 1856 475 parte
1891 412 1991 461 haec
2026 415 2279 475 responsio,

118 481 199 528 sed
236 487 384 528 tamen
420 486 574 527 manet
608 481 754 528 adhuc
790 496 909 528 unus
947 482 1215 545 scrupulus,
1263 496 1398 544 quem
1435 498 1539 530 mox
1585 483 1667 531 tibi
1713 484 1920 531 scribam.
1994 484 2049 531 Et
2086 486 2191 546 quia
2228 491 2279 531 tu

117 565 167 598 es
202 550 330 598 valde
366 550 643 599 scientificus
681 553 779 604 Vir,
826 559 935 615 peto
984 560 1050 606 te,
1102 560 1154 600 ut
1200 554 1308 600 mihi
1349 554 1546 608 scrihaS,
1590 556 1699 617 quid
1738 562 1785 602 tu
1826 556 2102 618 respondere
2139 555 2278 603 velles

0 637 13 697 f
116 622 173 670 ad
207 623 330 718 hunc
364 620 713 684 Syllogismum:
1989 643 1999 654 κ

0 703 3 717 ²
83 716 106 749 5
418 758 421 760 ‚
623 695 793 740 Asinus
829 694 966 742 habet
1001 695 1184 757 pedem,

625 764 692 811 Tu
729 765 870 812 habes
907 766 1094 827 pedem,

620 835 744 897 Ergo
782 842 833 883 tu
869 850 919 883 es
955 837 1138 884 Asinus.

112 906 209 968 Ego
246 914 362 970 puto
383 905 769 967 >distinguendum
808 921 909 954 esse
946 909 1067 954 inter
1101 908 1259 970 pedem
1297 909 1563 956 rationalem
1601 916 1647 956 et
1684 910 2006 958 irrationalem.
2080 910 2164 958 Sed
2204 925 2276 959 ex-

112 984 222 1041 peto
267 984 400 1026 tuum
444 977 672 1026 iudicium.
746 977 853 1024 Vale
901 980 1150 1026 amicorum
1197 980 1395 1031 cervale.
1443 987 1490 1025 et
1538 987 1742 1042 tempore
1779 981 1945 1042 AEgidii
1992 981 2181 1029 alacrem
2232 990 2276 1030 te

62 1071 99 1104 to
113 1055 307 1112 praesta,
353 1047 528 1096 interea
570 1063 678 1097 vero
727 1063 800 1096 me
845 1051 1159 1098 recommenda
1205 1052 1325 1112 apud
1361 1049 1771 1112 Theologissimum
1811 1060 2006 1099 vestrum
2043 1053 2274 1105 Abbatem.

111 1127 167 1168 ut
200 1134 272 1168 me
306 1120 430 1168 velit
453 1134 722 1183 promovere
757 1121 811 1168 ad
850 1120 1138 1183 pinguiorem
1176 1122 1402 1174 officium,
1450 1136 1554 1169 nam
1591 1130 1636 1168 et
1674 1125 1712 1169 si
1751 1138 1875 1170 suam
1902 1123 2166 1185 Scholirega
2191 1139 2274 1187 pro

111 1205 248 1245 nunc;
283 1198 436 1240 tamen
473 1207 566 1240 non
605 1192 752 1240 habeo
789 1193 892 1239 inde
930 1192 1124 1239 multum
1161 1195 1357 1240 interere
1396 1200 1442 1240 et
1478 1193 1702 1240 mordere.

2 460 9 475 ‚

0 495 12 563 ἱ

1158 1399 1238 1453 12.

0 1565 15 1589 „-
195 1573 204 1581 ,
370 1484 495 1571 Hanc
530 1503 779 1585 Epistolam
817 1520 1054 1583 discipulis
1091 1521 1188 1567 suis
1226 1520 1485 1568 imitandam
1522 1522 1822 1583 proposuisse
1860 1522 2008 1569 fertur

0 1593 8 1656 l
54 1638 93 1672 15
760 1593 1055 1669 Magister
1092 1595 1316 1653 Petrus
1352 1602 1622 1669 ZepffeL

968 1692 1080 1739 alias
1117 1690 1406 1739 Hiltebrandt

0 1525 9 1534 ι
0 1493 11 1512 n
0 1459 7 1484 ⁷·-
0 1425 9 1440 v
0 1285 15 1380 vy*-
0 1037 12 1277 r-up—-w--r
11 983 17 986 Ι

0 1823 12 1849 ,
922 1793 1008 1840 pro
1045 1792 1166 1825 nunc
1203 1778 1466 1826 didascalon

0 1850 9 1947 ξ
586 1867 633 1912 in
669 1864 868 1913 Ecclesia
904 1863 1149 1925 collegiato
1187 1863 1330 1911 sancti
1368 1863 1536 1926 Sysridi
1574 1864 1782 1917 Metensi.

0 1951 7 2011 Ι
727 1951 912 1998 discreti
952 1963 1035 1997 nec
1071 1964 1163 1996 non
1202 1949 1453 1996 scientifico
1495 1952 1655 1997 iuveno

0 2040 10 2112 ξ
52 2063 96 2096 20
892 2032 1149 2083 Alexius
1187 2032 1267 2097 de,
1295 2032 1492 2082 Mentz

813 2123 955 2169 amico
994 2122 1314 2169 maximissime
1350 2121 1572 2168 adamato.

226 2237 451 2286 Salutem
488 2252 634 2286 meam
672 2244 889 2300 apertam.
964 2236 1135 2284 Dilecte
1173 2237 1295 2283 socie
1322 2236 1602 2287 charissime,
1640 2249 1726 2297 ego
1753 2237 1884 2283 mitto
1912 2243 1956 2283 te
1981 2235 2111 2288 scire,
2151 2237 2272 2298 quod

105 2324 194 2381 ego
230 2324 380 2374 nuper
414 2310 571 2358 insteti
607 2324 692 2373 pro
732 2324 823 2356 uno
871 2308 1222 2371 gubernamine,
1269 2314 1315 2353 et
1360 2321 1412 2353 ex
1449 2307 1522 2353 Dei
1573 2309 1719 2368 gratia
1767 2307 1913 2355 sactus
1960 2322 2059 2354 sum
2098 2306 2271 2356 Scholi-

106 2384 216 2445 rega'
239 2381 454 2431 Ecclesiae
491 2382 747 2444 collegiatae
783 2382 925 2427 sancti
955 2379 1123 2443 Syl'ridi
1162 2379 1350 2425 Metensi
1389 2385 1434 2424 et
1474 2378 1586 2425 bene
1626 2386 1713 2431 sto,
1753 2379 1857 2440 quia
1895 2379 2037 2426 habeo
2075 2378 2269 2426 multum

0 2483 2 2486 -
46 2452 344 2502 &scholares
383 2460 432 2502 et
467 2469 633 2518 parvus
671 2461 717 2500 et
754 2467 971 2514 magnus,
1011 2464 1235 2514 pauperes
1274 2464 1374 2497 cum
1412 2450 1589 2502 divitis:
1629 2464 1715 2511 ego
1754 2449 1913 2497 vellem
1953 2450 2072 2512 quod
2112 2457 2159 2497 tu
2198 2465 2271 2497 ve·

104 2527 229 2574 neris
266 2525 388 2589 apud
424 2540 534 2577 nos,
572 2526 679 2587 quia
716 2538 878 2587 posses
918 2537 1091 2571 mecum
1129 2522 1322 2569 multum
1361 2521 1603 2583 prodesse,
1651 2536 1737 2583 ego
1777 2520 1936 2568 vellem
1975 2521 2271 2584 singulariter

103 2597 225 2660 apud
261 2604 308 2644 te
345 2603 604 2660 respectum
642 2596 832 2648 habere,
880 2602 927 2642 et
973 2594 1131 2641 vellem
1182 2602 1226 2640 te
1263 2593 1438 2639 discere
1476 2592 1673 2640 casualia
1710 2599 1754 2639 ct
1794 2592 2108 2660 temporalia,
2137 2599 2182 2640 et
2221 2600 2269 2641 tu

103 2678 268 2736 posses
305 2669 444 2716 etiam
481 2683 506 2715 a
543 2682 614 2715 me
653 2669 817 2715 docere
856 2667 1003 2714 facere
1042 2679 1221 2717 versos,
1271 2666 1373 2726 quia
1423 2666 1594 2726 incepsi
1649 2665 1908 2726 nuperrime
1948 2651 2128 2712 tertiam
2165 2680 2268 2727 pars

102 2739 367 2793 Alexandri,
413 2746 462 2788 et
508 2754 608 2787 sum
658 2755 683 2787 a
730 2740 926 2802 primum
975 2738 1034 2785 ibi
1075 2738 1338 2784 ‘Distinxere
1378 2735 1542 2797 pedes'.
1618 2734 1831 2798 Discipuli
1871 2737 1956 2782 iam
1995 2736 2080 2782 mei
2119 2738 2268 2783 sciunt

45 2810 330 2860 aorabricare
364 2825 536 2860 versos.
609 2811 733 2859 Unus
771 2810 880 2859 haeri
918 2816 1130 2872 apportat
1168 2808 1274 2854 mihi
1316 2822 1453 2854 unum
1492 2807 1685 2859 bonum
1725 2806 1922 2854 scilicet:

5 2882 8 2886 ’
513 2882 566 2930 ‘0
600 2884 867 2931 intemerata
904 2896 1036 2929 mons
1072 2894 1213 2942 super
1249 2878 1408 2942 sydera
1448 2877 1622 2930 serres:

102 2955 214 3003 item
249 2953 367 3003 alter

214 3122 264 3151 Μ
295 3121 471 3179 expedo
501 3122 599 3164 edd.
617 3135 715 3176 prr.
807 3120 817 3147 ¹
850 3118 998 3176 suam]
1027 3134 1111 3174 pro
1142 3119 1242 3160 sim.
1332 3115 1367 3144 ¹¹
1397 3118 1620 3159 interi-ero
1651 3117 1750 3161 edd.
1771 3130 1806 3159 s.
1829 3131 1870 3158 a.

217 3192 253 3222 ¹⁸
280 3194 398 3237 Haec
437 3192 636 3249 epistola
666 3192 775 3246 (12.)
806 3191 1046 3247 desumpta
1086 3194 1156 3233 est
1196 3203 1251 3232 ex
1281 3188 1443 3231 Iacobi
1474 3187 1707 3230 Hartliebi
1738 3187 2045 3231 Landoiensis
2075 3189 2146 3230 De
2179 3188 2267 3231 fide

100 3267 396 3312 meretricum
426 3265 696 3318 Quaestione
734 3262 1073 3319 quodlibetaria
1104 3259 1515 3313 Heidelbergensi,
1557 3259 1757 3314 repetita
1797 3273 1825 3301 a
1854 3259 1907 3301 F.
1937 3258 2147 3302 Zarncke
2178 3259 2267 3301 Die
2356 3310 2361 3317 ι

99 3337 370 3383 Deutschen
387 3335 555 3379 Univv.
586 3336 649 3378 im
668 3334 771 3377 MA.
794 3335 907 3389 Lpz.
935 3333 1057 3377 1857.
1078 3331 1137 3377 8⁰.
1168 3346 1212 3387 p.
1236 3330 1305 3372 78.
1336 3333 1390 3373 In
1420 3343 1516 3385 sqq.
1551 3330 1726 3372 adnott.
1751 3333 1791 3369 Z.
1820 3329 1941 3372 hanc
1971 3331 2268 3385 quaestionem

99 3408 354 3468 significat.
444 3406 478 3434 ¹⁸
509 3406 760 3461 collegiato
790 3407 890 3448 edd.
977 3401 1192 3458 Metensi]
1224 3402 1550 3458 Argentinensi
1583 3406 1622 3441 Ζ.
1713 3400 1747 3428 ¹⁹
1779 3401 1944 3444 iuvene
1978 3405 2016 3440 Ζ.
2096 3399 2134 3428 ²⁰
2163 3400 2266 3443 Ale-

100 3483 203 3527 xius
238 3480 298 3524 de
325 3481 495 3523 Mentz.
520 3482 560 3518 Z.
596 3477 750 3519 Meniz
781 3478 848 3518 ed.
879 3490 920 3518 a.
946 3478 1069 3518 1689.
1099 3475 1272 3517 Menitz
1303 3474 1401 3518 edd.
1421 3487 1456 3519 a.
1478 3487 1520 3515 a.
1636 3470 1672 3499 ²²
1703 3473 1976 3527 appertiam.
2009 3472 2194 3515 Delicte
2228 3476 2267 3512 Ζ.

97 3549 138 3584 ²⁸
165 3554 367 3610 gratiam
399 3554 439 3590 Z.
554 3547 591 3575 ²⁴
622 3548 876 3603 colligiatae
907 3548 1005 3589 edd.
1027 3561 1063 3589 ε.
1084 3561 1125 3591 α.
1244 3544 1429 3599 Syfrydi
1469 3545 1567 3590 edd.
1597 3557 1632 3587 s.
1663 3558 1704 3588 a.
1819 3541 1856 3570 ²⁴
1885 3542 2015 3598 Met]
2053 3543 2264 3598 Argenti-

100 3626 235 3669 nemi
266 3626 308 3662 Ζ.
390 3620 430 3647 ²⁵
461 3625 509 3663 et
537 3626 635 3663 ante
664 3632 794 3675 ραν.
825 3631 903 3661 om.
935 3611 982 3657 Ζ.’
1062 3617 1100 3645 ²⁷
1130 3629 1250 3672 resp.
1283 3629 1357 3671 ap.
1389 3619 1435 3657 te
1469 3615 1506 3650 Ζ·
1596 3614 1683 3643 ²²²⁸
1714 3628 1819 3671 nup.
1843 3615 1933 3657 inc.
1959 3618 1997 3652 Z·
2086 3615 2262 3656 discere

101 3704 145 3740 et
174 3695 362 3744 docere,
394 3697 543 3736 lernen
573 3696 621 3734 et.
656 3691 802 3733 lekren
831 3689 941 3732 olim
971 3689 1196 3745 pomiscui
1227 3700 1335 3730 usus
1373 3687 1579 3739 fuerunt,
1620 3687 1702 3730 sed
1733 3687 1777 3729 h.
1800 3686 1829 3729 1.
1863 3685 2118 3728 scurriliter
2156 3697 2259 3726 con-

101 3766 224 3812 salto
254 3768 587 3823 permutantur.
682 3762 720 3791 ²⁹
749 3759 1014 3816 Alexandri]
1048 3759 1241 3815 capituli
1272 3759 1328 3801 X.
1353 3758 1410 3802 de
1442 3762 1703 3814 quantitate
1736 3757 1954 3813 syllabsr.
1979 3756 2103 3797 v.l2.
2128 3754 2261 3806 „Dis-

103 3839 282 3882 tinxere
311 3838 455 3894 pedes
486 3836 678 3891 antiqua
699 3837 916 3891 poemata.
945 3832 1142 3889 plures”.
1204 3830 1434 3887 Discipuli
1465 3831 1556 3874 mei
1587 3833 1679 3873 iam
1712 3828 1752 3869 2.
1860 3828 1898 3855 ³⁰
1927 3827 2040 3869 haeri
2069 3826 2131 3866 sic
2161 3826 2258 3867 edd.

100 3908 136 3937 ⁸¹
167 3908 327 3965 ferret]
362 3922 554 3953 vetuere
578 3911 618 3946 Z·
648 3914 692 3950 et
719 3908 798 3949 hoc
826 3918 1017 3949 vetuere
1048 3904 1293 3947 conveniret
1319 3905 1359 3945 si
1381 3917 1494 3957 puer
1522 3905 1716 3945 voluisset
1748 3903 1942 3941 montem
1973 3898 2259 3939 intemeratae

1785 3968 1895 4025 34*
