<?xml version="1.0" encoding="UTF-8"?>
<!DOCTYPE html PUBLIC "-//W3C//DTD XHTML 1.0 Transitional//EN"
    "http://www.w3.org/TR/xhtml1/DTD/xhtml1-transitional.dtd">
<html xmlns="http://www.w3.org/1999/xhtml" xml:lang="en" lang="en">
 <head>
  <title>
</title>
<meta http-equiv="Content-Type" content="text/html;charset=utf-8" />
  <meta name='ocr-system' content='tesseract 3.04.00' />
  <meta name='ocr-capabilities' content='ocr_page ocr_carea ocr_par ocr_line ocrx_word'/>
</head>
<body>
  <div class='ocr_page' id='page_1' title='image "./supoperaquaerepe01huttuoft_0583.png"; bbox 0 0 2456 4264; ppageno 0'>
   <div class='ocr_carea' id='block_1_1' title="bbox 788 217 2278 272">
    <p class='ocr_par' dir='ltr' id='par_1_1' title="bbox 788 217 2278 272">
     <span class='ocr_line' id='line_1_1' title="bbox 788 217 2278 272; baseline 0.006 -12"><span class='ocrx_word' id='word_1_1' title='bbox 788 230 1008 262; x_wconf 58' lang='lat' dir='ltr'><strong>anm-:nna</strong></span> <span class='ocrx_word' id='word_1_2' title='bbox 1027 233 1088 262; x_wconf 78' lang='lat' dir='ltr'><strong>AD</strong></span> <span class='ocrx_word' id='word_1_3' title='bbox 1110 233 1315 264; x_wconf 67' lang='lat' dir='ltr'><strong>avr-ram</strong></span> <span class='ocrx_word' id='word_1_4' title='bbox 1340 234 1439 266; x_wconf 63' lang='grc' dir='ltr'><strong>οτι».</strong></span> <span class='ocrx_word' id='word_1_5' title='bbox 1462 236 1565 265; x_wconf 79' lang='lat' dir='ltr'><strong>vot..</strong></span> <span class='ocrx_word' id='word_1_6' title='bbox 1591 237 1623 267; x_wconf 88' lang='lat'><strong>1.</strong></span> <span class='ocrx_word' id='word_1_7' title='bbox 2245 217 2278 272; x_wconf 83' lang='lat'><strong>7</strong></span> 
     </span>
    </p>
   </div>
   <div class='ocr_carea' id='block_1_2' title="bbox 133 353 2283 566">
    <p class='ocr_par' dir='ltr' id='par_1_2' title="bbox 133 353 2283 566">
     <span class='ocr_line' id='line_1_2' title="bbox 135 353 2283 434; baseline 0.006 -27"><span class='ocrx_word' id='word_1_8' title='bbox 135 353 306 419; x_wconf 78' lang='grc' dir='ltr'><strong><em>νοὶλιος</em></strong></span> <span class='ocrx_word' id='word_1_9' title='bbox 336 358 647 424; x_wconf 82' lang='grc' dir='ltr'><strong><em>σηδουναίων</em></strong></span> <span class='ocrx_word' id='word_1_10' title='bbox 681 355 787 411; x_wconf 82' lang='grc' dir='ltr'><strong><em>εἷπε</em></strong></span> <span class='ocrx_word' id='word_1_11' title='bbox 821 355 946 425; x_wconf 82' lang='grc' dir='ltr'><strong><em>πρὸς</em></strong></span> <span class='ocrx_word' id='word_1_12' title='bbox 982 359 1064 427; x_wconf 78' lang='grc' dir='ltr'><strong>ἐμὲ</strong></span> <span class='ocrx_word' id='word_1_13' title='bbox 1085 354 1200 428; x_wconf 68' lang='grc' dir='ltr'><strong>ἄγχι</strong></span> <span class='ocrx_word' id='word_1_14' title='bbox 1233 357 1364 427; x_wconf 74' lang='grc' dir='ltr'><em>σχὼν</em></span> <span class='ocrx_word' id='word_1_15' title='bbox 1399 360 1648 431; x_wconf 79' lang='grc' dir='ltr'><strong><em>κεφαλήν,</em></strong></span> <span class='ocrx_word' id='word_1_16' title='bbox 1689 377 1810 417; x_wconf 84' lang='lat' dir='ltr'><strong>‘cura</strong></span> <span class='ocrx_word' id='word_1_17' title='bbox 1847 378 1898 418; x_wconf 81' lang='lat' dir='ltr'><strong>ut</strong></span> <span class='ocrx_word' id='word_1_18' title='bbox 1934 378 2165 432; x_wconf 77' lang='lat' dir='ltr'><strong>prematur</strong></span> <span class='ocrx_word' id='word_1_19' title='bbox 2202 388 2283 434; x_wconf 88' lang='lat' dir='ltr'><strong>per</strong></span> 
     </span>
     <span class='ocr_line' id='line_1_3' title="bbox 133 433 2283 501; baseline 0.005 -21"><span class='ocrx_word' id='word_1_20' title='bbox 133 433 435 481; x_wconf 80' lang='lat' dir='ltr'><strong>Frobenium&#39;.</strong></span> <span class='ocrx_word' id='word_1_21' title='bbox 506 435 604 484; x_wconf 82' lang='lat' dir='ltr'><strong>Hoc</strong></span> <span class='ocrx_word' id='word_1_22' title='bbox 640 438 781 497; x_wconf 84' lang='lat' dir='ltr'><strong>igitur</strong></span> <span class='ocrx_word' id='word_1_23' title='bbox 817 436 892 484; x_wconf 89' lang='lat' dir='ltr'><strong>uhi</strong></span> <span class='ocrx_word' id='word_1_24' title='bbox 932 438 1261 500; x_wconf 79' lang='lat' dir='ltr'><strong>aliquantisper</strong></span> <span class='ocrx_word' id='word_1_25' title='bbox 1296 439 1641 501; x_wconf 83' lang='lat' dir='ltr'><strong>repurgabitur,</strong></span> <span class='ocrx_word' id='word_1_26' title='bbox 1691 441 1769 488; x_wconf 79' lang='lat' dir='ltr'><strong>tibi</strong></span> <span class='ocrx_word' id='word_1_27' title='bbox 1808 442 2037 489; x_wconf 78' lang='lat' dir='ltr'><strong>mittetur:</strong></span> <span class='ocrx_word' id='word_1_28' title='bbox 2085 443 2187 491; x_wconf 89' lang='lat' dir='ltr'><strong>inde</strong></span> <span class='ocrx_word' id='word_1_29' title='bbox 2232 450 2283 491; x_wconf 84' lang='lat' dir='ltr'><strong>tu</strong></span> 
     </span>
     <span class='ocr_line' id='line_1_4' title="bbox 134 503 1949 566; baseline 0.004 -14"><span class='ocrx_word' id='word_1_30' title='bbox 134 504 274 553; x_wconf 78' lang='lat' dir='ltr'><strong>facies</strong></span> <span class='ocrx_word' id='word_1_31' title='bbox 311 506 462 552; x_wconf 87' lang='lat' dir='ltr'><strong>omnia</strong></span> <span class='ocrx_word' id='word_1_32' title='bbox 492 506 738 555; x_wconf 75' lang='lat' dir='ltr'><strong>arbitratu.</strong></span> <span class='ocrx_word' id='word_1_33' title='bbox 810 508 997 566; x_wconf 82' lang='lat' dir='ltr'><strong>Quidam</strong></span> <span class='ocrx_word' id='word_1_34' title='bbox 1037 509 1148 555; x_wconf 82' lang='lat' dir='ltr'><strong>dixit</strong></span> <span class='ocrx_word' id='word_1_35' title='bbox 1183 508 1383 556; x_wconf 84' lang='lat' dir='ltr'><strong>Sandero</strong></span> <span class='ocrx_word' id='word_1_36' title='bbox 1422 524 1522 556; x_wconf 89' lang='lat' dir='ltr'><strong>esse</strong></span> <span class='ocrx_word' id='word_1_37' title='bbox 1558 511 1743 559; x_wconf 76' lang='lat' dir='ltr'><strong>Hutteni</strong></span> <span class='ocrx_word' id='word_1_38' title='bbox 1783 549 1793 558; x_wconf 93' lang='lat'><strong>.</strong></span> <span class='ocrx_word' id='word_1_39' title='bbox 1832 549 1843 559; x_wconf 91' lang='lat'><strong>.</strong></span> <span class='ocrx_word' id='word_1_40' title='bbox 1886 503 1896 559; x_wconf 69' lang='grc' dir='ltr'><em>ζ</em></span> <span class='ocrx_word' id='word_1_41' title='bbox 1940 550 1949 558; x_wconf 93' lang='grc'><strong>.</strong></span> 
     </span>
    </p>
   </div>
   <div class='ocr_carea' id='block_1_3' title="bbox 135 625 2281 686">
    <p class='ocr_par' dir='ltr' id='par_1_3' title="bbox 135 625 2281 686">
     <span class='ocr_line' id='line_1_5' title="bbox 135 625 2281 686; baseline 0.006 -17"><span class='ocrx_word' id='word_1_42' title='bbox 135 625 252 682; x_wconf 75' lang='grc' dir='ltr'><strong>ΟΧ*.</strong></span> <span class='ocrx_word' id='word_1_43' title='bbox 289 627 362 670; x_wconf 79' lang='lat' dir='ltr'><strong>Ex</strong></span> <span class='ocrx_word' id='word_1_44' title='bbox 388 629 568 672; x_wconf 85' lang='lat' dir='ltr'><strong>inedita</strong></span> <span class='ocrx_word' id='word_1_45' title='bbox 599 632 804 686; x_wconf 72' lang='lat' dir='ltr'><strong>epistula</strong></span> <span class='ocrx_word' id='word_1_46' title='bbox 831 632 1043 674; x_wconf 85' lang='lat' dir='ltr'>biblioth.</span> <span class='ocrx_word' id='word_1_47' title='bbox 1076 632 1448 685; x_wconf 85' lang='lat' dir='ltr'><strong>Sletstadiensis,</strong></span> <span class='ocrx_word' id='word_1_48' title='bbox 1489 634 1599 676; x_wconf 85' lang='lat' dir='ltr'><strong>data</strong></span> <span class='ocrx_word' id='word_1_49' title='bbox 1632 636 1744 679; x_wconf 80' lang='lat' dir='ltr'><strong>‘v11.</strong></span> <span class='ocrx_word' id='word_1_50' title='bbox 1775 636 1884 678; x_wconf 86' lang='lat' dir='ltr'><strong>Idus</strong></span> <span class='ocrx_word' id='word_1_51' title='bbox 1913 637 2049 679; x_wconf 83' lang='lat' dir='ltr'><strong>Mart.</strong></span> <span class='ocrx_word' id='word_1_52' title='bbox 2084 651 2125 681; x_wconf 92' lang='lat' dir='ltr'><strong>a.</strong></span> <span class='ocrx_word' id='word_1_53' title='bbox 2158 637 2281 681; x_wconf 83' lang='lat'><strong>1519.</strong></span> 
     </span>
    </p>
   </div>
   <div class='ocr_carea' id='block_1_4' title="bbox 81 697 2280 842">
    <p class='ocr_par' dir='ltr' id='par_1_4' title="bbox 81 697 2280 842">
     <span class='ocr_line' id='line_1_6' title="bbox 81 697 2280 756; baseline 0.005 -14"><span class='ocrx_word' id='word_1_54' title='bbox 81 713 103 746; x_wconf 86' lang='lat'><strong>5</strong></span> <span class='ocrx_word' id='word_1_55' title='bbox 131 713 188 751; x_wconf 66' lang='lat' dir='ltr'><strong>en</strong></span> <span class='ocrx_word' id='word_1_56' title='bbox 207 697 396 756; x_wconf 78' lang='lat' dir='ltr'><strong>Tiguro’</strong></span> <span class='ocrx_word' id='word_1_57' title='bbox 427 700 753 744; x_wconf 86' lang='lat' dir='ltr'><strong>humanissime</strong></span> <span class='ocrx_word' id='word_1_58' title='bbox 784 716 960 745; x_wconf 89' lang='lat' dir='ltr'><strong>mecum</strong></span> <span class='ocrx_word' id='word_1_59' title='bbox 993 705 1346 746; x_wconf 83' lang='lat' dir='ltr'><strong>communicavit</strong></span> <span class='ocrx_word' id='word_1_60' title='bbox 1376 718 1471 750; x_wconf 89' lang='lat' dir='ltr'><strong>rev.</strong></span> <span class='ocrx_word' id='word_1_61' title='bbox 1501 706 1572 747; x_wconf 84' lang='lat' dir='ltr'><strong>vir</strong></span> <span class='ocrx_word' id='word_1_62' title='bbox 1600 706 1696 749; x_wconf 92' lang='lat' dir='ltr'><strong>Ioh.</strong></span> <span class='ocrx_word' id='word_1_63' title='bbox 1732 706 1850 751; x_wconf 88' lang='lat' dir='ltr'><strong>Guil.</strong></span> <span class='ocrx_word' id='word_1_64' title='bbox 1883 708 2029 750; x_wconf 91' lang='lat' dir='ltr'><strong>Baum</strong></span> <span class='ocrx_word' id='word_1_65' title='bbox 2059 708 2201 751; x_wconf 87' lang='lat' dir='ltr'><strong>theol.</strong></span> <span class='ocrx_word' id='word_1_66' title='bbox 2224 710 2280 754; x_wconf 88' lang='lat' dir='ltr'><strong>D.</strong></span> 
     </span>
     <span class='ocr_line' id='line_1_7' title="bbox 132 771 782 842; baseline 0.002 -28"><span class='ocrx_word' id='word_1_67' title='bbox 132 775 180 814; x_wconf 81' lang='lat' dir='ltr'><strong>et</strong></span> <span class='ocrx_word' id='word_1_68' title='bbox 205 771 327 842; x_wconf 76' lang='lat' dir='ltr'><strong>prof.</strong></span> <span class='ocrx_word' id='word_1_69' title='bbox 357 771 782 830; x_wconf 67' lang='lat' dir='ltr'><strong>Argentoratensis.</strong></span> 
     </span>
    </p>
   </div>
   <div class='ocr_carea' id='block_1_5' title="bbox 104 898 2283 1035">
    <p class='ocr_par' dir='ltr' id='par_1_5' title="bbox 104 898 2283 1035">
     <span class='ocr_line' id='line_1_8' title="bbox 104 898 2283 959; baseline 0.003 -16"><span class='ocrx_word' id='word_1_70' title='bbox 104 924 109 927; x_wconf 28' lang='grc' dir='ltr'><strong>Δ</strong></span> <span class='ocrx_word' id='word_1_71' title='bbox 156 898 295 946; x_wconf 61' lang='lat'><strong>³02¹.</strong></span> <span class='ocrx_word' id='word_1_72' title='bbox 304 899 337 943; x_wconf 83' lang='lat' dir='ltr'><strong>i.</strong></span> <span class='ocrx_word' id='word_1_73' title='bbox 350 915 391 944; x_wconf 91' lang='lat' dir='ltr'><strong>e.</strong></span> <span class='ocrx_word' id='word_1_74' title='bbox 413 901 478 943; x_wconf 85' lang='lat' dir='ltr'><strong>‘in</strong></span> <span class='ocrx_word' id='word_1_75' title='bbox 498 901 786 944; x_wconf 78' lang='lat' dir='ltr'><strong>sacerdotem</strong></span> <span class='ocrx_word' id='word_1_76' title='bbox 798 901 1009 957; x_wconf 83' lang='lat' dir='ltr'><strong>(papam)</strong></span> <span class='ocrx_word' id='word_1_77' title='bbox 1033 907 1079 944; x_wconf 91' lang='lat' dir='ltr'><strong>et</strong></span> <span class='ocrx_word' id='word_1_78' title='bbox 1100 904 1147 944; x_wconf 92' lang='lat' dir='ltr'><strong>in</strong></span> <span class='ocrx_word' id='word_1_79' title='bbox 1170 904 1429 946; x_wconf 81' lang='lat' dir='ltr'><strong>cardinales</strong></span> <span class='ocrx_word' id='word_1_80' title='bbox 1452 907 1633 959; x_wconf 80' lang='lat' dir='ltr'><strong>argenti</strong></span> <span class='ocrx_word' id='word_1_81' title='bbox 1656 907 2009 949; x_wconf 87' lang='lat' dir='ltr'><strong>amantissimos.</strong></span> <span class='ocrx_word' id='word_1_82' title='bbox 2033 907 2283 950; x_wconf 85' lang='lat' dir='ltr'><strong>cardinalis</strong></span> 
     </span>
     <span class='ocr_line' id='line_1_9' title="bbox 124 970 2280 1035; baseline 0.003 -21"><span class='ocrx_word' id='word_1_83' title='bbox 124 975 284 1035; x_wconf 8' lang='lat' dir='ltr'><strong>&#39;autem</strong></span> <span class='ocrx_word' id='word_1_84' title='bbox 313 971 591 1016; x_wconf 80' lang='lat' dir='ltr'><strong>Sedunensis</strong></span> <span class='ocrx_word' id='word_1_85' title='bbox 624 970 893 1027; x_wconf 85' lang='lat' dir='ltr'><strong>[Matthaeus</strong></span> <span class='ocrx_word' id='word_1_86' title='bbox 915 972 1158 1027; x_wconf 88' lang='lat' dir='ltr'><strong>Schinner]</strong></span> <span class='ocrx_word' id='word_1_87' title='bbox 1195 974 1310 1015; x_wconf 83' lang='lat' dir='ltr'><strong>dixit</strong></span> <span class='ocrx_word' id='word_1_88' title='bbox 1340 975 1451 1016; x_wconf 91' lang='lat' dir='ltr'><strong>mihi</strong></span> <span class='ocrx_word' id='word_1_89' title='bbox 1482 989 1621 1030; x_wconf 86' lang='lat' dir='ltr'><strong>prope</strong></span> <span class='ocrx_word' id='word_1_90' title='bbox 1655 977 1835 1019; x_wconf 91' lang='lat' dir='ltr'><strong>admoto</strong></span> <span class='ocrx_word' id='word_1_91' title='bbox 1866 979 2051 1032; x_wconf 60' lang='lat' dir='ltr'><strong>capite)</strong></span> <span class='ocrx_word' id='word_1_92' title='bbox 2090 978 2144 1019; x_wconf 88' lang='lat' dir='ltr'><strong>In</strong></span> <span class='ocrx_word' id='word_1_93' title='bbox 2173 992 2280 1033; x_wconf 89' lang='lat' dir='ltr'><strong>apo-</strong></span> 
     </span>
    </p>
   </div>
   <div class='ocr_carea' id='block_1_6' title="bbox 128 1042 2281 1102">
    <p class='ocr_par' dir='ltr' id='par_1_6' title="bbox 128 1042 2281 1102">
     <span class='ocr_line' id='line_1_10' title="bbox 128 1042 2281 1102; baseline 0.002 -16"><span class='ocrx_word' id='word_1_94' title='bbox 128 1043 305 1099; x_wconf 81' lang='lat' dir='ltr'><strong>grapho</strong></span> <span class='ocrx_word' id='word_1_95' title='bbox 334 1044 448 1086; x_wconf 84' lang='lat' dir='ltr'><strong>mihi</strong></span> <span class='ocrx_word' id='word_1_96' title='bbox 477 1045 748 1087; x_wconf 80' lang='lat' dir='ltr'><strong>transmisso</strong></span> <span class='ocrx_word' id='word_1_97' title='bbox 770 1043 936 1086; x_wconf 86' lang='lat' dir='ltr'><strong>Graeca</strong></span> <span class='ocrx_word' id='word_1_98' title='bbox 967 1045 1036 1085; x_wconf 88' lang='lat' dir='ltr'><strong>sic</strong></span> <span class='ocrx_word' id='word_1_99' title='bbox 1067 1046 1243 1099; x_wconf 83' lang='lat' dir='ltr'><strong>scripta</strong></span> <span class='ocrx_word' id='word_1_100' title='bbox 1274 1049 1406 1086; x_wconf 85' lang='lat' dir='ltr'><strong>sunt:</strong></span> <span class='ocrx_word' id='word_1_101' title='bbox 1439 1060 1560 1087; x_wconf 82' lang='grc' dir='ltr'><strong>κατα</strong></span> <span class='ocrx_word' id='word_1_102' title='bbox 1590 1060 1675 1088; x_wconf 86' lang='grc' dir='ltr'><strong>του</strong></span> <span class='ocrx_word' id='word_1_103' title='bbox 1706 1042 1855 1100; x_wconf 83' lang='grc' dir='ltr'><strong><em>ἷερεος</em></strong></span> <span class='ocrx_word' id='word_1_104' title='bbox 1884 1044 1966 1090; x_wconf 74' lang='grc' dir='ltr'><strong>καὶ</strong></span> <span class='ocrx_word' id='word_1_105' title='bbox 1996 1047 2089 1091; x_wconf 78' lang='grc' dir='ltr'><strong>ταῖν</strong></span> <span class='ocrx_word' id='word_1_106' title='bbox 2119 1047 2281 1102; x_wconf 76' lang='grc' dir='ltr'><strong><em>καρδι-</em></strong></span> 
     </span>
    </p>
   </div>
   <div class='ocr_carea' id='block_1_7' title="bbox 127 1107 2280 1243">
    <p class='ocr_par' dir='ltr' id='par_1_7' title="bbox 127 1107 2280 1243">
     <span class='ocr_line' id='line_1_11' title="bbox 127 1107 2280 1175; baseline 0.001 -18"><span class='ocrx_word' id='word_1_107' title='bbox 127 1115 308 1159; x_wconf 68' lang='grc' dir='ltr'><strong><em>ναλϊων</em></strong></span> <span class='ocrx_word' id='word_1_108' title='bbox 325 1107 767 1171; x_wconf 71' lang='grc' dir='ltr'><strong>ἅργυροφιλτοῖτων.</strong></span> <span class='ocrx_word' id='word_1_109' title='bbox 800 1107 825 1156; x_wconf 87' lang='grc' dir='ltr'><strong><em>ὁ</em></strong></span> <span class='ocrx_word' id='word_1_110' title='bbox 844 1113 898 1157; x_wconf 81' lang='grc' dir='ltr'><strong>δε</strong></span> <span class='ocrx_word' id='word_1_111' title='bbox 913 1113 1220 1168; x_wconf 80' lang='grc' dir='ltr'><strong><em>καρδιναλιος</em></strong></span> <span class='ocrx_word' id='word_1_112' title='bbox 1237 1109 1511 1171; x_wconf 75' lang='grc' dir='ltr'><strong><em>σεδουνήων</em></strong></span> <span class='ocrx_word' id='word_1_113' title='bbox 1533 1115 1638 1160; x_wconf 72' lang='grc' dir='ltr'><em>εἶπε</em></span> <span class='ocrx_word' id='word_1_114' title='bbox 1661 1112 1742 1172; x_wconf 84' lang='grc' dir='ltr'>ε’με</span> <span class='ocrx_word' id='word_1_115' title='bbox 1764 1131 2029 1174; x_wconf 78' lang='grc' dir='ltr'><strong><em>ανχιοσχων</em></strong></span> <span class='ocrx_word' id='word_1_116' title='bbox 2048 1119 2280 1175; x_wconf 75' lang='grc' dir='ltr'><strong>κεφαλην.</strong></span> 
     </span>
     <span class='ocr_line' id='line_1_12' title="bbox 129 1177 1015 1243; baseline -0.005 -13"><span class='ocrx_word' id='word_1_117' title='bbox 129 1185 147 1214; x_wconf 84' lang='lat'><strong>¹</strong></span> <span class='ocrx_word' id='word_1_118' title='bbox 175 1177 290 1242; x_wconf 68' lang='grc' dir='ltr'><strong>ἄγχι</strong></span> <span class='ocrx_word' id='word_1_119' title='bbox 309 1198 380 1243; x_wconf 72' lang='grc' dir='ltr'><strong>σχ.</strong></span> <span class='ocrx_word' id='word_1_120' title='bbox 408 1185 473 1243; x_wconf 61' lang='lat' dir='ltr'><strong>m]</strong></span> <span class='ocrx_word' id='word_1_121' title='bbox 507 1187 695 1230; x_wconf 86' lang='lat' dir='ltr'><strong>Homer.</strong></span> <span class='ocrx_word' id='word_1_122' title='bbox 728 1186 814 1228; x_wconf 90' lang='lat' dir='ltr'><strong>Od.</strong></span> <span class='ocrx_word' id='word_1_123' title='bbox 845 1187 885 1228; x_wconf 93' lang='grc' dir='ltr'><strong>Ι.</strong></span> <span class='ocrx_word' id='word_1_124' title='bbox 920 1185 1015 1227; x_wconf 86' lang='grc'><strong>157.</strong></span> 
     </span>
    </p>
   </div>
   <div class='ocr_carea' id='block_1_8' title="bbox 127 1358 2224 1570">
    <p class='ocr_par' dir='ltr' id='par_1_8' title="bbox 127 1358 2224 1570">
     <span class='ocr_line' id='line_1_13' title="bbox 127 1358 1799 1414; baseline 0 -13"><span class='ocrx_word' id='word_1_125' title='bbox 127 1358 218 1402; x_wconf 79' lang='lat' dir='ltr'><strong>Ad.</strong></span> <span class='ocrx_word' id='word_1_126' title='bbox 247 1361 328 1404; x_wconf 76' lang='lat' dir='ltr'><strong>vol.</strong></span> <span class='ocrx_word' id='word_1_127' title='bbox 356 1359 399 1404; x_wconf 92' lang='lat'><strong>1.</strong></span> <span class='ocrx_word' id='word_1_128' title='bbox 423 1373 472 1414; x_wconf 78' lang='lat' dir='ltr'><strong>p.</strong></span> <span class='ocrx_word' id='word_1_129' title='bbox 505 1361 604 1402; x_wconf 80' lang='lat'><strong>262.</strong></span> <span class='ocrx_word' id='word_1_130' title='bbox 1796 1385 1799 1388; x_wconf 94' lang='lat'><em>-</em></span> 
     </span>
     <span class='ocr_line' id='line_1_14' title="bbox 187 1413 2224 1500; baseline -0.001 -12"><span class='ocrx_word' id='word_1_131' title='bbox 187 1442 406 1500; x_wconf 59' lang='lat' dir='ltr'><strong>[nevam]</strong></span> <span class='ocrx_word' id='word_1_132' title='bbox 1044 1413 1376 1477; x_wconf 63' lang='lat' dir='ltr'>OXVIIP‘·</span> <span class='ocrx_word' id='word_1_133' title='bbox 1747 1458 1793 1486; x_wconf 83' lang='lat' dir='ltr'><strong>n.</strong></span> <span class='ocrx_word' id='word_1_134' title='bbox 1823 1451 1879 1490; x_wconf 78' lang='lat'><strong>24.</strong></span> <span class='ocrx_word' id='word_1_135' title='bbox 1911 1458 2013 1487; x_wconf 68' lang='lat' dir='ltr'><strong>nn.</strong></span> <span class='ocrx_word' id='word_1_136' title='bbox 2049 1458 2091 1486; x_wconf 75' lang='lat' dir='ltr'><strong>A.</strong></span> <span class='ocrx_word' id='word_1_137' title='bbox 2127 1453 2224 1487; x_wconf 78' lang='lat'><strong>1519.</strong></span> 
     </span>
     <span class='ocr_line' id='line_1_15' title="bbox 739 1514 1672 1570; baseline 0.001 -13"><span class='ocrx_word' id='word_1_138' title='bbox 739 1514 1082 1570; x_wconf 74' lang='lat' dir='ltr'><strong>[zvmemvs</strong></span> <span class='ocrx_word' id='word_1_139' title='bbox 1112 1516 1316 1558; x_wconf 83' lang='grc' dir='ltr'><strong>ΒΕΑΤΟ</strong></span> <span class='ocrx_word' id='word_1_140' title='bbox 1347 1514 1672 1570; x_wconf 59' lang='grc' dir='ltr'><strong>ΒΗΕΝΑΝΟ]</strong></span> 
     </span>
    </p>
   </div>
   <div class='ocr_carea' id='block_1_9' title="bbox 0 0 43 1520">
    <p class='ocr_par' dir='ltr' id='par_1_9' title="bbox 0 0 43 1520">
     <span class='ocr_line' id='line_1_16' title="bbox 0 0 43 1520; baseline 0 0"><span class='ocrx_word' id='word_1_141' title='bbox 0 0 43 1520; x_wconf 95' lang='lat' dir='ltr'><strong> </strong></span> 
     </span>
    </p>
   </div>
   <div class='ocr_carea' id='block_1_10' title="bbox 125 1619 2284 1755">
    <p class='ocr_par' dir='ltr' id='par_1_10' title="bbox 125 1619 2284 1755">
     <span class='ocr_line' id='line_1_17' title="bbox 127 1619 2284 1681; baseline 0.002 -17"><span class='ocrx_word' id='word_1_142' title='bbox 127 1653 170 1666; x_wconf 93' lang='grc'><strong>..</strong></span> <span class='ocrx_word' id='word_1_143' title='bbox 187 1619 593 1668; x_wconf 86' lang='lat' dir='ltr'><strong>....Phalarismus</strong></span> <span class='ocrx_word' id='word_1_144' title='bbox 618 1619 819 1666; x_wconf 91' lang='lat' dir='ltr'><strong>nondum</strong></span> <span class='ocrx_word' id='word_1_145' title='bbox 854 1620 1064 1681; x_wconf 85' lang='lat' dir='ltr'><strong>pervenit</strong></span> <span class='ocrx_word' id='word_1_146' title='bbox 1098 1619 1151 1666; x_wconf 90' lang='lat' dir='ltr'><strong>ad</strong></span> <span class='ocrx_word' id='word_1_147' title='bbox 1178 1634 1287 1672; x_wconf 89' lang='lat' dir='ltr'><strong>nos,</strong></span> <span class='ocrx_word' id='word_1_148' title='bbox 1321 1619 1570 1667; x_wconf 85' lang='lat' dir='ltr'><strong>Febriculae</strong></span> <span class='ocrx_word' id='word_1_149' title='bbox 1595 1627 1744 1667; x_wconf 81' lang='lat' dir='ltr'><strong>autem</strong></span> <span class='ocrx_word' id='word_1_150' title='bbox 1773 1627 1947 1668; x_wconf 80' lang='lat' dir='ltr'><strong>tantum</strong></span> <span class='ocrx_word' id='word_1_151' title='bbox 1973 1635 2110 1668; x_wconf 88' lang='lat' dir='ltr'><strong>unum</strong></span> <span class='ocrx_word' id='word_1_152' title='bbox 2138 1636 2284 1668; x_wconf 83' lang='lat' dir='ltr'><strong>exem-</strong></span> 
     </span>
     <span class='ocr_line' id='line_1_18' title="bbox 125 1691 1840 1755; baseline -0.001 -15"><span class='ocrx_word' id='word_1_153' title='bbox 125 1691 238 1754; x_wconf 84' lang='lat' dir='ltr'><strong>plar.</strong></span> <span class='ocrx_word' id='word_1_154' title='bbox 300 1691 350 1740; x_wconf 92' lang='lat' dir='ltr'><strong>Si</strong></span> <span class='ocrx_word' id='word_1_155' title='bbox 382 1693 584 1755; x_wconf 84' lang='lat' dir='ltr'><strong>potestis</strong></span> <span class='ocrx_word' id='word_1_156' title='bbox 620 1691 773 1753; x_wconf 89' lang='lat' dir='ltr'><strong>aliquo</strong></span> <span class='ocrx_word' id='word_1_157' title='bbox 810 1691 974 1748; x_wconf 89' lang='lat' dir='ltr'><strong>modo,</strong></span> <span class='ocrx_word' id='word_1_158' title='bbox 1008 1691 1142 1753; x_wconf 89' lang='lat' dir='ltr'><strong>plura</strong></span> <span class='ocrx_word' id='word_1_159' title='bbox 1178 1691 1451 1753; x_wconf 85' lang='lat' dir='ltr'><strong>exemplaria</strong></span> <span class='ocrx_word' id='word_1_160' title='bbox 1488 1691 1680 1738; x_wconf 82' lang='lat' dir='ltr'><strong>mittatis</strong></span> <span class='ocrx_word' id='word_1_161' title='bbox 1710 1728 1720 1737; x_wconf 95' lang='lat'><strong>.</strong></span> <span class='ocrx_word' id='word_1_162' title='bbox 1749 1729 1760 1738; x_wconf 92' lang='lat'><strong>.</strong></span> <span class='ocrx_word' id='word_1_163' title='bbox 1791 1728 1800 1737; x_wconf 91' lang='lat'><strong>.</strong></span> <span class='ocrx_word' id='word_1_164' title='bbox 1830 1728 1840 1738; x_wconf 93' lang='lat'><strong>.</strong></span> 
     </span>
    </p>
   </div>
   <div class='ocr_carea' id='block_1_11' title="bbox 1016 1803 1340 1810">
    <p class='ocr_par' dir='ltr' id='par_1_11' title="bbox 1016 1803 1340 1810">
     <span class='ocr_line' id='line_1_19' title="bbox 1016 1803 1340 1810; baseline 0 2454"><span class='ocrx_word' id='word_1_165' title='bbox 1016 1803 1340 1810; x_wconf 95' lang='lat' dir='ltr'><strong> </strong></span> 
     </span>
    </p>
   </div>
   <div class='ocr_carea' id='block_1_12' title="bbox 126 1827 2282 1887">
    <p class='ocr_par' dir='ltr' id='par_1_12' title="bbox 126 1827 2282 1887">
     <span class='ocr_line' id='line_1_20' title="bbox 126 1827 2282 1887; baseline 0 -14"><span class='ocrx_word' id='word_1_166' title='bbox 126 1827 360 1875; x_wconf 70' lang='lat' dir='ltr'><strong>cxwm.</strong></span> <span class='ocrx_word' id='word_1_167' title='bbox 390 1831 462 1873; x_wconf 87' lang='lat' dir='ltr'><strong>Ex</strong></span> <span class='ocrx_word' id='word_1_168' title='bbox 480 1830 576 1873; x_wconf 82' lang='lat' dir='ltr'><strong>MS.</strong></span> <span class='ocrx_word' id='word_1_169' title='bbox 599 1830 709 1873; x_wconf 89' lang='lat' dir='ltr'><strong>bibl.</strong></span> <span class='ocrx_word' id='word_1_170' title='bbox 733 1829 950 1872; x_wconf 84' lang='lat' dir='ltr'><strong>Sletstad.</strong></span> <span class='ocrx_word' id='word_1_171' title='bbox 983 1843 1012 1871; x_wconf 88' lang='lat' dir='ltr'><strong>a</strong></span> <span class='ocrx_word' id='word_1_172' title='bbox 1031 1831 1131 1872; x_wconf 89' lang='lat' dir='ltr'><strong>viro</strong></span> <span class='ocrx_word' id='word_1_173' title='bbox 1163 1831 1249 1872; x_wconf 87' lang='lat' dir='ltr'><strong>cel.</strong></span> <span class='ocrx_word' id='word_1_174' title='bbox 1272 1831 1467 1872; x_wconf 88' lang='lat' dir='ltr'><strong>Baumio</strong></span> <span class='ocrx_word' id='word_1_175' title='bbox 1489 1831 1600 1872; x_wconf 93' lang='lat' dir='ltr'><strong>mihi</strong></span> <span class='ocrx_word' id='word_1_176' title='bbox 1623 1834 1901 1874; x_wconf 62' lang='lat' dir='ltr'><strong>transmissu}</strong></span> <span class='ocrx_word' id='word_1_177' title='bbox 1926 1832 2136 1886; x_wconf 73' lang='lat' dir='ltr'><strong>epistulae</strong></span> <span class='ocrx_word' id='word_1_178' title='bbox 2161 1846 2282 1887; x_wconf 86' lang='lat' dir='ltr'><strong>pars.</strong></span> 
     </span>
    </p>
   </div>
   <div class='ocr_carea' id='block_1_13' title="bbox 124 1987 1032 2044">
    <p class='ocr_par' dir='ltr' id='par_1_13' title="bbox 124 1987 1032 2044">
     <span class='ocr_line' id='line_1_21' title="bbox 124 1987 1032 2044; baseline -0.002 -12"><span class='ocrx_word' id='word_1_179' title='bbox 124 1989 203 2032; x_wconf 78' lang='lat' dir='ltr'><strong>Aa</strong></span> <span class='ocrx_word' id='word_1_180' title='bbox 226 1991 309 2033; x_wconf 77' lang='lat' dir='ltr'><strong>vol.</strong></span> <span class='ocrx_word' id='word_1_181' title='bbox 338 1989 382 2031; x_wconf 89' lang='grc' dir='ltr'><strong>Ι.</strong></span> <span class='ocrx_word' id='word_1_182' title='bbox 411 2003 457 2044; x_wconf 80' lang='lat' dir='ltr'><strong>p.</strong></span> <span class='ocrx_word' id='word_1_183' title='bbox 489 1990 592 2031; x_wconf 76' lang='lat'><strong>354.</strong></span> <span class='ocrx_word' id='word_1_184' title='bbox 612 2002 680 2044; x_wconf 78' lang='lat' dir='ltr'><strong>sq.</strong></span> <span class='ocrx_word' id='word_1_185' title='bbox 707 2001 829 2030; x_wconf 84' lang='lat' dir='ltr'><strong>num.</strong></span> <span class='ocrx_word' id='word_1_186' title='bbox 853 1987 1032 2030; x_wconf 86' lang='lat' dir='ltr'><strong>CLXX.</strong></span> 
     </span>
    </p>
   </div>
   <div class='ocr_carea' id='block_1_14' title="bbox 120 2074 2284 2631">
    <p class='ocr_par' dir='ltr' id='par_1_14' title="bbox 120 2074 2284 2631">
     <span class='ocr_line' id='line_1_22' title="bbox 234 2074 2281 2131; baseline -0.001 -13"><span class='ocrx_word' id='word_1_187' title='bbox 234 2075 373 2118; x_wconf 84' lang='lat' dir='ltr'><strong>Hanc</strong></span> <span class='ocrx_word' id='word_1_188' title='bbox 404 2074 648 2131; x_wconf 82' lang='lat' dir='ltr'><strong>epistulam</strong></span> <span class='ocrx_word' id='word_1_189' title='bbox 683 2078 790 2116; x_wconf 82' lang='lat' dir='ltr'><strong>ante</strong></span> <span class='ocrx_word' id='word_1_190' title='bbox 822 2088 894 2116; x_wconf 92' lang='lat' dir='ltr'><strong>me</strong></span> <span class='ocrx_word' id='word_1_191' title='bbox 926 2074 1136 2116; x_wconf 82' lang='lat' dir='ltr'><strong>ediderat</strong></span> <span class='ocrx_word' id='word_1_192' title='bbox 1157 2074 1459 2116; x_wconf 85' lang='lat' dir='ltr'><strong>Sotzmannus</strong></span> <span class='ocrx_word' id='word_1_193' title='bbox 1490 2074 1535 2115; x_wconf 90' lang='lat' dir='ltr'><strong>in</strong></span> <span class='ocrx_word' id='word_1_194' title='bbox 1568 2074 1935 2128; x_wconf 84' lang='lat' dir='ltr'><strong>ephemeridibus</strong></span> <span class='ocrx_word' id='word_1_195' title='bbox 1967 2088 1995 2115; x_wconf 84' lang='lat' dir='ltr'><strong>a</strong></span> <span class='ocrx_word' id='word_1_196' title='bbox 2024 2074 2139 2118; x_wconf 90' lang='lat' dir='ltr'><strong>Rob.</strong></span> <span class='ocrx_word' id='word_1_197' title='bbox 2161 2075 2281 2116; x_wconf 79' lang='lat' dir='ltr'><strong>Nau·</strong></span> 
     </span>
     <span class='ocr_line' id='line_1_23' title="bbox 123 2144 2281 2201; baseline -0.003 -10"><span class='ocrx_word' id='word_1_198' title='bbox 123 2159 294 2191; x_wconf 82' lang='lat' dir='ltr'><strong>manno</strong></span> <span class='ocrx_word' id='word_1_199' title='bbox 323 2147 484 2200; x_wconf 86' lang='lat' dir='ltr'><strong>editis,</strong></span> <span class='ocrx_word' id='word_1_200' title='bbox 525 2146 691 2200; x_wconf 90' lang='lat' dir='ltr'><strong>quibus</strong></span> <span class='ocrx_word' id='word_1_201' title='bbox 723 2145 1002 2201; x_wconf 84' lang='lat' dir='ltr'><strong>‘Serapeum&#39;</strong></span> <span class='ocrx_word' id='word_1_202' title='bbox 1033 2145 1301 2200; x_wconf 84' lang='lat' dir='ltr'><strong>inscriptum</strong></span> <span class='ocrx_word' id='word_1_203' title='bbox 1334 2150 1406 2188; x_wconf 88' lang='lat' dir='ltr'><strong>est</strong></span> <span class='ocrx_word' id='word_1_204' title='bbox 1437 2145 1580 2197; x_wconf 93' lang='lat' dir='ltr'><strong>(VIII.</strong></span> <span class='ocrx_word' id='word_1_205' title='bbox 1610 2146 1759 2199; x_wconf 64' lang='lat' dir='ltr'><strong>dala-9.</strong></span> <span class='ocrx_word' id='word_1_206' title='bbox 1800 2146 1951 2199; x_wconf 79' lang='lat' dir='ltr'><strong>Leipz.</strong></span> <span class='ocrx_word' id='word_1_207' title='bbox 1987 2144 2107 2190; x_wconf 74' lang='lat'><strong>1847.</strong></span> <span class='ocrx_word' id='word_1_208' title='bbox 2145 2145 2206 2190; x_wconf 78' lang='lat'><strong>8⁰.</strong></span> <span class='ocrx_word' id='word_1_209' title='bbox 2236 2160 2281 2200; x_wconf 88' lang='lat' dir='ltr'><strong>p.</strong></span> 
     </span>
     <span class='ocr_line' id='line_1_24' title="bbox 127 2216 2283 2274; baseline -0 -14"><span class='ocrx_word' id='word_1_210' title='bbox 127 2218 199 2266; x_wconf 80' lang='lat'><strong>12.</strong></span> <span class='ocrx_word' id='word_1_211' title='bbox 226 2218 336 2274; x_wconf 82' lang='lat' dir='ltr'><strong>sq.);</strong></span> <span class='ocrx_word' id='word_1_212' title='bbox 374 2217 630 2274; x_wconf 88' lang='lat' dir='ltr'><strong>exemplum</strong></span> <span class='ocrx_word' id='word_1_213' title='bbox 662 2230 748 2272; x_wconf 92' lang='lat' dir='ltr'><strong>quo</strong></span> <span class='ocrx_word' id='word_1_214' title='bbox 778 2230 887 2259; x_wconf 83' lang='lat' dir='ltr'><strong>usus</strong></span> <span class='ocrx_word' id='word_1_215' title='bbox 918 2222 1012 2269; x_wconf 83' lang='lat' dir='ltr'><strong>est,</strong></span> <span class='ocrx_word' id='word_1_216' title='bbox 1052 2231 1142 2259; x_wconf 91' lang='lat' dir='ltr'><strong>non</strong></span> <span class='ocrx_word' id='word_1_217' title='bbox 1172 2217 1391 2271; x_wconf 84' lang='lat' dir='ltr'><strong>Hutteni,</strong></span> <span class='ocrx_word' id='word_1_218' title='bbox 1432 2216 1514 2258; x_wconf 87' lang='lat' dir='ltr'><strong>sed</strong></span> <span class='ocrx_word' id='word_1_219' title='bbox 1554 2217 1847 2258; x_wconf 76' lang='lat' dir='ltr'><strong>amanuensis</strong></span> <span class='ocrx_word' id='word_1_220' title='bbox 1887 2229 2024 2258; x_wconf 83' lang='lat' dir='ltr'><strong>manu</strong></span> <span class='ocrx_word' id='word_1_221' title='bbox 2062 2217 2283 2271; x_wconf 81' lang='lat' dir='ltr'><strong>scriptum</strong></span> 
     </span>
     <span class='ocr_line' id='line_1_25' title="bbox 123 2287 2281 2346; baseline -0.002 -13"><span class='ocrx_word' id='word_1_222' title='bbox 123 2302 228 2333; x_wconf 79' lang='lat' dir='ltr'><strong>esse</strong></span> <span class='ocrx_word' id='word_1_223' title='bbox 257 2289 340 2333; x_wconf 88' lang='lat' dir='ltr'><strong>ille</strong></span> <span class='ocrx_word' id='word_1_224' title='bbox 371 2290 554 2346; x_wconf 84' lang='lat' dir='ltr'><strong>quidem</strong></span> <span class='ocrx_word' id='word_1_225' title='bbox 586 2292 802 2344; x_wconf 83' lang='lat' dir='ltr'><strong>opinatus</strong></span> <span class='ocrx_word' id='word_1_226' title='bbox 832 2292 923 2340; x_wconf 85' lang='lat' dir='ltr'><strong>est,</strong></span> <span class='ocrx_word' id='word_1_227' title='bbox 965 2289 1046 2331; x_wconf 90' lang='lat' dir='ltr'><strong>sed</strong></span> <span class='ocrx_word' id='word_1_228' title='bbox 1085 2302 1235 2343; x_wconf 87' lang='lat' dir='ltr'><strong>neque</strong></span> <span class='ocrx_word' id='word_1_229' title='bbox 1266 2290 1366 2344; x_wconf 85' lang='lat' dir='ltr'><strong>ipse</strong></span> <span class='ocrx_word' id='word_1_230' title='bbox 1398 2289 1640 2343; x_wconf 84' lang='lat' dir='ltr'><strong>quicquam</strong></span> <span class='ocrx_word' id='word_1_231' title='bbox 1670 2287 1866 2330; x_wconf 83' lang='lat' dir='ltr'><strong>Hutteni</strong></span> <span class='ocrx_word' id='word_1_232' title='bbox 1896 2300 2034 2330; x_wconf 83' lang='lat' dir='ltr'><strong>manu</strong></span> <span class='ocrx_word' id='word_1_233' title='bbox 2065 2288 2281 2343; x_wconf 86' lang='lat' dir='ltr'><strong>scriptum</strong></span> 
     </span>
     <span class='ocr_line' id='line_1_26' title="bbox 120 2358 2282 2417; baseline -0.002 -12"><span class='ocrx_word' id='word_1_234' title='bbox 120 2362 320 2416; x_wconf 83' lang='lat' dir='ltr'><strong>viderat,</strong></span> <span class='ocrx_word' id='word_1_235' title='bbox 353 2374 490 2417; x_wconf 87' lang='lat' dir='ltr'><strong>quam</strong></span> <span class='ocrx_word' id='word_1_236' title='bbox 523 2361 750 2405; x_wconf 84' lang='lat' dir='ltr'><strong>Ghillanii</strong></span> <span class='ocrx_word' id='word_1_237' title='bbox 779 2373 931 2402; x_wconf 88' lang='lat' dir='ltr'><strong>errore</strong></span> <span class='ocrx_word' id='word_1_238' title='bbox 963 2360 1043 2412; x_wconf 84' lang='lat' dir='ltr'><strong>(cf.</strong></span> <span class='ocrx_word' id='word_1_239' title='bbox 1065 2360 1154 2401; x_wconf 92' lang='lat' dir='ltr'><strong>vol.</strong></span> <span class='ocrx_word' id='word_1_240' title='bbox 1178 2360 1239 2402; x_wconf 91' lang='lat'><strong>11.</strong></span> <span class='ocrx_word' id='word_1_241' title='bbox 1260 2374 1305 2415; x_wconf 89' lang='lat' dir='ltr'><strong>p.</strong></span> <span class='ocrx_word' id='word_1_242' title='bbox 1326 2359 1395 2402; x_wconf 86' lang='lat'><strong>65.</strong></span> <span class='ocrx_word' id='word_1_243' title='bbox 1418 2373 1461 2403; x_wconf 88' lang='lat' dir='ltr'><strong>v.</strong></span> <span class='ocrx_word' id='word_1_244' title='bbox 1490 2358 1682 2411; x_wconf 81' lang='lat'><strong>14...21.)</strong></span> <span class='ocrx_word' id='word_1_245' title='bbox 1714 2359 1937 2414; x_wconf 87' lang='lat' dir='ltr'><strong>deceptus</strong></span> <span class='ocrx_word' id='word_1_246' title='bbox 1970 2358 2282 2414; x_wconf 85' lang='lat' dir='ltr'><strong>inelegantem</strong></span> 
     </span>
     <span class='ocr_line' id='line_1_27' title="bbox 122 2430 2282 2489; baseline -0.002 -13"><span class='ocrx_word' id='word_1_247' title='bbox 122 2433 371 2489; x_wconf 78' lang='lat' dir='ltr'><strong>rudemque</strong></span> <span class='ocrx_word' id='word_1_248' title='bbox 410 2433 555 2476; x_wconf 82' lang='lat' dir='ltr'><strong>fuisse</strong></span> <span class='ocrx_word' id='word_1_249' title='bbox 594 2433 798 2488; x_wconf 84' lang='lat' dir='ltr'><strong>putavit,</strong></span> <span class='ocrx_word' id='word_1_250' title='bbox 840 2443 988 2485; x_wconf 89' lang='lat' dir='ltr'><strong>neque</strong></span> <span class='ocrx_word' id='word_1_251' title='bbox 1027 2432 1182 2473; x_wconf 83' lang='lat' dir='ltr'><strong>omnia</strong></span> <span class='ocrx_word' id='word_1_252' title='bbox 1219 2431 1418 2486; x_wconf 88' lang='lat' dir='ltr'><strong>exempli</strong></span> <span class='ocrx_word' id='word_1_253' title='bbox 1455 2431 1578 2472; x_wconf 82' lang='lat' dir='ltr'><strong>bona</strong></span> <span class='ocrx_word' id='word_1_254' title='bbox 1617 2434 1664 2472; x_wconf 89' lang='lat' dir='ltr'><strong>et</strong></span> <span class='ocrx_word' id='word_1_255' title='bbox 1699 2430 1817 2472; x_wconf 88' lang='lat' dir='ltr'><strong>bene</strong></span> <span class='ocrx_word' id='word_1_256' title='bbox 1858 2431 2115 2472; x_wconf 81' lang='lat' dir='ltr'><strong>exercitata</strong></span> <span class='ocrx_word' id='word_1_257' title='bbox 2146 2444 2282 2472; x_wconf 87' lang='lat' dir='ltr'><strong>manu</strong></span> 
     </span>
     <span class='ocr_line' id='line_1_28' title="bbox 124 2501 2284 2560; baseline -0.003 -11"><span class='ocrx_word' id='word_1_258' title='bbox 124 2505 287 2560; x_wconf 77' lang='lat' dir='ltr'><strong>(‘e2⁰ner</strong></span> <span class='ocrx_word' id='word_1_259' title='bbox 311 2511 442 2560; x_wconf 69' lang='lat' dir='ltr'><strong>quten</strong></span> <span class='ocrx_word' id='word_1_260' title='bbox 468 2505 797 2559; x_wconf 70' lang='lat' dir='ltr'><strong>reyelmdssiqen</strong></span> <span class='ocrx_word' id='word_1_261' title='bbox 827 2502 1207 2557; x_wconf 71' lang='lat' dir='ltr'><strong>Schreiberlzand&#39;)</strong></span> <span class='ocrx_word' id='word_1_262' title='bbox 1246 2503 1409 2557; x_wconf 89' lang='lat' dir='ltr'><strong>scripti</strong></span> <span class='ocrx_word' id='word_1_263' title='bbox 1440 2503 1583 2544; x_wconf 87' lang='lat' dir='ltr'><strong>verba</strong></span> <span class='ocrx_word' id='word_1_264' title='bbox 1621 2505 1747 2544; x_wconf 86' lang='lat' dir='ltr'><strong>recte</strong></span> <span class='ocrx_word' id='word_1_265' title='bbox 1785 2501 1957 2557; x_wconf 81' lang='lat' dir='ltr'><strong>legisse</strong></span> <span class='ocrx_word' id='word_1_266' title='bbox 1989 2501 2190 2554; x_wconf 84' lang='lat' dir='ltr'><strong>videtur,</strong></span> <span class='ocrx_word' id='word_1_267' title='bbox 2233 2506 2284 2543; x_wconf 90' lang='lat' dir='ltr'><strong>ut</strong></span> 
     </span>
     <span class='ocr_line' id='line_1_29' title="bbox 124 2573 1455 2631; baseline -0.004 -11"><span class='ocrx_word' id='word_1_268' title='bbox 124 2577 550 2631; x_wconf 62' lang='lat' dir='ltr'><strong>exhis&#39;utriusque</strong></span> <span class='ocrx_word' id='word_1_269' title='bbox 582 2575 802 2618; x_wconf 80' lang='lat' dir='ltr'><strong>editionis</strong></span> <span class='ocrx_word' id='word_1_270' title='bbox 832 2574 1157 2630; x_wconf 82' lang='lat' dir='ltr'><strong>discrepantiis</strong></span> <span class='ocrx_word' id='word_1_271' title='bbox 1190 2573 1455 2628; x_wconf 84' lang='lat' dir='ltr'><strong>adparebit:</strong></span> 
     </span>
    </p>
   </div>
   <div class='ocr_carea' id='block_1_15' title="bbox 179 2644 1772 2919">
    <p class='ocr_par' dir='ltr' id='par_1_15' title="bbox 179 2644 1772 2919">
     <span class='ocr_line' id='line_1_30' title="bbox 463 2644 1772 2691; baseline -0.005 0"><span class='ocrx_word' id='word_1_272' title='bbox 463 2648 574 2691; x_wconf 85' lang='lat' dir='ltr'><strong>edit.</strong></span> <span class='ocrx_word' id='word_1_273' title='bbox 605 2651 748 2690; x_wconf 87' lang='lat' dir='ltr'><strong>nostr.</strong></span> <span class='ocrx_word' id='word_1_274' title='bbox 1466 2644 1574 2686; x_wconf 86' lang='lat' dir='ltr'><strong>edit.</strong></span> <span class='ocrx_word' id='word_1_275' title='bbox 1606 2644 1772 2686; x_wconf 79' lang='lat' dir='ltr'><strong>Sotzm.</strong></span> 
     </span>
     <span class='ocr_line' id='line_1_31' title="bbox 179 2715 1642 2776; baseline -0.005 -13"><span class='ocrx_word' id='word_1_276' title='bbox 179 2734 224 2776; x_wconf 85' lang='lat' dir='ltr'><strong>p.</strong></span> <span class='ocrx_word' id='word_1_277' title='bbox 256 2719 356 2764; x_wconf 78' lang='lat'><strong>354.</strong></span> <span class='ocrx_word' id='word_1_278' title='bbox 388 2733 432 2762; x_wconf 87' lang='lat' dir='ltr'><strong>v.</strong></span> <span class='ocrx_word' id='word_1_279' title='bbox 468 2719 533 2761; x_wconf 86' lang='lat'><strong>15.</strong></span> <span class='ocrx_word' id='word_1_280' title='bbox 565 2716 1064 2761; x_wconf 84' lang='lat' dir='ltr'><strong>FVRSTENPERGK.</strong></span> <span class='ocrx_word' id='word_1_281' title='bbox 1281 2715 1642 2770; x_wconf 83' lang='lat' dir='ltr'><strong>Fiirstenpergh.</strong></span> 
     </span>
     <span class='ocr_line' id='line_1_32' title="bbox 187 2791 1547 2847; baseline -0.006 -11"><span class='ocrx_word' id='word_1_282' title='bbox 187 2824 217 2847; x_wconf 88' lang='lat'>„</span> <span class='ocrx_word' id='word_1_283' title='bbox 291 2823 320 2845; x_wconf 90' lang='lat'>„</span> <span class='ocrx_word' id='word_1_284' title='bbox 397 2822 428 2845; x_wconf 90' lang='lat'><strong>,‚</strong></span> <span class='ocrx_word' id='word_1_285' title='bbox 468 2791 538 2836; x_wconf 88' lang='lat'><strong>17.</strong></span> <span class='ocrx_word' id='word_1_286' title='bbox 566 2802 814 2845; x_wconf 84' lang='lat' dir='ltr'><strong>nunquam.</strong></span> <span class='ocrx_word' id='word_1_287' title='bbox 1288 2800 1547 2842; x_wconf 83' lang='lat' dir='ltr'><strong>numquam.</strong></span> 
     </span>
     <span class='ocr_line' id='line_1_33' title="bbox 189 2857 1736 2919; baseline -0.003 -15"><span class='ocrx_word' id='word_1_288' title='bbox 189 2894 220 2919; x_wconf 87' lang='lat'><strong>‚,</strong></span> <span class='ocrx_word' id='word_1_289' title='bbox 293 2894 324 2917; x_wconf 92' lang='lat'>„</span> <span class='ocrx_word' id='word_1_290' title='bbox 399 2893 431 2916; x_wconf 87' lang='lat'><strong>‚,</strong></span> <span class='ocrx_word' id='word_1_291' title='bbox 472 2861 539 2904; x_wconf 89' lang='lat'><strong>18.</strong></span> <span class='ocrx_word' id='word_1_292' title='bbox 568 2866 618 2905; x_wconf 82' lang='lat' dir='ltr'><strong>te</strong></span> <span class='ocrx_word' id='word_1_293' title='bbox 648 2874 770 2904; x_wconf 84' lang='lat' dir='ltr'><strong>curae</strong></span> <span class='ocrx_word' id='word_1_294' title='bbox 801 2859 998 2904; x_wconf 87' lang='lat' dir='ltr'><strong>involvo.</strong></span> <span class='ocrx_word' id='word_1_295' title='bbox 1292 2863 1338 2901; x_wconf 86' lang='lat' dir='ltr'><strong>te</strong></span> <span class='ocrx_word' id='word_1_296' title='bbox 1370 2871 1508 2900; x_wconf 81' lang='lat' dir='ltr'><strong>curae</strong></span> <span class='ocrx_word' id='word_1_297' title='bbox 1540 2857 1736 2900; x_wconf 83' lang='lat' dir='ltr'><strong>innobis.</strong></span> 
     </span>
    </p>
   </div>
   <div class='ocr_carea' id='block_1_16' title="bbox 189 2929 1772 3058">
    <p class='ocr_par' dir='ltr' id='par_1_16' title="bbox 189 2929 1772 3058">
     <span class='ocr_line' id='line_1_34' title="bbox 189 2929 1772 2988; baseline -0.005 -10"><span class='ocrx_word' id='word_1_298' title='bbox 189 2933 359 2988; x_wconf 68' lang='lat'><strong>„‚355.</strong></span> <span class='ocrx_word' id='word_1_299' title='bbox 398 2965 429 2988; x_wconf 88' lang='lat'>„</span> <span class='ocrx_word' id='word_1_300' title='bbox 499 2933 538 2976; x_wconf 91' lang='lat'><strong>1.</strong></span> <span class='ocrx_word' id='word_1_301' title='bbox 569 2932 788 2975; x_wconf 83' lang='lat' dir='ltr'><strong>Iohannis</strong></span> <span class='ocrx_word' id='word_1_302' title='bbox 819 2932 875 2974; x_wconf 87' lang='lat' dir='ltr'><strong>de</strong></span> <span class='ocrx_word' id='word_1_303' title='bbox 906 2931 1152 2983; x_wconf 84' lang='lat' dir='ltr'><strong>Hatsteyn.</strong></span> <span class='ocrx_word' id='word_1_304' title='bbox 1285 2929 1409 2972; x_wconf 87' lang='lat' dir='ltr'><strong>lohis</strong></span> <span class='ocrx_word' id='word_1_305' title='bbox 1439 2929 1494 2971; x_wconf 88' lang='lat' dir='ltr'><strong>de</strong></span> <span class='ocrx_word' id='word_1_306' title='bbox 1526 2929 1772 2983; x_wconf 69' lang='lat' dir='ltr'><strong>Hal-steyn.</strong></span> 
     </span>
     <span class='ocr_line' id='line_1_35' title="bbox 396 3001 1174 3058; baseline -0.004 -12"><span class='ocrx_word' id='word_1_307' title='bbox 396 3036 424 3058; x_wconf 91' lang='lat'>„</span> <span class='ocrx_word' id='word_1_308' title='bbox 492 3005 534 3048; x_wconf 83' lang='lat'><strong>4.</strong></span> <span class='ocrx_word' id='word_1_309' title='bbox 564 3001 935 3056; x_wconf 83' lang='lat' dir='ltr'><strong>Fiirstenbergk,</strong></span> <span class='ocrx_word' id='word_1_310' title='bbox 969 3001 1174 3044; x_wconf 87' lang='lat' dir='ltr'><strong>Patricio</strong></span> 
     </span>
    </p>
   </div>
   <div class='ocr_carea' id='block_1_17' title="bbox 188 3071 2280 3201">
    <p class='ocr_par' dir='ltr' id='par_1_17' title="bbox 188 3071 2280 3201">
     <span class='ocr_line' id='line_1_36' title="bbox 629 3071 2280 3127; baseline -0.002 -9"><span class='ocrx_word' id='word_1_311' title='bbox 629 3074 1054 3118; x_wconf 83' lang='lat' dir='ltr'><strong>Francofurdiensi.</strong></span> <span class='ocrx_word' id='word_1_312' title='bbox 1276 3072 1617 3127; x_wconf 77' lang='lat' dir='ltr'><strong>Fiirstenpergh</strong></span> <span class='ocrx_word' id='word_1_313' title='bbox 1638 3072 1843 3115; x_wconf 83' lang='lat' dir='ltr'><strong>Patricio</strong></span> <span class='ocrx_word' id='word_1_314' title='bbox 1863 3071 2280 3115; x_wconf 76' lang='lat' dir='ltr'><strong>Francosurdiano.</strong></span> 
     </span>
     <span class='ocr_line' id='line_1_37' title="bbox 188 3143 1682 3201; baseline -0.005 -7"><span class='ocrx_word' id='word_1_315' title='bbox 188 3178 218 3201; x_wconf 91' lang='lat'>„</span> <span class='ocrx_word' id='word_1_316' title='bbox 292 3178 323 3201; x_wconf 92' lang='lat'>„</span> <span class='ocrx_word' id='word_1_317' title='bbox 398 3179 428 3201; x_wconf 90' lang='lat'><strong>„</strong></span> <span class='ocrx_word' id='word_1_318' title='bbox 494 3148 536 3190; x_wconf 80' lang='lat'><strong>6.</strong></span> <span class='ocrx_word' id='word_1_319' title='bbox 568 3148 670 3190; x_wconf 88' lang='lat' dir='ltr'><strong>viro</strong></span> <span class='ocrx_word' id='word_1_320' title='bbox 700 3146 935 3189; x_wconf 83' lang='lat' dir='ltr'><strong>innocenti</strong></span> <span class='ocrx_word' id='word_1_321' title='bbox 966 3143 1053 3186; x_wconf 83' lang='lat' dir='ltr'><strong>sal.</strong></span> <span class='ocrx_word' id='word_1_322' title='bbox 1285 3144 1396 3185; x_wconf 86' lang='lat' dir='ltr'><strong>Viro</strong></span> <span class='ocrx_word' id='word_1_323' title='bbox 1427 3145 1682 3186; x_wconf 84' lang='lat' dir='ltr'><strong>Innocenti.</strong></span> 
     </span>
    </p>
   </div>
   <div class='ocr_carea' id='block_1_18' title="bbox 123 3228 2282 3358">
    <p class='ocr_par' dir='ltr' id='par_1_18' title="bbox 123 3228 2282 3358">
     <span class='ocr_line' id='line_1_38' title="bbox 239 3228 2282 3286; baseline -0.003 -10"><span class='ocrx_word' id='word_1_324' title='bbox 239 3234 346 3277; x_wconf 82' lang='lat' dir='ltr'><strong>‘Der</strong></span> <span class='ocrx_word' id='word_1_325' title='bbox 364 3233 513 3286; x_wconf 84' lang='lat' dir='ltr'><strong>Brief&#39;</strong></span> <span class='ocrx_word' id='word_1_326' title='bbox 541 3233 694 3286; x_wconf 84' lang='lat' dir='ltr'><strong>(addit</strong></span> <span class='ocrx_word' id='word_1_327' title='bbox 714 3230 1036 3283; x_wconf 78' lang='lat' dir='ltr'><strong>Sotzmannus)</strong></span> <span class='ocrx_word' id='word_1_328' title='bbox 1069 3230 1138 3271; x_wconf 70' lang='lat' dir='ltr'><strong>‘ist</strong></span> <span class='ocrx_word' id='word_1_329' title='bbox 1168 3232 1209 3269; x_wconf 77' lang='lat' dir='ltr'><strong>in</strong></span> <span class='ocrx_word' id='word_1_330' title='bbox 1239 3228 1403 3271; x_wconf 78' lang='lat' dir='ltr'><strong>kleiner</strong></span> <span class='ocrx_word' id='word_1_331' title='bbox 1431 3229 1669 3282; x_wconf 81' lang='lat' dir='ltr'><strong>Briefsorm</strong></span> <span class='ocrx_word' id='word_1_332' title='bbox 1699 3231 2069 3284; x_wconf 60' lang='lat' dir='ltr'><strong>:aramme-noctem</strong></span> <span class='ocrx_word' id='word_1_333' title='bbox 2098 3231 2186 3272; x_wconf 79' lang='lat' dir='ltr'><strong>und</strong></span> <span class='ocrx_word' id='word_1_334' title='bbox 2212 3232 2282 3272; x_wconf 79' lang='grc' dir='ltr'><strong>ηιίι</strong></span> 
     </span>
     <span class='ocr_line' id='line_1_39' title="bbox 123 3300 2057 3358; baseline -0.003 -11"><span class='ocrx_word' id='word_1_335' title='bbox 123 3306 215 3347; x_wconf 82' lang='lat' dir='ltr'><strong>dem</strong></span> <span class='ocrx_word' id='word_1_336' title='bbox 244 3305 553 3348; x_wconf 76' lang='lat' dir='ltr'><strong>Hutlen&#39;sclzen</strong></span> <span class='ocrx_word' id='word_1_337' title='bbox 582 3305 825 3358; x_wconf 72' lang='lat' dir='ltr'><strong>Peme-kaft</strong></span> <span class='ocrx_word' id='word_1_338' title='bbox 853 3318 932 3347; x_wconf 83' lang='lat' dir='ltr'><strong>von</strong></span> <span class='ocrx_word' id='word_1_339' title='bbox 964 3300 1300 3343; x_wconf 73' lang='lat' dir='ltr'><strong>nac-lwteleender</strong></span> <span class='ocrx_word' id='word_1_340' title='bbox 1332 3300 1495 3343; x_wconf 73' lang='lat' dir='ltr'><strong>Gestale</strong></span> <span class='ocrx_word' id='word_1_341' title='bbox 1525 3302 1612 3342; x_wconf 80' lang='lat' dir='ltr'><strong>und</strong></span> <span class='ocrx_word' id='word_1_342' title='bbox 1641 3303 1799 3343; x_wconf 59' lang='lat' dir='ltr'><strong>Graue</strong></span> <span class='ocrx_word' id='word_1_343' title='bbox 1830 3300 2057 3343; x_wconf 69' lang='lat' dir='ltr'><strong>verselaeen:</strong></span> 
     </span>
    </p>
   </div>
   <div class='ocr_carea' id='block_1_19' title="bbox 1152 3394 1205 3429">
    <p class='ocr_par' dir='ltr' id='par_1_19' title="bbox 1152 3394 1205 3429">
     <span class='ocr_line' id='line_1_40' title="bbox 1152 3394 1205 3429; baseline 0 0"><span class='ocrx_word' id='word_1_344' title='bbox 1152 3394 1205 3429; x_wconf 89' lang='lat' dir='ltr'>V</span> 
     </span>
    </p>
   </div>
   <div class='ocr_carea' id='block_1_20' title="bbox 60 3424 1296 3800">
    <p class='ocr_par' dir='ltr' id='par_1_20' title="bbox 60 3424 1296 3800">
     <span class='ocr_line' id='line_1_41' title="bbox 1059 3424 1296 3616; baseline 0.004 -93"><span class='ocrx_word' id='word_1_345' title='bbox 1059 3424 1296 3616; x_wconf 42' lang='grc' dir='ltr'><strong>νὲη</strong></span> 
     </span>
     <span class='ocr_line' id='line_1_42' title="bbox 60 3720 588 3800; baseline -0.004 -12"><span class='ocrx_word' id='word_1_346' title='bbox 60 3720 64 3723; x_wconf 71' lang='grc'>’</span> <span class='ocrx_word' id='word_1_347' title='bbox 126 3746 202 3790; x_wconf 78' lang='lat' dir='ltr'><strong>Aa</strong></span> <span class='ocrx_word' id='word_1_348' title='bbox 227 3749 307 3791; x_wconf 74' lang='lat' dir='ltr'><strong>vot.</strong></span> <span class='ocrx_word' id='word_1_349' title='bbox 339 3747 380 3789; x_wconf 80' lang='grc' dir='ltr'><strong>ι.</strong></span> <span class='ocrx_word' id='word_1_350' title='bbox 411 3762 454 3800; x_wconf 80' lang='grc' dir='ltr'><strong>ρ.</strong></span> <span class='ocrx_word' id='word_1_351' title='bbox 490 3748 588 3788; x_wconf 80' lang='lat'><strong>365.</strong></span> 
     </span>
    </p>
   </div>
   <div class='ocr_carea' id='block_1_21' title="bbox 178 3820 950 3887">
    <p class='ocr_par' dir='ltr' id='par_1_21' title="bbox 178 3820 950 3887">
     <span class='ocr_line' id='line_1_43' title="bbox 178 3820 950 3887; baseline 0 -13"><span class='ocrx_word' id='word_1_352' title='bbox 178 3845 304 3874; x_wconf 69' lang='lat' dir='ltr'><strong>versu</strong></span> <span class='ocrx_word' id='word_1_353' title='bbox 333 3833 402 3875; x_wconf 77' lang='lat'><strong>24.</strong></span> <span class='ocrx_word' id='word_1_354' title='bbox 431 3833 570 3876; x_wconf 72' lang='lat' dir='ltr'><strong>sen&#39;be</strong></span> <span class='ocrx_word' id='word_1_355' title='bbox 600 3820 682 3886; x_wconf 81' lang='lat' dir='ltr'><strong>qui</strong></span> <span class='ocrx_word' id='word_1_356' title='bbox 714 3848 796 3887; x_wconf 76' lang='lat' dir='ltr'><strong>pro</strong></span> <span class='ocrx_word' id='word_1_357' title='bbox 828 3835 950 3885; x_wconf 80' lang='lat' dir='ltr'><strong>quae.</strong></span> 
     </span>
    </p>
   </div>
  </div>
 </body>
</html>
