2456 4264
194 305 464 336 ‘rutum-tvo
482 305 719 337 nmmucvs
740 306 802 336 DE
824 289 1120 337 wlstanus-‚1³81
1141 306 1484 337 msrvawnotm
1506 307 1548 336 P.
1570 306 1828 338 Avovs‘rmt
1847 306 2088 338 Anvnnnn.
2122 281 2243 342 513

418 439 475 486 Et
510 438 654 488 multa
689 440 777 488 alia
811 440 1038 488 inutiliter
1071 440 1248 489 beavit:

335 523 399 558 120
421 511 478 558 Et
514 518 665 559 tamen
698 527 884 575 parvum
919 514 1139 561 honorem
1175 512 1280 560 inde
1314 514 1529 575 portavit.

419 582 614 631 Putabat
651 599 700 631 se
735 586 950 646 posuisse
984 598 1070 632 nos
1108 587 1154 632 in
1189 583 1340 647 celos,

420 653 509 701 Sed
543 669 650 702 mox
686 656 858 703 audivit
895 657 1028 704 triste
1062 656 1231 709 melos,

420 725 529 773 Cum
566 726 742 774 videret
776 734 937 776 contra
973 729 1123 790 ipsum
1159 730 1398 789 insurgere
1434 727 1580 774 sortes
1617 726 1839 779 camelos,

421 796 535 854 Quia
570 798 687 846 Deus
724 799 890 846 evertit
925 799 1070 861 ipsius
1107 800 1430 851 intentionem,

337 882 398 915 125
423 867 512 915 Per
547 869 783 917 doctorem
820 870 1069 932 Langium,
1107 883 1255 917 meum
1292 870 1671 921 commilitonem.

420 938 506 996 Qui
544 940 695 1002 ipsum
731 941 864 989 facile
900 943 1054 1003 coegit
1090 941 1146 988 ad
1182 941 1566 1003 redargutionem.

419 1010 619 1074 Langius
655 1028 759 1060 cum
795 1014 1027 1076 insperato
1064 1013 1302 1061 ecclesiam
1339 1015 1532 1060 intraret

421 1081 570 1144 Seque
607 1083 664 1130 ad
699 1084 1020 1146 disputandum
1055 1090 1240 1146 pararet

421 1153 477 1200 Et
511 1154 759 1203 nonnullos
794 1155 1138 1218 Erphordenses
1176 1169 1330 1203 secum
1365 1161 1596 1218 portaret,

340 1238 402 1289 iao
425 1225 527 1272 Mox
563 1228 724 1288 posuit
758 1228 849 1289 ipsi
884 1227 1140 1287 gloriosum
1176 1227 1388 1280 Cantate‚

424 1296 482 1344 Ut
517 1304 733 1344 canerent
766 1298 985 1360 Requiem
1023 1298 1122 1345 sine
1155 1297 1368 1345 Laudate.

422 1368 520 1416 Hoc
555 1383 662 1421 vos,
700 1367 868 1430 reliqui
903 1369 1133 1432 Pharisei,
1171 1376 1343 1416 notate.

424 1437 612 1496 Quando
648 1440 878 1487 Alveldius
914 1454 1017 1488 cum
1055 1441 1152 1487 suis
1189 1440 1371 1488 volebat
1406 1439 1549 1487 multa
1584 1440 1757 1492 dicere,

424 1510 552 1558 Tunc
586 1511 701 1558 nihil
736 1517 954 1573 poterant
989 1517 1151 1559 contra
1186 1511 1407 1574 Langium
1443 1511 1692 1575 proficere,

341 1596 402 1630 135
427 1580 540 1638 Quia
566 1583 698 1629 scivit
721 1596 883 1630 eorum
908 1581 1203 1631 deliramenta
1229 1598 1314 1646 per
1338 1585 1612 1646 scripturam
1641 1597 1814 1631 sacram
1842 1585 2043 1630 reiicere.

426 1653 480 1700 Et
517 1668 620 1700 cum
655 1653 856 1715 Langius
893 1654 1158 1717 reprobavit
1194 1655 1480 1703 cucullorum
1517 1655 1735 1708 abusum,

426 1725 637 1772 Reddidit
671 1724 923 1773 Alveldium
960 1733 1111 1774 totum
1148 1727 1415 1780 confusum,

425 1795 538 1853 Quia
572 1811 666 1844 non
701 1797 894 1859 putabat
927 1798 1049 1846 hunc
1085 1797 1307 1861 puerilem
1342 1799 1508 1852 lusum,

423 1868 521 1931 Ego
558 1870 691 1931 quasi
727 1869 947 1931 acquisivi
984 1871 1315 1932 stranguriam,

268 1943 275 1952 ’
339 1953 405 1988 140
427 1938 617 1997 Quando
654 1940 745 1987 vidi
782 1941 1108 1989 monachorum
1144 1942 1391 1991 ruditatem
1429 1948 1475 1989 et
1510 1942 1730 1990 incuriam

429 2010 782 2061 Ostendencium
820 2027 870 2060 se
907 2014 954 2060 in
992 2015 1203 2061 scienciis
1241 2013 1408 2062 habere
1443 2013 1695 2077 penuriam.

427 2082 487 2131 Et
521 2084 664 2132 ceteri
700 2084 955 2132 assidentes
991 2084 1201 2133 monachi
1237 2085 1436 2134 Minores

426 2154 567 2203 Erant
601 2155 734 2203 beani
771 2162 817 2202 et
853 2158 975 2204 avari
1013 2163 1275 2206 caseatores

429 2229 496 2276 Ac
531 2227 652 2290 apud
688 2228 919 2290 simplices
955 2230 1144 2291 pessimi
1181 2229 1459 2276 adulatores.

347 2311 410 2347 145
435 2297 521 2356 Qui
558 2300 695 2347 etiam
732 2299 859 2346 valde
894 2300 1089 2348 dulciter
1123 2301 1328 2348 riserunt

428 2370 485 2417 Et
521 2372 641 2418 inter
678 2385 727 2418 se
763 2371 953 2419 ridendo
992 2378 1403 2425 conversaverunt,

429 2440 577 2499 Quum
611 2442 843 2490 Alveldius
879 2443 991 2490 dixit
1027 2457 1117 2507 que
1151 2458 1237 2506 pro
1275 2458 1359 2491 suo
1398 2443 1558 2491 ordine
1596 2443 1816 2497 fecerunt.

430 2513 520 2562 Sed
555 2520 686 2562 erant
721 2513 849 2563 valde
886 2515 1114 2578 simplices
1153 2515 1291 2568 socii,

431 2584 815 2644 Quemadmodum
851 2594 960 2634 sunt
995 2586 1061 2634 illi
1098 2586 1215 2634 lusci
1255 2594 1302 2635 et
1338 2585 1474 2634 luridi
1513 2584 1852 2638 Ochsenl'urdii,

347 2670 415 2707 15⁰
436 2658 610 2721 lstique
646 2659 772 2722 parvi
810 2665 856 2705 et
893 2659 1033 2721 grisei
1070 2657 1378 2706 Ratzenkuvii.

434 2728 523 2777 Sed
557 2735 611 2777 ut
646 2730 825 2777 redeam
861 2729 981 2778 unde
1017 2745 1118 2777 sum
1155 2731 1418 2792 digressus.

432 2800 583 2850 Dicam
619 2801 766 2850 adhuc
800 2801 1051 2855 modicum,
1089 2808 1331 2864 antequam
1369 2802 1455 2848 sim
1493 2800 1669 2854 sessus:

435 2872 604 2921 Postea
640 2873 802 2921 faciam
839 2873 1002 2921 breves
1040 2873 1293 2921 dictaminis
1331 2886 1559 2920 recessus.

434 2944 484 2991 ln
521 2945 833 3008 disputatione
868 2944 1103 2992 Alveldius
1140 2943 1362 2992 clamabat
1399 2957 1545 3006 usque
1581 2943 1636 2990 ad
1674 2941 1851 3005 celum,

354 3030 416 3064 ιω
440 3015 528 3063 Sed
563 3018 610 3063 in
649 3030 731 3064 sua
767 3016 980 3079 pharetra
1016 3016 1192 3064 nullum
1230 3015 1390 3063 habuit
1424 3015 1595 3063 bonum
1635 3013 1800 3066 telum,

433 3086 490 3134 Et
525 3087 737 3136 omnibus
774 3089 871 3135 suis
906 3087 1041 3136 dictis
1080 3087 1268 3135 obduxit
1304 3088 1488 3149 nigrum
1523 3086 1696 3139 velum:

435 3159 587 3221 Atque
621 3159 806 3207 adduxit
840 3158 967 3207 valde
1004 3159 1167 3220 frigida
1202 3165 1493 3220 argumenta.

436 3230 670 3279 Fantasias
708 3230 1051 3292 vetularumque
1087 3230 1326 3292 figmenta,

438 3299 535 3364 Que
572 3317 598 3349 a
634 3301 790 3349 multis
828 3308 1102 3365 reputantur
1137 3302 1446 3349 deliramenta.

356 3387 421 3422 ιω
445 3372 534 3420 Sed
569 3373 802 3436 nihilper
837 3372 1061 3421 clamores
1097 3388 1208 3421 suos
1245 3375 1494 3436 promovit:

438 3443 548 3491 Nam
586 3446 665 3507 qui
701 3446 891 3492 nescivit
926 3445 1099 3507 ipsum.
1138 3445 1312 3493 fatuum
1351 3444 1590 3506 cognovit.

442 3515 697 3578 Omnesque
733 3518 1000 3564 assistentes
1036 3516 1094 3564 ad
1128 3518 1272 3563 risum
1309 3515 1568 3564 commovit.

442 3587 548 3635 Dico
588 3593 734 3636 tamen
772 3586 896 3650 quod
931 3594 1004 3635 est
1039 3587 1175 3635 homo
1212 3587 1509 3650 Ingeniosus.

443 3658 499 3706 Et
534 3666 693 3707 contra
729 3658 876 3707 bonos
913 3673 1065 3707 mores
1103 3657 1296 3707 multum
1332 3658 1614 3712 malitiosus.

360 3731 540 3780 16511110
579 3733 626 3779 ln
664 3729 877 3779 omnibus
913 3732 1011 3779 suis
1047 3730 1183 3780 dictis
1219 3732 1507 3780 criminosus.

233 3884 290 3913 ¹¹⁸
317 3885 516 3928 Ioannes
548 3883 775 3939 bangius,
816 3884 1203 3941 Augustinianus‚
1237 3883 1379 3927 theol.
1411 3883 1474 3928 dr.
1506 3882 1788 3925 Erfurtensis
1821 3886 1977 3923 contra
2008 3877 2261 3920 Alveldiutu

109 3955 365 4012 disputanti
394 3956 592 4012 Aegidio
621 3955 873 3998 Mechlerio
904 3956 1200 4011 praesidebat.
1288 3954 1343 3983 ¹⁵⁸
1374 3952 1533 4009 Fant.]
1567 3966 1728 4007 nugae.

211 4029 324 4070 Err.
349 4041 607 4071 onscvson.
631 4041 790 4070 vinon.
1825 4023 1890 4071 33
