2456 4264
250 266 370 325 292
834 288 1072 316 EPISTOLAE
1093 287 1401 316 onchRORVM
1421 286 1631 322 VIRORVM
1654 286 1802 314 NOVAE.
1869 301 1873 306 ›

390 1774 547 1824 Credo
596 1774 727 1839 quod
773 1773 900 1823 bene
945 1772 1245 1822 intellexistis
1294 1787 1401 1828 me,
1451 1776 1498 1820 et
1547 1771 1640 1835 hec
1686 1775 1759 1820 est
1807 1771 2009 1820 veritas:
2059 1775 2109 1820 et
2153 1767 2428 1836 prohibeo,

251 1859 384 1909 vohis
422 1865 469 1909 et
506 1860 709 1908 coniuro
750 1873 832 1907 vos
868 1873 958 1923 per
998 1859 1222 1907 virtutem
1260 1857 1479 1905 omnium
1516 1856 1830 1905 scientiarum
1868 1854 2224 1920 prohibitarum
2264 1853 2419 1923 quod

247 1945 491 1995 neminem
531 1943 759 1993 doceatis,
834 1943 895 1993 Et
930 1944 1001 1992 sic
1038 1941 1202 1991 Valete
1240 1957 1299 1991 ex
1335 1940 1714 2006 Ruprechtsow:
1752 1941 1805 1990 in
1843 1939 1979 1990 brevi
2003 1938 2143 2004 plura
2171 1944 2393 2004 expecta-

247 2029 360 2078 bitis
395 2045 423 2078 a
460 2044 538 2078 me
577 2034 625 2078 et
660 2029 844 2078 maiora
884 2028 924 2076 si
958 2026 1041 2077 illa
1078 2026 1353 2092 placuerint
1388 2024 1540 2075 vobis,
2421 2027 2424 2031 '

1009 2264 1094 2324 66.
1169 2265 1524 2337 [Appendicis
1565 2266 1636 2332 4.]
2406 2239 2447 2317 μιν

357 2381 739 2462 Magister
782 2382 1119 2442 Abraam
1154 2381 1383 2442 Isaac
1429 2380 1518 2441 de
1563 2378 1809 2460 stirpe
1846 2377 2287 2438 Aminadab

855 2494 1188 2564 Magistro
1226 2493 1510 2547 Or'tvino
1549 2491 1786 2546 Gratio

1213 2594 1445 2645 Salutem.

390 2709 630 2759 Malarum
666 2709 1007 2773 bonarumque
1045 2710 1222 2758 artium
1249 2707 1479 2758 altissime
1505 2707 1764 2770 magister:
1803 2705 1924 2755 sciat
1949 2705 2212 2755 dominatio
2238 2711 2394 2773 vestra

253 2795 383 2859 quod
421 2809 511 2858 ego
549 2794 659 2845 volo
697 2796 794 2845 iam
833 2795 1112 2845 satisfacere
1148 2794 1403 2858 promissis
1441 2793 1579 2850 meiS,
1619 2792 1732 2856 quia
1768 2791 1973 2856 promisi
2007 2806 2158 2856 super
2184 2795 2426 2840 vestram1

252 2881 535 2944 petitionem
574 2880 770 2944 quando
807 2893 834 2927 a
872 2878 1009 2930 vobis
1054 2878 1236 2928 recessi
1283 2894 1341 2928 ex
1380 2876 1608 2934 Colonia,
1657 2876 1788 2941 quod
1835 2875 1942 2926 volo
1981 2875 2116 2925 vobis
2165 2876 2398 2925 continue

253 2966 488 3014 novitates
525 2963 759 3016 scribere.
833 2964 895 3012 Et
930 2969 1043 3013 ante
1081 2963 1243 3012 omnia
1268 2962 1476 3012 libenter
1502 2961 1752 3011 haberetis
1777 2961 1909 3026 quod
1934 2958 2397 3029 notificaremvobis

256 3048 316 3098 de
353 3048 436 3098 illo
474 3055 629 3099 astuto
667 3049 842 3099 Iurista
878 3049 1061 3098 Ioanne
1099 3047 1361 3107 Reuchlin,
1411 3063 1524 3098 cum
1571 3056 1670 3110 quo
1717 3046 1949 3110 magister
1986 3050 2154 3094 noster
2191 3033 2420 3106 lacobus,

243 3132 316 3186 ,de
353 3126 615 3183 Hochstrat
650 3133 856 3183 multum
894 3133 1044 3183 habet
1079 3135 1129 3182 in
1155 3133 1300 3183 Curia
1336 3138 1542 3198 propter
1579 3131 1726 3181 fidem
1763 3130 2091 3181 tractandum.
2164 3129 2270 3180 Hoc
2306 3141 2395 3193 ego

245 3206 363 3265 ‘volo
403 3218 562 3267 facere
600 3235 659 3267 ex
697 3206 933 3283 singulari
970 3218 1242 3268 dilectione.
1318 3217 1456 3266 Tunc
1494 3217 1656 3266 sciatis
1693 3216 1852 3280 primo
1901 3213 2030 3281 (quia
2068 3228 2159 3277 ego
2197 3213 2259 3264 ab
2297 3213 2423 3263 ori-'1

257 3302 367 3364 gine
405 3303 573 3351 mundi
609 3303 745 3353 vobis
784 3305 944 3352 omnia
980 3303 1224 3369 pandam.)
1302 3302 1506 3361 Quando
1545 3314 1635 3364 ego
1672 3301 1858 3350 recessi
1894 3301 1945 3350 in
1983 3298 2156 3349 diebus
2195 3298 2396 3369 Canicu-

256 3383 443 3433 laribus
484 3400 649 3435 versus
685 3387 915 3442 Romam,
966 3394 1018 3437 ut
1062 3387 1192 3437 hene
1240 3389 1395 3444 scitiS,
1446 3393 1563 3436 tunc
1607 3385 1791 3436 nullam
1839 3386 2074 3434 maiorem
2121 3384 2396 3449 passionem

257 3468 407 3518 habui
454 3471 604 3531 super
652 3477 800 3519 totam
852 3474 999 3530 viam,
1048 3475 1142 3522 nisi
1189 3473 1320 3537 quod
1367 3473 1576 3539 maxime
1623 3471 1789 3519 sitivit?
1813 3486 1919 3526 me,
1970 3468 2166 3534 quando
2204 3464 2431 3542 ascendis.

258 3553 379 3602 altos
417 3544 608 3602 montes
644 3555 693 3602 in
730 3554 896 3618 Algoia
935 3547 1045 3604 cum
1083 3558 1204 3606 meis
1242 3558 1401 3606 sociis,
1444 3542 1535 3605 'Et
1573 3555 1766 3620 quando
1804 3555 1913 3604 veni
1959 3554 2020 3603 ad
2058 3552 2277 3609 Curiam,
2326 3536 2395 3600 fa-

261 3643 366 3687 ctus
404 3653 511 3687 sum
550 3653 719 3687 servus
757 3639 1023 3701 corporalis
1072 3642 1214 3689 unius
1252 3640 1519 3689 Cal-dinalis
1566 3654 1721 3704 prope
1759 3639 1995 3702 Campum
2042 3637 2190 3702 flore:
2241 3642 2289 3686 et
2324 3633 2426 3685 suia

257 3722 464 3771 servitor
501 3736 618 3771 suus
656 3728 766 3771 octo
804 3723 1053 3771 mensibus
1091 3739 1201 3771 cum
1239 3738 1415 3786 magna
1454 3724 1699 3787 diligentia
1736 3739 1828 3788 pro
1879 3739 1975 3772 uno
2023 3722 2263 3771 beneficio
2313 3734 2394 3769 cu·
2448 3718 2456 3768 l

368 3906 384 3929 ⁷
415 3907 474 3948 M.
499 3905 624 3949 Oztu.
651 3905 753 3948 (ω.
777 3909 815 3947 5.
903 3904 919 3930 8
951 3904 995 3946 s.
1017 3909 1057 3945 5.
1146 3903 1180 3929 ¹³
1210 3906 1271 3945 M.
1295 3909 1334 3946 5.
1421 3905 1576 3946 Iacob.
1598 3909 1638 3947 5.
1725 3903 1761 3932 18
1792 3902 1862 3956 Qfi
1884 3908 1927 3946 5.
