2456 4264
217 273 339 331 402
795 292 990 321 onrvnu
1012 290 1173 318 GRA'HI
1194 288 1423 317 nmszronA
1445 288 1786 317 APOLOGE'HGA.

215 427 351 476 vobis
386 437 489 472 esse
523 421 935 471 commendatum.
1013 418 1212 478 Ecquid
1246 419 1463 466 mirum?
1501 418 1702 464 Laudes
1737 419 1886 472 enim..
1906 418 2227 465 obscurorum
2264 419 2369 464 sor-

217 513 303 559 des
347 512 483 567 sunt,
541 519 641 553 non
680 504 956 565 preconia,
1009 516 1101 550 nec
1149 507 1222 549 est
1266 503 1354 550 sub
1403 502 1522 549 orbe
1558 502 1738 549 lunari
1771 506 1873 549 tam
1910 515 2149 561 perverse
2195 501 2373 547 meritis
2424 540 2427 542 .

214 595 383 651 homO,
426 591 514 651 qui
546 590 624 637 vel
658 589 838 635 merita
874 587 1068 645 laudis,
1112 590 1202 634 aut
1236 587 1333 644 vite
1370 588 1663 641 innocenter
1699 590 1809 643 acte
1843 590 2014 632 testem
2053 586 2116 632 ab
2154 585 2374 632 obscuris
2451 587 2453 591 ⁴

212 681 367 738 petat.
445 674 534 721 Est
569 678 618 719 et
655 672 787 719 alius
822 671 1026 727 ecclesie
1054 671 1288 730 prelatus
1330 665 1617 736 [chaldaice
1643 671 1787 745 apud
1807 682 1898 717 nos
1921 671 2205 726 litterature
2234 669 2371 728 peri·
2416 663 2437 738 J:

215 755 312 825 tus]
356 760 444 819 qui
477 759 594 805 licet
633 756 882 816 Capnioni
915 754 1037 802 bene
1073 756 1214 814 velit,
1256 755 1578 802 severissimis
1613 758 1780 802 tamen
1817 767 1904 802 vos
1940 755 2221 814 insequitur
2257 766 2371 800 car·
2389 754 2419 803 5⁵

215 844 459 905 minibuS,
498 842 724 901 Itemque
761 839 1053 886 Richardus
1090 839 1224 899 ipse,
1267 844 1590 898 coquomento
1628 837 1882 897 Sbrulius,
1924 842 2080 898 poeta
2117 842 2162 885 et
2201 842 2376 885 orator
2420 856 2432 886 *2

216 942 316 976 non
353 926 606 985 vulqaris,
639 925 699 974 in
737 937 831 971 sua
871 922 1213 984 Chrysoclzari
1251 922 1524 971 Treberica
1563 924 1635 970 ad
1665 923 2022 984 pientissimum
2052 921 2375 969 Trevirorum
2431 947 2447 966 2

210 1013 490 1074 presulem,
540 1009 905 1069 sapientissime
949 1020 1034 1054 vos
1071 1011 1120 1054 et
1155 1008 1426 1066 redarquit
1461 1012 1509 1054 et
1544 1006 1782 1066 castiqat.
1858 1007 2113 1054 Malumus
2149 1007 2307 1066 iqitur
2341 1019 2375 1052 a
2431 1001 2448 1014 ”

219 1096 355 1154 vobis
393 1095 582 1150 abiecte
618 1092 767 1139 sortis
803 1091 1079 1139 hominibus
1115 1092 1402 1151 vituperari
1443 1105 1595 1152 quam
1629 1092 1851 1140 laudari.
1925 1090 2055 1138 Nam
2092 1095 2212 1138 teste
2246 1090 2376 1138 Aulo

226 1181 383 1229 Gellio
419 1178 502 1226 lib.
538 1185 599 1220 VJ.
626 1176 770 1223 Noct.
801 1176 901 1223 Att.
983 1174 1098 1231 ‘Qui
1143 1177 1399 1244 maledicit
1443 1181 1492 1223 et
1536 1177 1812 1237 vituperat,
1861 1177 2012 1234 fidem
2058 1189 2157 1223 uon
2194 1173 2368 1235 capit’,
2419 1204 2437 1216 -

223 1265 446 1323 Itemque
481 1275 574 1309 nec
610 1261 756 1307 valde
788 1261 1017 1319 qaudere
1053 1259 1304 1317 debemus,
1360 1260 1440 1318 (ut
1476 1260 1756 1320 Auqustino
1792 1261 1996 1321 placuit
2033 1260 2104 1306 ad
2148 1260 2193 1307 V
2194 1260 2376 1308 olusia-
2419 1263 2422 1266 ’

224 1350 366 1408 uum)
406 1346 607 1407 quando
644 1346 1019 1405 vituperamur,
1074 1342 1204 1399 Quia
1251 1357 1343 1391 nec
1389 1345 1679 1405 depravare
1723 1345 1940 1404 iniuria,
1988 1357 2082 1392 nec
2127 1356 2380 1392 coronare

217 1436 386 1494 potest
433 1432 545 1479 laus
590 1430 786 1476 aliena'.
862 1429 998 1475 Hinc
1043 1426 1239 1475 Seneca
1290 1428 1352 1474 de
1388 1429 1623 1476 remediis
1669 1428 2005 1487 fortuitorum
2055 1442 2145 1476 nos
2194 1429 2386 1488 optime
2428 1463 2429 1466 η

113 1535 135 1566 ιι
150 1517 543 1574 iijbconsolatur.
609 1512 765 1559 ‘Male
813 1513 1024 1572 (inquit)
1072 1513 1135 1559 de
1180 1517 1228 1559 te
1273 1513 1550 1572 opinantur
1595 1513 1842 1573 homines,
1892 1514 1982 1561 sed
2014 1509 2019 1578 Ι
2052 1514 2190 1560 mali.
2251 1512 2376 1560 .Mo-
2433 1515 2455 1575 3'

131 1608 205 1651 osb
226 1615 400 1660 verer,
452 1600 496 1647 si
541 1598 603 1644 de
647 1610 724 1644 me
757 1597 980 1656 Marius,
1030 1597 1075 1644 si
1096 1591 1118 1662 Η
1145 1595 1314 1654 Lelius
1359 1599 1586 1658 sapiens,
1637 1599 1686 1644 si
1731 1599 1866 1645 alter
1902 1597 2050 1658 Cato,
2101 1599 2147 1645 si
2181 1596 2373 1658 Scipio-
2415 1595 2420 1602 '

224 1699 310 1734 nes
364 1682 494 1732 duo’.
573 1681 638 1728 Et
693 1694 813 1729 mox
869 1681 1073 1728 adiicit:
1126 1680 1403 1741 ‘Moverer,
1455 1683 1500 1729 si
1542 1681 1638 1729 hoc
1683 1683 1874 1730 iudicio
1924 1680 2188 1741 facerent,
2245 1678 2382 1742 quod
2426 1697 2447 1741 f

223 1783 358 1818 nunc
394 1767 566 1816 morbo
598 1763 862 1823 faciunt'.·
915 1764 956 1810 (1
1004 1764 1148 1820 Quod
1194 1770 1361 1813 autem
1398 1778 1484 1813 vos
1534 1760 1639 1831 [(ut
1685 1766 1756 1814 ad
1792 1767 1899 1813 alia
1929 1759 2374 1832 proqrediamur)]
2424 1752 2451 1799 ’ἶ

223 1865 420 1902 movere
446 1853 616 1912 posset
653 1853 743 1897 aut
780 1850 963 1896 dictum
1001 1854 1092 1897 aut
1118 1847 1344 1910 factum,
1386 1863 1508 1910 quos
1542 1863 1644 1898 non
1670 1851 1942 1910 puduerit,
1977 1851 2152 1911 palam
2189 1851 2382 1898 cunctis
2424 1890 2442 1918 4

223 1937 525 1998 tepentibus,
579 1934 794 1981 omnium
835 1931 954 1991 fere
999 1935 1262 1982 criminum
1308 1935 1506 1982 sordem
1557 1929 1891 2002 [(stuprorum
1918 1937 2186 1996 presertim
2223 1941 2269 1983 et
2303 1947 2380 1983 so·

226 2010 431 2086 domieJ]
484 2019 545 2066 de
590 2018 848 2078 vobisipsis
887 2012 1137 2076 confiteri.
1214 2018 1382 2066 Nolite
1424 2020 1596 2079 itaque
1639 2020 1693 2067 in
1729 2021 1905 2068 vestris
1942 2020 2013 2067 ad
2046 2033 2123 2067 me
2159 2020 2379 2081 epistolis
2399 2036 2456 2095 ³:

216 2110 489 2168 parentum
514 2102 639 2150 milii
659 2115 882 2150 meorum
917 2103 1253 2150 conditionem
1291 2108 1381 2151 aut
1415 2107 1599 2152 statum
1636 2104 1969 2174 exprobrare.
2043 2105 2200 2152 Patre
2234 2108 2382 2153 natus

223 2205 328 2239 sum
366 2188 612 2237 Federico
665 2187 728 2234 de
774 2187 932 2235 Graes
976 2188 1028 2234 in
1076 2188 1265 2235 diocesi
1309 2188 1699 2237 Monasteriensi
1733 2202 1900 2250 prope
1938 2187 2242 2248 Cosfeldiam
2290 2189 2379 2236 lia-
2427 2185 2450 2213 ⁵³³

224 2277 414 2324 bitante
450 2277 498 2320 et
535 2271 703 2319 adhuc
737 2273 1030 2333 superstite,
1071 2285 1184 2320 cum
1220 2273 1480 2321 sororibus
1513 2274 1633 2321 meis
1668 2278 1717 2321 et
1753 2275 1942 2322 amicis.
2019 2275 2074 2321 id
2109 2274 2247 2334 quod
2281 2286 2379 2322 non
2413 2284 2443 2314 2

224 2360 427 2408 summis
463 2357 610 2404 modo
639 2357 700 2418 ‚in
740 2356 946 2411 Colonia
982 2357 1128 2415 viris,
1170 2370 1340 2405 verum
1377 2362 1424 2405 et
1460 2359 1742 2406 clarissimo
1779 2359 2207 2418 illustrissimoque
2233 2359 2378 2419 prin·

226 2445 332 2505 cipi
378 2456 441 2490 ac
476 2441 888 2489 reverendissimo
935 2441 1138 2498 ecclesie
1176 2442 1594 2495 Monasteriensis⁷
1626 2444 1865 2503 pontifici
1899 2442 2079 2502 Erico,
2129 2444 2253 2490 satis
2297 2457 2375 2491 su·
2412 2500 2415 2501 γ
2443 2428 2456 2445 ³

217 2541 416 2589 perque
451 2528 673 2585 constat,
726 2526 884 2573 veluti
916 2525 1044 2572 liber
1080 2526 1142 2573 de
1189 2526 1475 2587 Vestplzalie
1510 2527 1771 2587 laudibus,
1820 2528 1979 2576 eidem
2017 2541 2049 2575 a
2086 2528 2228 2576 nobis
2264 2531 2388 2576 ante
2419 2525 2448 2601 ζ

332 2693 350 2718 ⁶
372 2692 579 2746 Sprulius
597 2672 639 2731 1.
697 2690 715 2717 ⁷
736 2692 977 2742 Treuerozy
994 2695 1035 2733 2.
1100 2690 1136 2717 ¹⁰
1155 2692 1424 2746 Adscriptus
1446 2707 1660 2734 numerus
1671 2694 1748 2736 VI.
1759 2697 1805 2734 61
1825 2695 1929 2747 ipsa
1948 2695 2093 2735 verba
2112 2694 2218 2745 ‘Qui
2238 2694 2388 2736 male-¹
2419 2662 2443 2709 ξ

229 2765 344 2805 dicit
435 2763 572 2815 capit)
594 2762 834 2815 inpediunt
856 2763 1095 2815 quominus
1119 2762 1359 2803 Ortvinum
1383 2762 1450 2804 ‘A.
1475 2763 1592 2806 Gell.
1615 2765 1644 2806 1.
1666 2764 1892 2807 V1.·N.A.’
1914 2778 1996 2818 pro
2020 2765 2146 2807 ι(3661.
2170 2766 2271 2809 ΙΙΙ.’
2294 2767 2323 2810 i.
2339 2779 2379 2807 e.
2416 2733 2446 2819 ἒ

229 2835 326 2876 cie.
356 2847 437 2887 pro
461 2832 569 2873 Cael.
594 2846 632 2875 c..
654 2831 693 2873 3.
717 2833 956 2886 scripsisse
989 2834 1244 2886 opinemur.
1277 2834 1412 2874 Certe
1436 2848 1509 2887 ap.
1533 2834 1651 2876 Gell.
1671 2834 1750 2876 lib.
1773 2835 1851 2876 VI.
1884 2834 1932 2886 (i.
1958 2849 1997 2876 e.
2020 2835 2149 2888 VII.)
2181 2837 2380 2877 recitata
2450 2829 2454 2832 ’

227 2905 371 2947 verba
391 2917 479 2944 non
510 2904 711 2944 invenio.
773 2901 805 2928 ¹¹
827 2903 1071 2957 Augustin.
1085 2917 1218 2945 serm.
1229 2903 1326 2945 315.
1343 2904 1422 2956 (al.
1436 2903 1503 2945 35.
1516 2905 1614 2946 sive
1636 2904 1792 2945 homil.
1804 2904 1944 2957 50.;)c
1956 2907 1996 2945 4.
2010 2908 2040 2947 i.
2055 2906 2087 2946 f.
2150 2905 2182 2931 ¹³
2206 2903 2418 2959 aliena]·

228 2975 351 3016 falsa
373 2975 484 3027 Auy.
538 2971 733 3026 Seneca]
758 2973 813 3014 de
845 2987 955 3014 rem.
979 2975 1012 3014 f.
1038 2987 1138 3028 cap.
1162 2975 1202 3015 7.
1263 2972 1298 3000 ²¹
1330 2975 1470 3015 Patre
1493 2989 1573 3016 na·
1557 2972 1662 3029 -ltre
1684 2975 1790 3016 nato
1811 2979 1854 3016 2.
1888 2977 2017 3028 (unde
2038 2972 2389 3018 Faerstemannus

227 3044 356 3084 harle
385 3072 442 3079 -
469 3043 628 3084 Harlae
655 3044 845 3095 fortasse
882 3047 1099 3098 legendum
1131 3058 1236 3093 esse,
1269 3047 1355 3098 ‘qui
1389 3049 1502 3086 vicus
1531 3052 1596 3087 est
1621 3060 1760 3100 prope
1793 3047 2084 3099 Coess'eldiam’
2115 3050 2378 3089 coniectavit.

224 3115 407 3165 frustra.
410 3113 428 3165 )
452 3114 665 3155 Simillima
688 3113 884 3154 Ortvinus
914 3117 967 3155 de
996 3128 1043 3155 se
1074 3113 1189 3166 (nam
1213 3114 1423 3156 Ortvinum
1444 3117 1729 3169 Pepericorm'
1748 3118 2045 3169 Defensionem
2065 3124 2217 3160 contra
2242 3120 2387 3170 famo·
2415 3123 2443 3191 ἐξ

227 3197 300 3224 sas
332 3183 377 3223 O.
408 3184 459 3225 V.
482 3187 683 3235 epistolas
702 3185 902 3224 Latinam
925 3186 1084 3238 fecisse
1095 3192 1246 3226 ·eoetra
1276 3186 1440 3226 dubium
1469 3183 1552 3240 est)
1583 3200 1721 3240 supra
1750 3202 1794 3241 p.
1821 3187 1913 3229 118.
2001 3186 2038 3214 ²²
2066 3189 2313 3230 Frederico
2335 3192 2383 3231 2.
2415 3179 2443 3242 ἓξ

228 3252 265 3279 ²3
296 3253 458 3292 amieis
489 3256 527 3293 1.
540 3257 581 3294 2.
617 3254 789 3305 (amitis
799 3254 837 3306 ·?)
924 3253 960 3279 ²⁶
991 3256 1108 3296 liber
1139 3256 1194 3295 de
1225 3256 1415 3308 Vestph.
1440 3254 1493 3310 1.]
1526 3258 1646 3297 Huic
1677 3259 1890 3300 Werneri
1918 3258 2150 3299 Rolevink
2181 3259 2235 3299 de
2257 3261 2381 3300 Laer
2402 3258 2445 3368 Q

233 3322 282 3374 (†
311 3321 522 3373 a.1502.)
554 3323 671 3364 libro
704 3323 777 3376 (de
808 3324 945 3366 laude
979 3326 1165 3378 antique
1188 3325 1404 3367 saxonie.
1437 3340 1557 3368 nune
1578 3328 1870 3382 Westphalie
1892 3329 2055 3381 ,’(11616,
2089 3330 2148 3371 cf.
2170 3330 2310 3370 Hain.
2333 3343 2376 3370 n.

234 3390 428 3443 13961.,)
478 3405 609 3444 quem
652 3394 819 3434 iterum
860 3395 1003 3435 edidit
1041 3396 1258 3437 Ortvinus
1298 3396 1501 3438 Coloniae
1542 3412 1582 3439 a.
1606 3398 1753 3450 1514.,
1801 3399 2078 3452 repetiitque
2118 3381 2443 3692 nubamus}

232 3459 372 3514 (Serr.
394 3461 629 3504 Brunsvie.
650 3464 731 3506 III.
753 3478 796 3517 p.
819 3463 1085 3518 606...653.)‚
1127 3468 1368 3519 praemissa
1408 3471 1477 3508 est
1508 3468 1658 3509 Gratii
1698 3430 1757 3510 ad
1784 3469 1970 3511 Ericum
1999 3470 2379 3511 Monasteriensis
2415 3506 2445 3523 .·.

231 3530 447 3571 dioecesis
477 3532 740 3583 pontificem
770 3535 988 3586 epistola,
1024 3538 1154 3577 6111113
1183 3537 1319 3578 finem
1352 3538 1582 3591 adponere
1612 3540 1762 3581 iuvat:
1795 3540 1928 3594 „Ego
1959 3539 2191 3582 Ortwinus
2222 3551 2389 3583 servus
2438 3543 2442 3546 ”

231 3598 301 3651 (111
332 3601 400 3640 316
432 3600 600 3652 dicam)
632 3606 761 3654 tuus,
801 3605 848 3643 in
879 3608 959 3645 tua
991 3606 1183 3647 dioecesi
1219 3613 1377 3660 natus,
1420 3610 1501 3649 sed
1530 3610 1800 3652 Daventriae
1840 3611 1924 3651 sub
1962 3614 2124 3664 patruo
2161 3620 2263 3653 meo
2302 3612 2358 3653 do

231 3671 354 3710 mino
383 3671 557 3710 Ioanne
589 3670 643 3711 de
678 3672 822 3712 Graes
852 3675 1043 3715 nutricis
1074 3676 1197 3716 laete
1240 3681 1286 3717 et
1321 3679 1453 3720 bonis
1484 3680 1649 3721 dehine
1689 3682 1865 3722 artibus
1903 3685 2103 3734 tempore
2133 3681 2382 3723 Alexandri
2408 3686 2434 3779 Ξ

229 3740 386 3793 Hegii,
417 3740 515 3780 illio
545 3746 654 3781 tune
677 3743 1057 3795 gymnasiarchae,
1092 3747 1330 3798 enutritus,
1365 3749 1486 3788 altus
1509 3753 1645 3803 atque
1669 3755 1845 3802 auctus,
1881 3755 1927 3791 61
1949 3752 2005 3792 ob
2025 3752 2220 3804 idipsum
2241 3752 2382 3806 vulgo
2408 3782 2439 3820 3,-

228 3811 580 3852 Daventriensis
613 3812 980 3866 cognominatus,
1017 3816 1279 3856 commendo
1310 3818 1668 3870 magnificentiae
1699 3825 1790 3861 tuae
1820 3825 1999 3874 patrem
2028 3834 2176 3862 meum
2206 3823 2378 3864 Frede-

229 3882 375 3921 ricum
406 3881 461 3921 de
495 3881 660 3931 Graes,
703 3883 893 3936 antiqua
922 3884 1236 3938 laudabilique
1269 3891 1414 3927 ortum
1444 3892 1683 3942 prosapia,
1718 3895 1764 3931 61
1793 3905 1971 3933 3010163
2001 3904 2128 3932 meas
2161 3893 2391 3946 quinque,
2410 3879 2427 3948 ξ

2413 4010 2430 4066 ἶ

2404 4081 2424 4098 a
