2456 4264
101 264 207 296 vot..
228 263 262 292 1.
321 261 490 291 ANTON.
511 260 848 289 RUBENSTADH.
919 257 977 290 27·
1000 260 1127 289 IOAN.
1154 259 1422 293 STABLERII.
1491 256 1547 290 28.
1572 262 1706 292 CONR.
1728 263 2121 296 DOLLENKOPFFII.
2186 242 2258 300 41,

101 392 322 445 homines
357 405 460 440 non
497 389 682 440 debent
719 391 791 440 eis
828 391 948 450 dare
985 390 1184 455 aliquid,
1226 390 1274 438 in
1313 405 1610 455 quocunque
1648 395 1776 440 statu
1799 391 1995 450 fuerint,
2037 395 2136 443 sive
2163 395 2263 444 alto

101 480 203 529 aive
235 476 408 533 basso,
463 475 566 526 sive
616 474 950 525 ecclesiastico
989 477 1088 524 sive
1126 475 1394 526 mundano,
1462 472 1639 540 ‘Nuper
1679 476 1749 525 sui
1786 476 2032 542 Moguntie
2070 479 2119 527 in
2157 484 2269 528 actu

101 562 184 614 iuo
218 576 366 626 quem
403 559 781 623 celebraverunt
818 561 1039 623 magistri
1076 561 1230 608 nostri
1272 566 1442 609 contra
1481 560 1748 610 Reuchlin:
1788 567 1906 611 tunc
1945 567 2019 611 est
2056 562 2122 611 ibi
2163 565 2268 628 qui-

101 648 211 699 dam
256 645 539 712 predicator
586 647 638 695 in
687 661 880 695 summo
929 646 1012 709 qui
1061 650 1130 694 est
1182 647 1413 708 magister
1461 652 1628 696 noster
1679 652 1936 710 promotus
1975 648 2024 695 in
2063 648 2270 713 Heydel-

41 729 252 796 ὁδῶ-33
290 736 339 781 et
373 736 578 780 vocatur
614 730 992 794 Bartholomeus
1029 730 1302 786 Zebender,
1342 730 1491 779 latine
1521 729 1850 781 Decimarius:
1889 730 1971 781 ille
2006 732 2271 796 publicavit

99 819 154 870 in-
185 815 395 867 ambone
433 816 566 881 quod
603 816 829 865 homines
867 815 1108 865 deberent
1147 817 1410 864 convenire
1449 815 1508 864 ad
1549 822 1837 880 sequentem
1876 817 2003 866 diem
2033 823 2079 866 et
2105 819 2269 868 videre

98 901 343 969 windo
390 899 657 966 Speculum
717 899 916 950 oculare
964 900 1370 950 combureretur:
1431 900 1545 963 quia
1593 901 1696 963 ipse
1742 901 1947 965 putabat
1994 903 2125 965 quod
2171 917 2269 950 non

100 991 229 1044 unet
259 984 509 1051 possibile,
550 986 684 1050 quod
723 986 897 1035 doctor
923 985 1165 1035 Reuchlin
1204 990 1373 1050 posset
1410 985 1817 1034 invenirelunam
1858 984 2097 1034 fallaciam
2138 986 2267 1050 quod

99 1063 217 1129 mind
247 1085 365 1134 >non
411 1071 579 1120 fieret:
628 1076 747 1119 tunc
795 1086 923 1120 unus
961 1072 1125 1119 socius
1163 1071 1244 1135 qui
1287 1075 1360 1119 est
1400 1069 1492 1126 ibi,
1534 1074 1581 1119 et
1619 1069 1789 1119 dieunt
1827 1069 1956 1134 quod
1998 1075 2070 1118 est
2108 1077 2268 1134 poeta,

39 1156 368 1220 „firmimivit
420 1161 469 1206 et
522 1156 778 1206 seminavit
835 1157 1076 1219 pessimos
1123 1169 1380 1203 sermones
1429 1158 1602 1203 contra
1651 1154 1926 1218 predictum
1978 1157 2266 1219 magistrum

29 1257 32 1261 ’
97 1246 345 1302 nostrum,
391 1246 446 1291 -et
493 1241 692 1306 quando
730 1240 941 1289 obviavit.
989 1242 1057 1297 ei,
1110 1246 1228 1294 tunc
1275 1240 1468 1304 aspexit
1516 1255 1628 1288 eum
1678 1244 1880 1303 aspectu
1919 1240 2182 1290 draeonico
2223 1247 2270 1289 et

33 1334 43 1386 ζ.
98 1341 360 1392 venenoso.
436 1325 498 1376 Et
547 1326 665 1375 dicit
701 1325 927 1391 publice:
980 1325 1100 1374 ‘Iste
1138 1325 1422 1389 predicator
1467 1339 1567 1372 non
1617 1330 1690 1373 est
1737 1325 1915 1388 dignus
1953 1325 2084 1389 quod
2124 1325 2271 1375 debet

33 1454 43 1468 ,
97 1411 271 1464 sedere
318 1412 368 1462 in
414 1426 584 1461 mensa
635 1397 720 1461 ubi
767 1411 942 1460 sedent
989 1409 1135 1475 probi
1182 1410 1297 1467 viri,
1351 1410 1463 1475 quia
1503 1424 1702 1472 possum
1752 1409 1967 1474 probare
2017 1400 2147 1475 quod
2199 1417 2272 1460 est

83 1511 307 1562 'nequam
345 1503 394 1547 et
422 1496 711 1562 pultronuS‚
751 1497 867 1560 quia
901 1497 951 1544 in
988 1494 1202 1544 ambone
1228 1493 1511 1544 inecclesia
1540 1499 1699 1544 vestra
1728 1510 1894 1544 coram
1925 1498 2057 1545 omni
2084 1496 2268 1561 populo

34 1583 332 1639 asmentitus
370 1587 445 1632 est
481 1586 654 1632 contra
694 1582 873 1631 famam
914 1582 1058 1631 unius
1100 1579 1386 1631 excellentis
1411 1581 1534 1636 viri,
1578 1586 1625 1629 et
1651 1581 1772 1630 dixit
1802 1580 1883 1629 illa
1910 1597 2003 1646 que
2032 1597 2131 1630 non
2158 1588 2272 1631 sunt

96 1665 254 1718 facta’.
330 1667 392 1717 Et
427 1667 737 1732 pretenditur
776 1667 898 1716 diei:
949 1673 1024 1715 ‘ex
1065 1667 1242 1715 invidia
1284 1664 1522 1715 tribulant
1558 1666 1704 1715 istum
1745 1666 1930 1715 bonum
1972 1667 2267 1723 doctorem';

96 1758 147 1806 et
169 1751 431 1818 appellavit
468 1767 581 1802 eum
620 1751 829 1802 bestiam
867 1756 916 1802 et
954 1767 1154 1809 canem;
1197 1758 1244 1801 et
1271 1752 1393 1801 dixit
1421 1751 1550 1815 quod
1579 1751 1743 1801 nullus
1769 1752 2026 1816 phariseus
2053 1768 2267 1817 unquam

94 1837 266 1889 suisset
310 1838 376 1887 ita
423 1839 732 1902 nequitiosus
781 1843 829 1887 et
864 1837 1074 1887 invidus.
1151 1842 1200 1886 et.
1238 1837 1365 1886 venit
1405 1835 1511 1885 talis
1549 1852 1713 1886 sermo
1754 1837 1813 1886 ad
1854 1837 2127 1901 predictum
2167 1853 2269 1886 ma-

94 1922 322 1987 gistrum,
361 1928 411 1973 et
445 1924 554 1987 ipse
592 1924 840 1973 excusavit
878 1939 930 1972 se
969 1923 1288 1978 sufficienter,
1330 1928 1383 1971 ut
1421 1921 1539 1970 mihi
1581 1921 1785 1978 videtur,
1827 1923 1940 1986 quia
1979 1923 2100 1971 dixit
2138 1922 2267 1987 quod

32 2008 318 2081 *pq'uamvis
354 2022 452 2056 non
492 2007 781 2058 combustus
819 2013 895 2058 est
931 2007 1011 2058 ille
1047 2007 1189 2064 liber,
1229 2013 1393 2056 tamen
1433 2007 1654 2055 fortassis
1681 2006 2003 2056 comburetur
2028 2009 2077 2056 in
2105 2013 2268 2072 poste-

31 2086 41 2155 ᾇ
90 2107 220 2143 rum.
294 2092 358 2143 Et
401 2091 627 2157 allegavit
673 2094 968 2159 scripturam
1017 2107 1208 2143 sacram
1249 2093 1299 2140 in
1352 2089 1517 2140 multis
1564 2090 1817 2154 passibuS,
1869 2092 1999 2156 quod
2052 2108 2148 2140 non
2198 2098 2271 2141 est

35 2199 38 2202 ’
94 2178 404 2228 mendacium
458 2178 656 2242 quando
696 2178 870 2243 aliquis
908 2179 1024 2227 dicit
1063 2176 1246 2242 aliquid
1286 2193 1377 2242 pro
1416 2176 1511 2225 fide
1551 2175 1806 2225 catholica.
1882 2177 1944 2226 Et
1981 2177 2100 2225 dixit
2137 2178 2267 2241 quod

93 2261 245 2313 balivi
283 2269 334 2314 et
370 2262 605 2313 officiales
643 2263 874 2328 Episcopi
913 2262 1304 2327 Moguntinensis
1330 2261 1694 2326 impediverunt
1720 2260 1855 2310 illum
1886 2262 2067 2310 factum
2097 2268 2268 2311 contra

92 2362 290 2399 omnem
324 2348 606 2413 equitatem.
685 2349 782 2398 Sed
820 2348 1046 2398 homines
1085 2346 1326 2397 deberent
1353 2347 1518 2396 videre
1546 2346 1659 2411 quid
1687 2353 1799 2409 post
1826 2346 1918 2396 bac
1946 2348 2266 2411 contingeret.

33 2433 207 2498 'asquia
256 2433 363 2499 ipse
398 2431 546 2483 vellet
585 2448 692 2483 esse
731 2434 972 2498 propbeta
1012 2433 1144 2498 quod
1183 2432 1262 2481 ille
1300 2432 1425 2482 liber
1465 2429 1868 2489 combureretur,
1918 2433 2061 2481 etiam
2102 2433 2141 2482 si
2179 2433 2267 2481 im-

94 2523 291 2584 perator
337 2524 387 2568 et
422 2533 514 2569 rex
549 2518 784 2584 Francie,
840 2525 888 2569 et
927 2533 1099 2567 omnes
1138 2518 1387 2583 principes
1427 2523 1476 2567 et
1514 2516 1666 2565 duces
1703 2521 1895 2566 starent
1932 2533 2025 2582 pro
2066 2518 2269 2567 doctore

43 2648 46 2649 γ
94 2601 350 2655 Reuchlin.
423 2602 556 2654 Talia
608 2604 737 2654 volui
790 2603 925 2653 vobis
964 2604 1260 2667 significare,
1302 2609 1355 2652 ut
1394 2603 1564 2652 essetis
1603 2602 1858 2652 eavisatuS.
1937 2607 1984 2651 et
2022 2618 2144 2667 rogo
2185 2619 2268 2651 vos

93 2688 224 2754 quod
247 2688 415 2740 ‘velitis
453 2704 561 2739 esse
598 2689 806 2754 diligens
844 2691 893 2738 in
933 2690 1151 2753 negociis
1190 2690 1385 2746 vestriS,
1437 2703 1498 2737 ne
1537 2688 1804 2737 incurratis
1842 2687 2144 2738 scandalum.
2223 2693 2270 2738 ct

94 2773 165 2824 sic
199 2772 369 2826 valete.
446 2774 623 2824 Datum
662 2776 713 2823 in
752 2773 1093 2838 Miltenpergk.

41 3030 85 3067 a·
1136 3012 1223 3073 28.

447 3096 731 3191 Frater
777 3129 1199 3192 Conradus
1245 3129 1916 3211 Dollenkopffius

700 3243 1038 3314 Magistro
1079 3244 1367 3297 Ortvino
1408 3244 1647 3297 Gratio

95 3353 307 3410 Salutem
358 3364 407 3408 et
445 3358 755 3409 devotionem
795 3359 1117 3410 humillimam
1157 3376 1269 3409 cum
1312 3359 1616 3409 orationibus
1656 3358 1971 3424 quottidianis
2010 3358 2139 3422 apud
2181 3357 2265 3405 ‹lo-

66 3441 279 3507 ⁴minum
317 3449 542 3495 nostrum
580 3445 743 3495 lesum
783 3444 1038 3495 christum.
1118 3445 1423 3495 Venerabilis
1464 3446 1549 3501 vir,
1591 3460 1689 3493 non
1729 3443 1951 3493 babeatis
1988 3443 2264 3492 molestiam

41 3525 226 3592 §quod
269 3527 435 3578 scribo
484 3529 620 3579 vobis
669 3530 730 3579 de
777 3532 997 3594 negociis
1048 3531 1194 3587 meis,
1245 3546 1357 3580 eum
1410 3546 1492 3578 vos
1541 3528 1670 3578 bene
1720 3528 1912 3578 habetis
1951 3529 2133 3577 maiora
2176 3543 2265 3591 pro

53 3599 59 3603 ¹
94 3611 296 3675 agendo.
370 3614 457 3664 sed
495 3615 684 3664 dixistis
723 3615 839 3664 mihi
879 3614 992 3665 olim
1033 3616 1162 3680 quod
1203 3614 1435 3665 deberem
1475 3614 1611 3664 vobis
1649 3629 1845 3678 semper
1886 3613 2106 3662 seribere
2146 3628 2264 3676 quo-

203 3765 222 3793 ⁸
251 3766 352 3810 doc.
375 3771 471 3812 1.2.
503 3770 545 3811 d.
571 3773 613 3814 3.
686 3769 720 3796 ¹²
751 3775 939 3825 putrem)
971 3776 1013 3813 2.
1086 3770 1119 3797 ¹⁰
1152 3773 1212 3812 let
1243 3772 1533 3825 pretenditur
1565 3772 1657 3811 diei
1692 3769 1761 3823 ex]
1794 3771 1913 3809 malis
1944 3769 2003 3807 Et
2034 3767 2264 3820 pretendit

93 3834 168 3878 tel
195 3836 312 3879 dixit
345 3840 416 3880 ‘ex
460 3846 534 3881 cml
562 3842 851 3895 pretenditur
882 3843 1054 3883 dixisse
1087 3843 1160 3883 ‘ex
1192 3849 1273 3885 ece.
1362 3841 1398 3867 ²³
1432 3841 1579 3882 balini
1613 3844 1708 3883 1.3.
1742 3840 1938 3880 batini2.
2030 3837 2113 3877 illi]
2147 3839 2260 3878 1....3.

202 3906 240 3935 ⁸²
267 3909 332 3952 M.
353 3913 476 3954 1...3.
563 3910 601 3937 ³³
633 3913 914 3965 quotidianis
944 3917 989 3955 2.
