2456 4264
586 292 735 321 mnEx
755 292 911 322 EORVM
935 293 1037 327 (ΠΕ
1060 293 1147 322 noc
1170 293 1411 323 vonvmmss
1436 293 1782 324 coN'rmEN‘rvR.
2071 289 2252 329 XXVII

2164 422 2253 465 Pag.

234 484 498 530 destruant:
536 485 596 529 ita
634 482 800 544 Lipsiae
840 497 1024 544 quoque
1063 482 1260 544 superbe
1298 497 1346 529 sc
1384 484 1576 539 iactant,
1625 490 1677 529 ut
1715 483 1894 544 quidam
1934 485 2000 529 di-

231 561 354 601 ceret
390 554 729 600 baccalaureum
767 554 879 601 iuris
917 554 1104 599 honoris
1142 554 1283 613 gradu
1323 555 1605 615 superiorem
1645 569 1746 601 esse
1784 557 2000 616 magistro

230 626 419 676 artium,
459 625 531 672 cui
573 633 720 672 tamen
760 627 958 687 scriptor
994 626 1281 671 contradixit.
1356 640 1489 684 nunc„
1514 633 1665 673 autem
1703 640 1760 672 ne
1787 626 2001 673 Ortvinns

209 697 286 743 .de
322 711 456 744 causa
494 696 596 743 fidei
634 697 847 759 desperet
883 696 1056 748 suadet,
1096 711 1197 743 eum
1236 697 1385 744 valere
1424 697 1583 744 iubens
1624 705 1727 744 ‘tam
1755 698 1830 744 diu
1858 699 2002 746 donec

229 767 512 815 Psell'erkorn
549 775 700 814 manet
737 768 1049 814 Christianus’.

96 871 182 920 61.
220 865 398 915 Petrus
437 864 696 915 Charitatis
735 864 954 916 Ortvino.
1102 865 1181 928 (ad
1218 865 1522 924 Harzonem‚
1561 864 1931 929 Halberstadii.)
1986 906 1996 916 .
2037 873 2256 917 280...282

227 939 288 986 De
324 939 499 986 duabus
536 940 683 986 zechis
721 946 766 985 et
790 940 844 986 de
871 939 1180 1001 disputatione
1207 940 1448 1001 scriptoris
1475 954 1575 986 cum
1602 940 1741 1001 Petro
1765 942 2000 993 monacho,

228 1011 347 1057 unde
384 1011 527 1057 Gratii
563 1025 730 1058 nomen
767 1011 940 1062 veniat,
989 1018 1143 1057 utrum
1182 1027 1206 1057 a
1243 1012 1386 1072 gratia
1435 1025 1490 1057 an
1530 1026 1555 1057 a
1593 1011 1828 1064 Gracchis3
1879 1013 2000 1073 quod

229 1089 476 1143 utrumque
522 1083 702 1144 quidam
749 1084 861 1129 mire
899 1082 1057 1128 Latine
1090 1081 1419 1143 -interloquens
1467 1090 1626 1144 negat,
1676 1082 1729 1128 ab
1778 1084 1999 1130 avunculo

229 1154 386 1200 Gratio
422 1153 779 1201 Halberstatensi
818 1153 1029 1201 carnifice
1068 1167 1232 1199 nomen
1258 1154 1509 1200 deducens.
1556 1155 1630 1200 cui
1669 1154 1852 1200 fortiter
1890 1156 2002 1202 resi-

230 1226 310 1271 stit
354 1225 544 1277 Petrus3
593 1225 670 1271 ille
717 1227 961 1272 tamenin
1008 1239 1064 1271 eo
1111 1225 1342 1286 persistit,
1393 1239 1476 1271 nec
1523 1226 1729 1287 spurium
1769 1226 1999 1273 Ortvinum

229 1287 569 1358 dispensatione
621 1296 898 1357 legitimum,
957 1311 1039 1343 nec
1091 1297 1288 1343 ludaeum
1326 1296 1679 1358 Pepericornum
1730 1297 2001 1359 baptismate

232 1367 536 1414 Christianum
575 1367 721 1415 factos
749 1382 864 1414 esse.
913 1370 1067 1429 itaque
1093 1367 1230 1414 huius
1269 1367 1513 1415 nebulonis
1551 1377 1817 1429 argumenta
1855 1376 1906 1416 ut
1932 1383 2016 1433 re-¹

231 1439 380 1486 futare
417 1438 629 1486 Ortvinus
667 1439 827 1487 doceat
862 1440 1026 1486 Petrus
1066 1447 1216 1501 rogat.

90 1540 172 1591 62.
211 1536 442 1601 Magister
480 1535 675 1586 Gratius
714 1537 947 1601 Magistro
987 1535 1204 1586 Ortviuo,
1353 1553 1412 1587 ex
1451 1535 1746 1588 Halberstat.
1801 1577 1812 1587 .
1892 1577 1902 1588 .
1981 1578 1991 1588 .
2033 1544 2254 1587 282...284

230 1610 435 1667 Carnifex
471 1611 881 1658 Halberstadiensis
919 1605 1063 1658 frater
1099 1614 1255 1658 matris
1284 1611 1482 1664 Ortvini,
1524 1627 1625 1674 quae
1667 1614 1848 1674 spurios
1888 1627 2003 1660 seni-

229 1696 312 1744 per
360 1682 524 1730 habere
570 1683 1081 1747 melioremvsortunam
1132 1685 1416 1745 comperiens
1468 1691 1632 1745 sponte
1683 1685 1908 1731 sacerdoti
1955 1700 2003 1732 se

230 1753 526 1806 submiserat,
565 1754 652 1801 sibi
691 1761 898 1816 gratatur
934 1755 988 1801 de
1026 1761 1118 1801 tam
1154 1756 1323 1802 celebri
1363 1762 1555 1817 nepote,
1595 1757 1777 1817 scriptis
1803 1772 1889 1818 pro
1917 1757 2002 1803 fide

231 1832 389 1873 contra
426 1825 723 1872 Reuchlinum
775 1834 1027 1896 poetas-que
1082 1827 1419 1879 famosissimo,
1468 1827 1760 1891 amicitiaque
1808 1828 2002 1874 aliorum

230 1897 466 1944 Reuchlini
514 1894 901 1950 adversariorum,
951 1899 998 1944 in
1046 1898 1205 1960 primis
1252 1899 1516 1946 Hochstrati
1553 1899 1835 1961 Arnoldique
1874 1900 2004 1946 -Tun-

231 1969 433 2028 grensis,
480 1982 567 2019 ,nec
611 1983 703 2016 non
740 1969 1029 2031 Pepericorni
1068 1970 1216 2018 claro:
1272 1984 1376 2016 vere
1414 1970 1490 2016 lux
1528 1971 1682 2016 mundi
1722 1971 2002 2032 splendidior

232 2039 448 2086 Bernensi
485 2048 749 2087 coruscaret
787 2041 824 2087 si
861 2041 926 2088 vhii
966 2043 1270 2103 quattuorviri
1308 2055 1401 2088 uno
1441 2056 1556 2102 rogo
1603 2041 2000 2089 comburerentur.

231 2111 339 2157 ltem
379 2111 547 2172 gaudet
584 2113 833 2159 avunculus
872 2113 993 2174 quod
1033 2113 1243 2159 Ortvinus
1282 2126 1431 2175 nuper
1476 2111 1639 2159 vetulae
1688 2113 1864 2160 cuidam
1911 2116 1998 2160 vim

233 2181 460 2230 inlaturus
498 2183 609 2234 fuit,
660 2185 832 2245 qnippe
878 2185 998 2246 quod
1047 2186 1180 2231 etiam
1229 2185 1283 2231 ad
1323 2182 1735 2247 suumssartificium
1774 2187 2003 2246 pertineat

232 2260 280 2300 et
318 2261 413 2300 ‘vos
453 2250 710 2315 theologos’
750 2255 930 2309 deceat;
971 2255 1099 2302 illum
1138 2262 1289 2302 autem
1328 2255 1647 2303 Coloniensem
1685 2264 1882 2317 poetam,
1923 2259 2000 2318 qui

227 2325 445 2386 Porquini
482 2325 667 2372 nomine
703 2325 936 2373 Ortvinum
977 2329 1251 2374 conviciatus
1290 2335 1381 2380 est,
1419 2327 1624 2389 patibulo
1663 2327 1849 2389 affigere
1887 2329 2002 2374 desi-

228 2397 370 2443 derat.
444 2396 631 2444 Generis
669 2397 954 2445 claritudinis
992 2412 1236 2445 memorem
1275 2406 1486 2461 nepotem
1526 2399 1688 2446 samam
1714 2414 1797 2462 per
1823 2415 2000 2447 omnem

230 2476 452 2515 terrarum
490 2468 647 2516 orbem
686 2469 934 2516 diffundere
971 2469 1221 2518 avunculus
1258 2471 1483 2517 hortatur.

87 2621 390 2665 ALTERIVS
419 2622 810 2665 EXEMPLARIS
841 2623 1148 2669 ACCESSIO.

229 2709 507 2776 Stephanus
519 2708 813 2761 Calvastrius
824 2709 1025 2761 Ortvino
1044 2710 1226 2762 GratiO.
1258 2710 1363 2779 [Est
1383 2716 1553 2777 prioris
1574 2715 1814 2762 voluminis
1835 2717 1966 2798 epist.
1991 2713 2082 2779 19.]
2168 2711 2253 2779 (29)

91 2813 173 2866 63.
203 2807 293 2876 [1.]
331 2809 542 2860 Ioannes
580 2809 640 2860 de
679 2809 1033 2861 Schwinfordia
1063 2811 1264 2862 Ortvino
1293 2813 1475 2879 GratiO.
1626 2808 1946 2863 Snerssheim.
1989 2853 1999 2862 .
2039 2819 2256 2862 ⁶284...288

229 2885 490 2946 Respondet
527 2884 712 2932 Ortvino
762 2886 815 2931 de
853 2887 1038 2933 victoria
1087 2901 1112 2932 a
1148 2887 1401 2934 Reuchlino
1452 2886 1592 2934 relata
1645 2887 1920 2950 silentioque
1961 2890 2001 2934 ei

230 2957 432 3018 inposito
471 2958 721 3019 nuntianti,
762 2971 810 3004 se
847 2971 940 3003 non
967 2957 1234 3020 intellegere
1259 2959 1491 3021 quomodo
1519 2959 1794 3006 Reuchlinus
1821 2974 1844 3005 a
1872 2960 2001 3006 theo-

229 3026 350 3088 logis
388 3034 434 3075 et
458 3027 763 3090 Pepericorno
791 3029 935 3076 victus
973 3030 1061 3075 dici
1099 3030 1271 3092 possit,
1312 3045 1413 3078 cum
1452 3031 1540 3077 iam
1578 3038 1746 3092 praeter
1783 3038 2002 3092 quattuor

233 3098 391 3146 solitas
439 3098 681 3146 facultates
727 3114 885 3147 novam
925 3101 1159 3162 quamdam
1199 3102 1485 3148 condiderint
1523 3103 1566 3148 in
1606 3102 1853 3163 perniciem
1892 3104 2000 3148 arti-

230 3173 381 3223 sticae‚
432 3173 773 3232 corruptionem
823 3172 1160 3225 studiosorum,
1209 3173 1418 3220 damnum
1474 3175 1810 3234 magistrorum.
1889 3175 2000 3220 Tum

231 3242 378 3288 fusius
424 3241 478 3288 de
527 3257 660 3290 causa
707 3244 827 3289 inter
863 3243 1274 3306 Wimpbelingum,
1322 3258 1455 3307 quem
1504 3253 1664 3292 contra
1703 3245 1998 3292 'l'ritbemium

230 3312 461 3374 religiosis
508 3313 742 3361 ordinibus
794 3314 990 3361 debitam
1042 3317 1357 3363 auctoritatem
1409 3323 1453 3363 et
1502 3318 1805 3378 praerogativa
1843 3316 1999 3363 libello

231 3385 286 3430 de
323 3384 587 3445 integritate
623 3385 871 3433 detraxisse
909 3386 1234 3449 opinabantur,
1276 3396 1322 3434 et
1358 3388 1545 3434 Paulum
1573 3388 1790 3449 Langium
1834 3388 1997 3448 agitata

230 3456 497 3509 disseritur;
539 3463 757 3517 quattuor
793 3458 1125 3505 cucullatorum
1163 3459 1339 3520 species
1367 3460 1728 3520 distinguuntur,
1768 3459 2000 3520 Wimpbe-

233 3526 343 3588 lingi
393 3527 603 3589 discipuli
655 3537 1001 3581 enumerantur,
1050 3546 1086 3575 S.
1125 3531 1472 3592 Hieronymum,
1527 3533 1675 3592 ipsum
1715 3531 1997 3582 monachum,

231 3605 390 3645 contra
428 3599 675 3646 monachos
712 3600 856 3646 fuisse
894 3608 1111 3662 negatur,
1155 3608 1246 3648 tres
1284 3603 1610 3649 monachorum
1650 3604 1824 3663 species
1851 3602 2000 3663 lepide

233 3669 523 3716 definiuntur.
589 3670 647 3716 Dc
694 3670 849 3733 Langii
906 3671 1021 3718 libro
1078 3673 1306 3719 Christum
1363 3673 1692 3735 apostolosque
1749 3673 1999 3720 coenobitas

235 3740 377 3786 fuisse
413 3740 636 3802 probante
662 3742 1094 3789 Scbwini'ordiensis
1122 3744 1247 3790 valde
1274 3747 1444 3792 rustice
1472 3745 1700 3806 quomodo
1728 3759 1829 3791 cum
1858 3745 1998 3790 Wim-

233 3811 522 3872 plielingiano
563 3814 756 3873 quodam
796 3814 1095 3876 disputasset,
1137 3815 1267 3862 verba
1307 3817 1427 3863 facit.
1502 3815 1759 3861 Murncrum
1801 3816 1905 3861 item
1944 3816 1997 3860 dc

234 3882 412 3929 Christo
452 3885 671 3931 monacho
711 3885 1079 3946 praedicationem
1128 3886 1365 3940 habuisse,
1418 3888 1497 3934 sed
1535 3886 1997 3947 Wiinpbclingianum

237 3954 457 4015 quendam
496 3962 651 4002 contra
689 3956 855 4002 Christi
897 3958 1213 4005 monachatum
1254 3973 1433 4010 versus,
1483 3959 1559 4019 qui
1600 3964 1894 4018 repetuntur,
1935 3957 1997 4002 sc-
