2456 4264
68 0 153 67 R:

71 65 130 274 Ξ

66 469 83 506 ι
111 452 149 515 ’,
211 465 284 513 He
317 465 420 508 sine
454 477 542 507 sna.
575 466 851 521 praefatione
882 467 1066 510 Ortvini
1093 468 1458 525 Hoohstratique
1495 471 1686 527 ingenia.
1723 472 1772 514 in
1808 473 2105 527 sequentibus
2140 485 2241 529 pro·

246 534 507 593 ,prologus
537 540 636 579 esto

720 625 1052 675 HERMANNVS
1088 627 1396 676 NVENAmvs
1431 628 1608 685 com-:S

994 713 1051 761 ad
1084 712 1338 762 Lectorem.

62 782 69 795 ⁴
103 792 148 856 “-;
231 793 302 845 En
338 803 598 860 opportune
635 796 731 850 tibi,
767 797 914 846 lector
936 798 1269 852 candidissime,
1305 798 1613 848 defensionem
1639 801 1882 863 Capnionis
1906 803 2068 854 nostri.
2108 802 2238 851 uobis

132 877 150 932 J
214 893 243 911 «ι
279 890 282 896 -
294 881 352 915 e
388 881 444 915 ex
478 867 593 915 urbe
628 868 766 915 Roma
804 872 1115 918 transmissam
1151 885 1236 933 per
1272 872 1463 918 amicum
1500 871 1720 933 quendam
1759 871 2089 925 fidelissimum.
2126 871 2236 931 Qun

123 945 126 947 “
164 955 189 976 2·
245 944 319 986 est
352 952 380 986 a
415 938 611 1001 quodam
645 939 942 989 celeberrimo
978 947 1025 988 et
1048 941 1312 989 acutissimo
1337 941 1548 990 Romana
1573 942 1810 991 academias
1837 942 2066 1003 theologo,
2103 957 2237 1005 quem

147 1022 274 1074 pa
300 1009 527 1072 Apologia
570 1024 662 1057 non
708 1011 846 1058 audet
888 1011 1123 1059 nominare
1157 1011 1444 1060 Reverendus
1479 1012 1791 1060 calumniator.
1865 1012 1942 1060 Est
1977 1020 2127 1061 autem
2163 1013 2240 1061 de·

274 1079 353 1128 illa
386 1082 512 1143 ipsa,
561 1081 618 1128 de
662 1096 751 1143 qua
796 1082 954 1130 scribit
990 1082 1046 1130 ‘si
1082 1083 1159 1130 hic
1192 1083 1331 1132 heros
1366 1084 1427 1130 sit
1462 1083 1532 1130 vir
1575 1082 1673 1135 ille.
1725 1085 1803 1146 qui
1849 1084 2069 1132 iacturam
2116 1084 2238 1137 iecit.

153 1149 385 1202 initium
418 1152 624 1200 nascitur
659 1152 874 1213 “Rogasti
913 1168 986 1202 me
1020 1155 1083 1201 mi
1105 1153 1377 1216 Stephane'ss
1382 1155 1393 1171 ’
1466 1153 1572 1202 Haec
1616 1153 1708 1201 ille.
1782 1154 2005 1202 Audistin’
2042 1154 2238 1203 rhetori·

168 1233 176 1256 ³
308 1221 450 1274 istum
492 1222 856 1302 logodaedalum?
902 1225 983 1272 sed
1026 1224 1131 1272 audi
1176 1240 1278 1287 quae
1324 1230 1603 1287 sequuntur,
1654 1224 1821 1273 'Sciant
1866 1227 2079 1288 quoniam
2125 1227 2237 1273 satis

239 1322 254 1332 ‚.
323 1300 364 1341 ι
406 1293 643 1357 responsi,
689 1295 814 1358 quod
857 1295 905 1342 in
949 1296 1066 1344 hanc
1108 1310 1257 1358 usque
1299 1296 1457 1343 horam
1493 1295 1648 1343 Romae
1684 1296 1802 1359 apud
1838 1297 2238 1346 reverendissimos

125 1355 179 1377 '¹¹'
254 1386 279 1415 τ,
330 1364 590 1414 Cardinales
626 1365 740 1414 citra
776 1366 991 1428 replicam
1027 1366 1275 1430 perdurat’.
1347 1366 1454 1414 Haec
1489 1367 1653 1415 iterum
1690 1365 1780 1414 ille.
1854 1367 1889 1414 0
1926 1366 2093 1416 bellum
2129 1368 2238 1416 aaut·

239 1505 466 1569 indicto,
525 1522 660 1570 quam
708 1508 906 1556 enodare
950 1509 1040 1557 hoc
1085 1508 1319 1571 sophisma
1362 1510 1748 1572 praesumpserim.
1819 1509 2040 1572 Exposuit
2087 1516 2235 1558 tamen

447 1579 697 1627 amicorum
733 1580 904 1633 dicens,
942 1579 1080 1627 videri
1117 1579 1204 1627 sibi
1241 1580 1296 1627 ad
1332 1581 1421 1628 hoc
1459 1580 1646 1629 tendere
1683 1582 1968 1633 sententiam,
2007 1587 2059 1628 ut
2083 1580 2234 1631 Romae

128 1643 329 1739 *ln
357 1648 613 1699 defensioni
657 1649 835 1699 abunde
882 1651 1163 1699 satisfactum
1209 1651 1459 1699 credamus.
1532 1650 1767 1709 Quomodo
1816 1665 1927 1712 ergo
1972 1663 2126 1700 verum
2165 1658 2236 1699 est

420 1727 497 1774 t,
545 1721 727 1784 quando
764 1722 820 1769 de
858 1724 995 1770 tertio
1032 1723 1181 1770 Beroe
1218 1722 1389 1785 inquit.
1436 1722 1559 1785 quod
1596 1723 1716 1784 ignis
1751 1721 2032 1771 devoraverit
2069 1721 2233 1774 omnia.

288 1783 421 1862 pro
457 1791 686 1855 capnione
721 1794 963 1855 coegerat?
1000 1793 1071 1843 Si.
1093 1794 1181 1841 hoc
1217 1800 1303 1846 est,
1328 1793 1463 1872 quod
1499 1792 1633 1841 verba
1669 1793 1766 1842 haec
1800 1792 2013 1842 Heracliti
2050 1793 2235 1856 scriptis

174 1919 178 1922 .
284 1883 303 1901 ν
387 1861 646 1925 significare
682 1864 862 1916 volunt,
900 1864 1016 1912 bene
1052 1863 1211 1916 habet,
1250 1864 1287 1911 si
1324 1863 1446 1926 ignis
1470 1863 1670 1911 nondum
1696 1866 1788 1911 visa
1814 1863 2082 1927 absumpsit,
2121 1877 2237 1928 quo·

73 1939 86 1952 '
204 1931 357 1997 ‚ipse
390 1933 525 1990 vidit.
571 1941 620 1982 et
664 1934 933 1998 respondit?
979 1935 1098 1982 bona
1142 1936 1270 1983 venia
1315 1934 1561 1983 Reverendi
1600 1934 1736 1983 huius
1772 1936 1916 1997 patris
1953 1934 2124 1984 dictum
2162 1947 2234 1982 ve·

72 2005 79 2012 ’
119 1984 209 2071 ’Ἥ
277 2004 686 2069 pudentissimum,
733 2013 780 2054 et
825 2005 959 2069 plane
1007 2020 1139 2054 suum
1187 2018 1290 2053 esse
1326 2004 1615 2067 figmentum·
1661 2005 1891 2069 quomodo
1930 2006 2047 2054 enim
2084 2004 2234 2054 dicere

124 2063 151 2088 ²
174 2076 196 2141 fij
297 2090 325 2127 a
360 2090 412 2124 se
454 2089 727 2140 responsum
770 2077 913 2125 misse
956 2090 1111 2125 coram
1147 2075 1548 2126 Reverendissimis
1582 2074 1916 2128 cardinalibus.
1962 2077 2039 2139 qui
2085 2074 2233 2140 ipsum

75 2144 123 2161 ²⁴*
383 2147 567 2211 quidem
611 2147 879 2200 voluerunt.
937 2147 1118 2231 quando
1175 2146 1317 2196 multa
1363 2146 1487 2194 rabie
1531 2153 1578 2194 et
1623 2146 1752 2195 malis
1802 2147 1934 2194 iuriis
1980 2146 2233 2208 exagitatus

90 2225 110 2231 ’“
191 2209 233 2250 A·
240 2217 475 2276 miscere
518 2219 616 2268 suis
654 2218 956 2281 svllogismis.
1005 2220 1100 2266 suis
1138 2219 1347 2281 inquam,
1396 2217 1482 2266 hoc
1518 2224 1590 2265 est
1627 2217 1920 2281 ineptissimis
1956 2215 2234 2267 clamoribus

116 2270 164 2302 ’Δ
238 2277 324 2343 2
366 2289 548 2355 quando
596 2290 654 2338 ad
688 2289 839 2339 valvas
876 2303 1107 2352 sacrarum
1142 2289 1307 2337 aedium
1344 2288 1663 2338 conclusiones
1699 2302 1805 2336 suas
1842 2286 2076 2337 affixerat?
2122 2286 2231 2337 mihi

59 2360 258 2440 w
280 2358 496 2414 audebit?
541 2356 742 2424 (negabit
794 2368 966 2413 tamen.
1014 2360 1124 2424 quid
1169 2359 1287 2407 enim
1325 2373 1417 2407 non
1455 2365 1591 2421 neget
1627 2360 1704 2422 qui
1743 2358 1890 2409 omnia
1926 2364 2077 2421 negat.
2115 2371 2233 2422 pre·

40 2434 102 2497 ;”
174 2440 252 2491 es
293 2445 399 2496 qua
443 2428 572 2480 solus
616 2428 859 2495 affirmat?)
909 2430 1082 2493 Negare
1130 2433 1312 2494 inquam
1360 2429 1543 2478 audebit
1586 2444 1693 2479 suas
1746 2429 1846 2480 illas
1897 2428 2230 2484 conclusiones.

102 2501 109 2507 ’
270 2554 274 2557 Α
350 2503 670 2556 confusiones.
708 2503 862 2552 nomae
899 2503 945 2550 in
983 2501 1152 2555 lutum.
1192 2502 1238 2549 in
1275 2500 1502 2563 pulverem
1539 2500 1722 2565 publice
1758 2499 2057 2554 concultatas.
2095 2506 2140 2548 et
2176 2498 2231 2548 ab

183 2566 373 2646 ..m
406 2572 619 2638 postibus
654 2575 824 2637 passim
859 2573 1062 2636 direptas
1098 2573 1253 2626 fuisse.
1291 2573 1489 2621 omnium
1513 2571 1888 2636 praetereuntium
1913 2572 2104 2621 maximo
2129 2583 2232 2620 cum

201 2635 271 2696 ὀι
313 2644 448 2698 loeo?
497 2658 554 2693 an
601 2644 788 2708 negabit
835 2652 929 2692 tum
975 2658 1114 2707 quum
1158 2644 1213 2692 ad
1251 2643 1460 2691 notitiam
1496 2643 1634 2692 liuius
1670 2641 1834 2692 lierois
1870 2641 2231 2707 consequendam

322 2714 337 2725 ‘
442 2713 679 2764 anhelaret
713 2714 1100 2779 pollicereturque
1125 2729 1174 2763 se
1200 2712 1380 2777 publica
1405 2711 1680 2763 verbositate
1717 2715 1864 2763 omnia
1902 2714 2047 2777 capita
2075 2713 2233 2763 Delen-

76 2779 561 2860 ”inhominius
596 2785 936 2845 demoliturum,
974 2799 1243 2849 responsum
1281 2785 1526 2848 accepisse,
1563 2798 1658 2834 rem
1696 2785 1783 2832 iam
1820 2783 1995 2833 abunde
2031 2784 2232 2849 disputa·

76 2852 182 2931 Q
192 2853 254 2915 ὀἱ
285 2868 315 2910 s
346 2856 626 2908 doctissimis
661 2858 767 2906 viris
805 2858 976 2919 optime
1013 2856 1333 2920 perlustratam
1359 2855 1491 2904 esse?
1529 2869 1669 2919 quare
1695 2855 1983 2918 importunus
2009 2853 2230 2903 Declama-

24 2919 209 3126 ιε
190 2919 455 2993 φρίσίιιιο
489 2927 687 2977 reiectus
722 2926 823 2981 suit.
858 2935 907 2976 et
942 2925 1168 2991 repulsam
1206 2941 1300 2974 sure
1326 2926 1661 2990 importunitati
1685 2925 2022 2975 convenientem
2050 2926 2228 2974 meruit.

206 2996 394 3058 loetum
430 2997 762 3063 proculdubio,
810 3006 861 3047 ut
904 2998 959 3047 ad
1009 2998 1216 3048 notitiam
1255 2996 1413 3045 llerois
1452 2996 1597 3055 illius,
1649 2998 1725 3060 qui
1775 2996 1888 3045 hanc
1935 2995 2113 3045 excudit
2150 2995 2229 3044 ne·

338 3069 643 3134 ,pervenire
691 3084 783 3118 non
831 3069 1050 3133 potuerit.
1123 3067 1389 3117 Gratuletur
1425 3081 1537 3130 ergo
1575 3067 1661 3116 sibi
1699 3067 1754 3115 de
1792 3074 1880 3115 tam
1917 3065 2120 3129 gloriosa
2159 3079 2228 3114 re·

75 3132 357 3222 wenc,
402 3153 535 3203 quam
572 3139 643 3202 (ιιι
680 3139 862 3205 opinor)
900 3142 1013 3188 muti
1051 3147 1228 3188 tantum
1265 3139 1557 3196 audiverunt,
1605 3139 1709 3202 quia
1748 3151 1880 3187 nemo
1920 3139 2135 3189 hactenus
2172 3136 2228 3187 de

164 3209 410 3283 mnam
447 3210 662 3274 prodidit.
735 3210 823 3259 Sed
860 3211 967 3273 quid
1006 3212 1092 3259 boc
1126 3217 1197 3260 est
1235 3209 1356 3273 quod
1382 3208 1519 3257 dicit?
1558 3208 1618 3256 Si
1645 3208 1790 3257 adhuc
1827 3208 2008 3272 (inquit)
2047 3206 2121 3257 illa
2148 3215 2229 3257 sut

198 3280 339 3333 him
374 3279 536 3330 Beroia
572 3282 666 3329 sint
701 3281 975 3346 patrocinia,
1014 3282 1060 3329 in
1099 3280 1246 3330 lucem
1285 3279 1507 3343 prodeant
1543 3287 1679 3344 atque
1716 3280 1920 3329 edantur.
1997 3277 2227 3327 videbitur

242 3366 338 3402 non
374 3352 533 3401 deesse
569 3351 691 3415 quod
728 3367 813 3415 pro
851 3353 938 3401 Deo
968 3359 1015 3400 et
1052 3352 1240 3401 veritate
1277 3350 1544 3413 loquamur’.
1618 3350 1654 3397 Ο
1690 3349 1832 3398 virum
1860 3364 1944 3414 pro
1970 3349 2058 3398 Deo
2084 3357 2130 3397 et
2155 3362 2226 3397 ve-

190 3474 201 3482 ,
182 3421 524 3487 loquentem.
573 3422 679 3486 quid
724 3422 897 3471 diam?
944 3422 1145 3470 Pudetne
1191 3420 1301 3470 nibil
1353 3428 1441 3469 tam
1489 3420 1725 3469 temeraria
1773 3428 1820 3470 et
1865 3420 2055 3484 profana
2092 3418 2224 3468 verbs

203 3494 206 3498 ’
294 3493 316 3543 2
361 3494 466 3557 quid
511 3508 612 3542 cum
660 3494 871 3541 convitiis
916 3499 962 3540 et
1007 3492 1245 3540 calumniis
1280 3492 1399 3540 Deo?
1447 3491 1555 3555 quid
1600 3506 1702 3540 cnm
1740 3491 1980 3541 mendaciis
2017 3490 2224 3539 veritati?

221 3563 403 3613 Christo
451 3579 553 3611 cnm
600 3564 847 3611 Astaroth?
896 3571 1094 3625 nugetur
1142 3562 1290 3626 quoad
1336 3561 1473 3622 libet,
1520 3569 1667 3611 struat
1712 3562 1983 3621 calumnias,
2032 3561 2220 3610 convitis

157 3697 208 3730 ⁸
232 3702 378 3745 Bstst
415 3703 516 3744 brec
557 3699 753 3758 epistola
788 3701 908 3743 inter
938 3700 1189 3757 ‘Epistoiss
1217 3700 1372 3743 'l'riuin
1411 3699 1650 3744 illustrium
1680 3701 1879 3744 virorum
1910 3699 1968 3742 sd
1999 3699 2219 3741 Herman-

61 3678 186 3815 ΖΕΒ
214 3774 427 3816 comitem
450 3765 754 3821 Nnenmnm',
785 3771 842 3814 de
873 3771 1037 3827 quibus
1067 3770 1326 3816 vid.1ndlc.
1350 3766 2216 3827 bibliogr.Butt.pagg.20‘.sq.num.

78 3837 294 3887 m&
316 3845 358 3886 4.
380 3844 421 3886 5.
510 3841 755 3897 ⁸'doi'ens.]
787 3843 975 3898 Georgii
1005 3843 1218 3897 Benigni
1251 3842 1405 3884 Romo
1438 3855 1479 3887 s.
1505 3840 1626 3884 1517.
1650 3842 1834 3884 editam.
1923 3840 1940 3867 ⁸
1971 3839 2079 3884 Rev
2104 3836 2192 3880 esi.
2202 3834 2214 3890 l

78 3907 402 3957 Ποώιιηιιιι.
490 3914 507 3940 ⁹
538 3911 721 3970 scribit]
752 3912 989 3970 Apologia
1020 3913 1058 3956 1.
1080 3926 1186 3969 psg.
1206 3924 1232 3957 n
1252 3912 1337 3967 iiij.

235 1416 495 1499 -Ᾱὶόιίίριιιιι
531 1438 755 1484 sortiatur
788 1437 1109 1500 interpretem!
1149 1437 1214 1484 Dii
1251 1451 1324 1485 me
1360 1437 1575 1500 perdant,
1614 1438 1653 1485 si
1689 1452 1781 1486 non
1816 1440 1943 1500 prius
1977 1438 2022 1486 in
2060 1437 2236 1502 Sphyn·
2312 1432 2323 1444 '
