2456 4264
293 290 448 331 XVIII
756 293 896 322 rumex
918 291 1071 321 nonvu
1095 291 1196 325 szr.
1219 289 1307 318 noc
1329 287 1565 318 vonvmun
1589 285 1928 315 cou'rmtm‘rvn.

2325 409 2412 453 Pag.

429 490 582 528 contra
638 480 872 539 theologos
926 478 1191 539 praedicant,
1238 476 1534 535 dicunturque
1582 472 1921 533 Pepericornum
1977 478 2182 532 propter,

426 555 683 612 Campanam
723 548 1026 594 tormentalem
1063 547 1117 591 ab
1155 560 1207 591 eo
1247 547 1455 606 scriptam
1494 547 1537 589 in
1574 545 1643 588 ius
1681 555 1889 594 voeasse;
1927 538 1972 587 iu
2009 543 2163 603 primis

427 631 571 667 autem
599 618 898 665 Theobaldum
926 617 1098 663 Fettich
1126 622 1279 675 spreto
1318 618 1567 660 iuramento
1595 612 1848 658 Coloniensi
1883 611 2162 658 universitati

428 692 530 736 olim
570 690 772 750 praestito
811 686 1048 746 theologos
1088 685 1327 730 fastidisse.
1402 685 1694 730 Wormatiam
1733 683 1927 741 egressis
1974 684 2056 728 viri
2094 697 2161 728 ar-

427 761 528 805 mati
568 766 687 804 metu
727 758 889 802 iniecto
928 757 1041 801 duos
1079 755 1275 800 florenos
1313 761 1596 814 extorquent.
1671 753 1776 797 Cum
1825 752 1944 798 inter
1980 753 2161 812 pluvias

427 831 638 890 nivesque
677 830 918 887 Augustam
961 825 1285 871 Vindelicorum
1334 831 1562 884 peterent,
1610 822 1836 868 Wilhelmi
1874 824 2044 872 socium
2084 823 2163 869 fri-

426 908 603 959 gentem
659 897 832 944 itineris
888 898 1083 956 suscepti
1137 895 1344 955 paenitet,
1393 896 1436 939 in
1486 895 1587 954 ipso
1641 900 1786 938 tamen
1835 893 2032 953 hospitio
2081 907 2161 938 no·
2226 938 2236 954 ‚

423 972 592 1015 cturnis
630 969 803 1014 choreis
841 966 1041 1026 indulget
1078 966 1314 1026 verbisque
1354 964 1588 1024 impudicis
1634 969 1815 1024 peccat,
1859 962 2158 1023 Landsbergae

422 1047 565 1085 autem
603 1053 702 1085 cum
740 1036 898 1083 ancilla
934 1051 1025 1082 rem
1064 1038 1201 1097 ipsam
1240 1036 1359 1081 facit.
1423 1035 1530 1079 Tum
1570 1047 1650 1094 per
1674 1033 1994 1094 Schongaviam
2032 1035 2160 1094 equis

422 1111 515 1155 luto
556 1110 645 1154 fere
682 1108 925 1154 submersis
963 1107 1015 1152 ad
1042 1106 1339 1167 Oenipontum
1377 1106 1672 1166 perveniunt,
1710 1103 1788 1150 ubi
1826 1103 1944 1150 fort'e
1970 1104 2160 1165 impera-

422 1187 494 1225 tor
544 1193 643 1225 cum
690 1177 844 1224 aulicis
893 1185 1114 1228 moratur,
1163 1190 1354 1237 quorum
1402 1189 1517 1220 unus
1563 1175 1776 1222 acerrima
1821 1174 1866 1220 in
1903 1176 2157 1221 curtisanos

420 1249 546 1295 verba
576 1250 691 1295 facit.
740 1247 900 1293 Deinde
927 1262 1008 1308 per
1031 1248 1292 1308 Pyrenaeum
1330 1246 1419 1290 sive
1445 1245 1663 1291 Brennum
1701 1251 1899 1291 montem
1936 1245 2157 1296 nivosum,

420 1320 491 1365 uhi
530 1321 647 1364 inter
682 1319 849 1378 frigora
897 1318 984 1364 foci
1023 1317 1298 1363 Coloniensis
1344 1315 1564 1361 desiderio
1610 1315 1729 1376 capti
1775 1315 1829 1362 de
1875 1328 1924 1362 re
1967 1330 2156 1363 venerea

418 1390 508 1434 sivc
547 1389 735 1449 frigidos
773 1390 864 1434 sive
900 1387 1067 1434 calidos
1106 1388 1235 1432 faciat
1271 1389 1388 1432 inter
1423 1400 1471 1431 se
1509 1386 1743 1447 disputant
1778 1385 2048 1432 Wilhelmus
2086 1385 2154 1432 lu-

416 1460 711 1519 xuriosusque
749 1459 844 1504 eius
882 1458 1044 1504 socius.
1101 1458 1360 1503 Tridentum
1387 1455 1748 1517 proficiscuntur.
1797 1455 1858 1503 ibi
1884 1455 2153 1503 Wilhehnus

416 1544 595 1590 quoque
633 1529 924 1575 meretriceos
962 1530 1153 1589 sumpsit
1191 1526 1440 1588 amplexus,
1478 1527 1558 1573 sed
1596 1527 1766 1588 peccati
1804 1541 1979 1588 poenam
2017 1528 2152 1574 horas

415 1600 467 1644 de
504 1599 630 1644 beata
669 1599 838 1659 virgine
876 1599 1043 1644 orando
1082 1599 1178 1644 luit.
1253 1598 1469 1644 Veronam
1511 1597 1798 1644 tendentibus
1835 1597 1981 1645 bellici
2018 1612 2152 1659 appa-

414 1676 536 1715 ratus
573 1669 826 1730 militesque
851 1669 982 1720 obvii,
1021 1669 1175 1715 Veneti
1200 1668 1385 1714 Brixiam
1414 1667 1694 1729 opsidebant.
1755 1667 1944 1717 Mantuae
1970 1669 2153 1728 Vergilii

413 1739 707 1800 Baptistaeque
743 1738 979 1785 carmelita:
1017 1739 1329 1791 recordantur;
1368 1739 1593 1790 Bononiae,
1631 1739 1910 1786 morantibus
1948 1739 2010 1786 ibi
2034 1732 2150 1800 Papa

411 1809 693 1870 Franciaeque
731 1823 860 1869 rege,
899 1824 1023 1855 sacra
1062 1817 1325 1870 operantur,
1365 1811 1480 1855 etin
1506 1809 1824 1857 Hochstratum
1847 1809 2150 1857 ‘incidentibus

413 1887 517 1939 post
563 1878 736 1925 litteras
784 1880 1115 1925 Coloniensium
1164 1880 1247 1941 ipsi
1298 1881 1484 1926 traditas
1533 1881 1571 1926 is
1618 1881 1737 1942 apud
1788 1895 1944 1942 regem
1991 1887 2150 1928 contra

409 1949 697 1995 Reuchlinum
737 1963 835 1995 sese
862 1948 1008 1999 moliri
1035 1965 1218 2011 suaeque
1244 1952 1362 2011 parti
1388 1951 1627 2012 theologos
1651 1951 1930 1999 Parisienses
1954 1953 2152 2013 regium-

408 2034 493 2078 que
529 2020 829 2065 eoufessorem
867 2020 1012 2066 favere
1051 2021 1206 2081 aperit.
1281 2021 1365 2067 Per
1401 2022 1674 2069 Florentiam
1711 2022 1929 2084 denique,
1974 2021 2150 2073 Senam,

405 2089 819 2141 Montessasconem,
866 2090 941 2135 ubi
990 2090 1090 2136 vino
1138 2090 1320 2138 lacrima
1357 2091 1520 2138 Christi
1559 2092 1677 2139 dicto
1717 2106 1816 2139 sese
1853 2087 2149 2144 delectarunt,

406 2159 588 2205 Romam
635 2162 919 2220 perveniunt,
981 2161 1055 2206 ubi
1104 2163 1337 2209 maximam
1386 2164 1598 2210 novitatis
1644 2165 1836 2225 gratiam
1883 2162 2148 2229 elephantus

406 2230 522 2290 apud
559 2232 824 2291 scriptorem
862 2231 946 2277 sibi
985 2234 1162 2278 meruit.

270 2329 348 2377 13.
381 2324 593 2374 Thomas
630 2325 858 2375 Klorbius
895 2325 1108 2376 Ortvino.
1253 2329 1586 2379 Confluentiae.
1685 2367 1697 2379 .
1774 2368 1786 2380 .
1861 2368 1873 2379 .
1949 2367 1962 2378 .
2038 2367 2050 2378 .
2127 2367 2138 2378 .
2177 2335 2275 2380 210.
2316 2335 2393 2376 211

404 2398 462 2443 De
488 2399 677 2458 quodam
703 2399 960 2445 doctissimo
985 2400 1196 2460 Magistro
1231 2411 1391 2449 nostro
1418 2403 1649 2450 Ortvinum
1686 2417 1842 2465 parum
1881 2409 2002 2450 recte
2039 2405 2150 2449 scri·

404 2470 549 2527 psisse
597 2467 721 2514 illum
760 2483 858 2516 esse
897 2469 1140 2518 membrum
1185 2473 1338 2520 decem
1377 2474 1743 2526 universitatum,
1783 2487 1884 2521 cum
1923 2468 2148 2521 ‘membra’

405 2538 600 2584 scribere
639 2539 835 2587 deberet.

270 2637 347 2684 14.
388 2630 513 2680 Otho
540 2633 792 2683 Hemerlin
833 2635 1029 2686 Ortvino
1067 2640 1245 2689 Grati0.
1392 2639 1699 2692 Vratislaviae.
1777 2678 1788 2690 .
1865 2681 1877 2691 .
1954 2680 1966 2692 .
2041 2678 2052 2690 .
2130 2679 2140 2689 .
2179 2645 2396 2689 2ll...2l3

406 2705 576 2752 Gratias
613 2709 705 2767 agit
741 2709 794 2754 de
830 2709 1111 2771 Peperieorni
1138 2713 1403 2761 Defensione
1440 2723 1598 2762 contra
1636 2715 1832 2762 famosas
1870 2715 1953 2762 sibi
1990 2715 2142 2765 missa,

406 2790 534 2835 quam
574 2776 696 2823 valde
723 2779 965 2827 admiratur
991 2797 1041 2827 ac
1065 2790 1219 2829 eontra
1246 2785 1479 2845 quemdam
1507 2784 1746 2846 plebanum
1772 2786 2140 2835 Reuchlinistam‚

406 2846 479 2905 qui
507 2844 849 2907 Peperieornum
875 2851 1167 2899 inlitteratum
1195 2855 1506 2917 famosumque
1534 2856 1854 2917 theologorum
1879 2856 2055 2903 invidiae
2082 2857 2142 2901 ri-

405 2915 620 2977 xandique
658 2919 792 2964 studii
830 2921 1176 2970 instrumentum
1215 2938 1313 2971 esse
1352 2927 1608 2979 contendit,
1647 2928 1885 2974 defendere
1922 2934 2139 2975 conatur:

404 2984 746 3045 Peperieornum
785 2992 947 3050 spiritu
985 3001 1139 3067 sancto
1178 2995 1475 3042 illuminatum
1514 3012 1787 3059 causamque,
1822 2997 1923 3045 fidei
1963 3005 2051 3045 tam
2077 2998 2140 3042 fa-

400 3054 527 3100 cilem
565 3071 686 3108 esse,
724 3067 775 3104 ut
812 3059 879 3105 vel
914 3076 1027 3108 uxor
1063 3063 1183 3110 illius
1220 3066 1511 3113 Reuchlinum
1550 3070 1724 3115 vincere
1761 3076 1940 3130 posset;
1978 3068 2141 3130 praedi-

400 3125 616 3171 cntionem
654 3126 707 3173 ab
745 3129 821 3175 illo
861 3131 1051 3178 habitam
1089 3135 1389 3194 pontificalem
1427 3152 1516 3193 non
1554 3139 1720 3190 fuisse,
1769 3139 1844 3186 sed
1893 3138 2138 3201 simplicem

401 3194 554 3254 populi
591 3197 956 3254 instructionem;
993 3202 1133 3250 libros
1168 3212 1316 3251 autem
1353 3207 1496 3268 ipsius
1534 3208 1676 3255 iustas
1709 3209 2042 3257 Reuchlinianae
2076 3210 2142 3255 in-

401 3264 580 3311 iustitiae
618 3267 808 3315 ultiones
846 3273 1091 3319 continere.
1152 3275 1453 3323 Reuchlinista
1492 3293 1595 3325 vero
1622 3278 1970 3341 Peperieornum
1997 3280 2141 3326 Hoch-

401 3340 678 3396 stratumque
716 3353 801 3385 una
838 3341 962 3388 furca
1000 3345 1213 3405 suspendi
1249 3347 1373 3407 cupit
1409 3348 1746 3412 Reuchlinoque
1783 3351 1898 3398 bene
1934 3352 2058 3398 dicit.

265 3433 343 3480 15.
386 3428 556 3478 Petrus
594 3430 850 3495 Steynhart
887 3433 1085 3485 Ortvino
1126 3438 1305 3489 Gratio,
1450 3443 1630 3494 Romae.
1683 3485 1693 3494 .
1771 3484 1781 3494 .
1857 3483 1870 3495 .
1947 3484 1958 3495 .
2035 3485 2045 3495 .
2122 3484 2133 3494 .
2172 3450 2387 3493 213...215

398 3500 514 3578 Nova
552 3502 604 3547 de
644 3504 777 3550 rebus
816 3506 985 3554 bellicis
1022 3524 1245 3572 causaque
1283 3513 1385 3560 fidei
1424 3517 1620 3563 scribere
1656 3518 1880 3566 volentem
1917 3534 2009 3566 non
2059 3533 2137 3580 pa-

400 3578 511 3616 titur
548 3574 624 3622 ira,
665 3589 793 3634 quam
832 3578 1007 3636 quidam
1045 3583 1194 3627 socius
1221 3583 1479 3643 denegando
1507 3588 1848 3635 Vocabularium
1877 3590 1988 3636 iuris
2015 3590 2135 3636 dono

399 3643 669 3700 promissum
717 3645 756 3690 ei
807 3649 957 3694 movit.
1030 3650 1143 3695 Iuris
1191 3654 1339 3699 studio
1389 3669 1570 3715 operam
1620 3672 1718 3703 sese
1766 3675 1948 3711 navare,
1998 3667 2044 3706 et
2090 3661 2134 3705 in

396 3712 551 3771 primis
575 3712 760 3759 Casibus
796 3714 944 3777 longis
982 3733 1118 3778 super
1155 3721 1373 3769 institutis
1409 3725 1621 3773 delectari
1659 3729 1835 3781 scribit,
1875 3731 2135 3792 largamque

397 3780 503 3832 sibi,
542 3796 641 3829 cum
679 3798 847 3845 pauper
884 3787 968 3838 sit,
1007 3803 1058 3833 ex
1097 3788 1173 3836 illo
1212 3805 1398 3838 messem
1435 3810 1630 3855 sperare.

259 3879 335 3926 16.
378 3873 611 3924 lohannes
650 3877 897 3929 pileatoris
936 3882 1133 3931 Ortvino
1172 3885 1352 3936 Gratia.
1497 3889 1674 3939 Romae.
1762 3933 1771 3943 .
1849 3934 1859 3944 .
1937 3935 1946 3945 .
2023 3934 2034 3946 .
2110 3934 2123 3946 .
2163 3903 2258 3946 215.
2299 3901 2384 3942 216
