2456 4264
217 287 338 345 374
619 309 1006 338 LAMENTATIONES
1031 299 1338 338 OBSCVRORVM
1360 308 1802 339 REVCHLINISTARVM
1824 293 1971 340 NOVAE.

355 442 618 501 Simplices
655 444 703 487 et
738 428 1042 487 columbinos
1079 439 1385 499 decipiunto,

356 526 474 573 Cum
500 525 669 582 Iudeis
703 528 751 571 et
785 513 1061 579 bominibus
1096 536 1310 583 nequam
1336 523 1682 582 quotidianam
1706 527 2106 574 consuetudinem
2132 527 2362 582 habento,

357 609 476 656 Cum
512 621 662 656 sacco
691 621 791 668 per
826 608 1077 656 civitatem
1114 609 1485 667 epiqrammata
1521 611 1778 656 cantantO.
2450 654 2456 666 ἐ

359 683 593 740 Gladium
631 696 678 740 et
714 693 872 740 sicam
910 692 1219 739 truculenter
1248 691 1478 750 ferunto.
2446 694 2456 764 3

358 776 561 824 Nemini
591 776 957 836 qratitudinem
995 774 1279 823 exhibento.
2379 793 2398 823 5

365 861 710 909 Creditoribus
741 861 892 919 fidem
930 872 1189 920 nunquam
1225 864 1480 907 servanto.
2452 848 2456 849 ⁷

359 945 727 1006 Blasplzemare
763 948 810 993 et
846 945 899 992 in
935 944 1089 992 bonos
1125 944 1295 992 invehi
1328 949 1668 993 assuescunto.

361 1029 629 1091 Apparere
664 1030 827 1090 maqis
862 1042 1014 1090 quam
1049 1041 1153 1077 esse
1189 1028 1500 1077 decertanto.
2449 1081 2456 1091 „

361 1114 570 1162 Domum
609 1115 770 1162 indies
805 1113 1086 1174 vinariam,
1124 1126 1415 1174 qaneasque
1451 1114 1820 1173 inqrediuntor.
2436 1112 2456 1175 ’ᾗ

362 1199 606 1248 Morituri
638 1199 765 1247 nibil
799 1211 1018 1260 unquam
1054 1198 1408 1246 executoribus
1443 1199 1785 1259 relinquuntO,
1824 1200 1918 1248 sed
1948 1202 2064 1249 solis
2101 1202 2369 1250 dumtaxat
2388 1193 2456 1282 ιοΞ

554 1283 836 1332 hominibus
870 1284 1077 1332 multum
1115 1283 1347 1343 debentO,
1399 1283 1719 1344 animamque
1753 1285 1956 1333 tandem
1995 1287 2137 1347 apud
2171 1285 2368 1345 inferos
2442 1285 2456 1378 Ξ

552 1369 848 1429 sepeliunto.

362 1451 403 1497 (Ι
450 1450 533 1499 Ad
579 1452 670 1511 hec
714 1466 827 1501 cum
865 1452 1165 1513 quotidiana
1202 1453 1570 1501 exercitatione
1604 1454 1780 1502 melius
1814 1454 1878 1503 sit
1913 1455 2065 1515 nihil,
2116 1460 2163 1503 et
2200 1457 2370 1504 rectis·
2446 1510 2451 1519 ἢ

218 1538 342 1584 sime
379 1549 411 1583 a
450 1536 634 1595 Gesare
670 1537 858 1586 dictum
883 1538 958 1585 sit
995 1537 1211 1585 omnium
1248 1551 1417 1586 rerum
1452 1538 1695 1598 mayister
1731 1553 1873 1599 usus,
1916 1543 2066 1600 atque
2103 1541 2269 1588 altera
2307 1541 2370 1588 ab
2442 1523 2456 1619 Ξ

217 1620 483 1670 Aristotele
519 1625 735 1681 natura,
786 1622 920 1670 hunc
958 1622 1021 1669 ab
1062 1620 1296 1670 Obscuris
1339 1635 1525 1670 morem
1561 1624 1764 1671 servari
1795 1625 2041 1680 volumus,
2093 1629 2148 1673 ut
2171 1626 2372 1684 sinquli
2388 1635 2456 1671 ι3.·

215 1718 356 1754 suum
391 1705 489 1753 sibi
520 1705 740 1753 babeant
770 1707 878 1754 sive
912 1706 1295 1765 kalendarium,
1337 1708 1438 1765 sive
1475 1707 1726 1767 diarium,
1766 1721 1854 1756 seu
1878 1710 2024 1757 malis
2048 1709 2370 1770 ephemerida
2408 1679 2456 1769 ἒ

215 1803 327 1837 cum
356 1790 526 1847 Grecis
563 1790 759 1848 dicere,
804 1789 910 1847 Quo
948 1791 999 1838 in
1034 1790 1200 1838 libello
1239 1791 1486 1850 quotidie,
1519 1804 1623 1860 pro
1658 1804 1748 1840 suo
1786 1794 1993 1853 quisque
2031 1795 2081 1842 in
2117 1795 2298 1842 studiis
2325 1798 2372 1842 et
2437 1771 2456 1878 ff}

207 1863 452 1934 profectu
497 1879 545 1922 et
591 1875 794 1934 ordine,
854 1875 1070 1935 quedam
1118 1875 1173 1922 id
1214 1888 1376 1934 qenus
1423 1876 1726 1924 documenta
1781 1878 2056 1937 viqilanter
2111 1879 2366 1938 adnotent,
2450 1875 2456 1929 Ϊ

216 1959 440 2018 quamvis
475 1972 800 2019 sepenumero
835 1960 1054 2020 exiqua,
1105 1959 1191 2007 ubi
1235 1963 1402 2008 tamen
1448 1962 1500 2009 in
1536 1973 1780 2010 summam
1816 1963 2100 2010 coaluerint
2137 1961 2371 2022 (facilius
2437 1967 2456 2009 z·

214 2044 343 2090 enim
381 2044 550 2091 tritico
587 2044 758 2092 lolium
794 2045 998 2105 crescit)
1047 2058 1147 2092 non
1185 2057 1378 2105 parum
1414 2043 1720 2106 profutura.
1799 2045 1932 2103 Quia
1968 2048 2169 2095 multis?
2213 2047 2365 2096 Rece-
2383 2061 2425 2093 ’.νο
2446 2072 2456 2083 ·-

204 2128 324 2188 ptui
357 2141 492 2176 nunc
529 2130 812 2197 canendum
849 2132 936 2177 est.
1014 2127 1146 2194 Nam
1183 2128 1583 2192 testeHoratiO,
1715 2133 1719 2138 '
2442 2133 2447 2135 ’

357 2211 606 2273 Quicquid
633 2214 910 2275 precipies,
952 2218 1056 2262 esto
1092 2214 1281 2284 brevis:
1318 2219 1384 2282 ut·
1409 2199 1508 2262 cito
1545 2215 1686 2281 dicta
1756 2277 1762 2282 .

356 2284 656 2358 Percipiant
685 2300 843 2346 animi
877 2299 1085 2359 dociles,
1124 2303 1424 2359 teneantque
1456 2300 1643 2358 fideles.

213 2380 323 2428 Hoc
358 2382 515 2429 solum
554 2383 793 2430 adiiciam
829 2384 965 2444 quod
999 2384 1254 2432 Iuvenalis
1289 2384 1429 2432 nobis
1462 2385 1704 2446 scriptum
1741 2386 1968 2446 reliquit,

354 2464 498 2514 Aude
533 2467 730 2526 aliquid
764 2467 991 2516 brevibus
1029 2468 1214 2530 Gyaris
1247 2473 1294 2516 et
1329 2481 1539 2517 carcere
1573 2470 1826 2530 diqnum,
2380 2479 2450 2515 25>

354 2534 414 2597 Si
447 2550 519 2598 vis
555 2564 661 2599 esse
697 2553 907 2612 aliquid.

224 2634 348 2682 Vale
383 2647 449 2683 ex
485 2635 681 2698 bicipiti
714 2635 948 2685 Parnaso
985 2640 1033 2684 et
1070 2637 1146 2685 dii
1178 2650 1268 2686 nos
1305 2638 1734 2698 quamdiutissime
1769 2646 2075 2689 conservent.

1245 2872 1325 2932 17.

733 2994 787 3042 «1
825 2989 1120 3048 Ioannes
1166 2991 1357 3067 Grap
1397 2996 1593 3068 poeta
1611 2994 1848 3050 novellus

366 3120 373 3123 ·
423 3100 771 3163 Arnulpleo
790 3103 1113 3153 Codriano
1150 3105 1579 3177 philosophorum
1606 3107 1821 3156 omnium
1848 3107 2154 3169 philosopho
2225 3086 2227 3088 K
2378 3088 2452 3166 3⁰1*

1165 3202 1233 3267 .S.
1261 3204 1316 3252 P.
1343 3203 1405 3251 D.

352 3310 480 3371 Leqi
500 3326 664 3374 nuper
689 3315 832 3376 apud
853 3314 1167 3364 Aristotelem
1183 3317 1355 3378 primo
1382 3318 1713 3381 physicorum
1749 3319 1854 3368 tria
1878 3333 1983 3368 esse
2019 3320 2174 3381 (proh
2190 3317 2366 3382 pudor

139 3457 141 3459 ι
214 3398 361 3455 turpe
397 3401 468 3443 est
501 3397 725 3459 dicere)
737 3413 906 3449 rerum
933 3402 1109 3461 prima
1142 3402 1428 3463 principia,
1470 3404 1763 3464 materiam,
1800 3405 2134 3465 privationem
2172 3410 2220 3453 et
2249 3405 2362 3465 for·
2429 3463 2432 3466 y

169 3498 188 3530 0
211 3491 358 3526 mam.
387 3473 409 3544 Η
434 3478 545 3528 Alio
582 3482 696 3529 item
733 3484 785 3531 in
822 3485 957 3543 loc0,
999 3484 1163 3533 Solem
1199 3490 1247 3534 et
1281 3486 1527 3535 bominem
1565 3501 1814 3547 qenerare
1848 3489 2107 3537 hominem.
2185 3490 2286 3549 Que
2321 3492 2367 3539 si
2426 3516 2435 3539 ff

214 3575 336 3611 vera
372 3568 509 3623 sunt,
551 3547 773 3631 ridicula
808 3568 932 3615 milii
962 3582 1174 3629 prorsus
1209 3584 1313 3618 esse
1348 3572 1604 3631 videntur,
1646 3586 1797 3632 quum
1833 3586 1993 3636 neque
2028 3576 2081 3622 in
2107 3575 2358 3636 epiqram-
2375 3578 2417 3613 3⁵

135 3707 138 3709 Α
213 3647 425 3708 matibus
450 3647 732 3709 Martialis,
772 3664 945 3711 neque,
965 3654 1018 3700 in
1053 3657 1238 3716 satyris
1273 3656 1504 3715 Horatii,
1546 3660 1636 3704 aut
1672 3658 1726 3705 id
1759 3671 1918 3717 qenus
1953 3659 2068 3706 aliis
2096 3641 2361 3719 poetarum
2426 3683 2430 3686 ·

213 3731 354 3780 libris
388 3731 479 3790 bec
516 3733 590 3780 ita
626 3746 731 3781 esse
765 3735 1016 3795 leqantur.
1095 3737 1251 3786 Tenes
1286 3741 1591 3787 sententiam
1612 3754 1787 3789 meam.
1866 3741 2186 3802 Quapropter

326 3902 371 3940 ²¹⁵
393 3915 504 3954 Hor.
529 3917 613 3957 art.
636 3918 756 3967 poet.
781 3913 880 3955 335.
902 3927 967 3967 sq.
1056 3914 1092 3941 ²5
1121 3917 1214 3959 Iuv.
1238 3920 1325 3958 sat.
1347 3919 1382 3957 1.
1406 3917 1472 3960 73.
1530 3912 1596 3970 “2⁶
1628 3919 1796 3972 aliquis
1827 3921 1918 3961 Iuv.
1965 3914 1969 3917 ⁴
2031 3903 2035 3907 ι
