2456 4264
208 254 266 290 05.
290 244 410 302 [ΔΡΡ.
433 242 491 301 3.]
514 257 752 288 BAn'rnom
772 259 911 289 Rn'rz.
969 255 1026 289 66.
1051 245 1168 301 [nr.
1189 244 1242 301 1.]
1264 258 1454 288 Anium(
1475 259 1611 289 15ΑΔ5
1632 261 1691 288 DE:
1715 260 1782 290 s'r.
1806 259 2061 290 numme.
2094 237 2216 297 293

30 395 194 453 ‘rato
208 390 262 441 in
297 387 745 446 Kelhertzhausen‚
775 389 926 455 quod
976 391 1103 440 iacet
1148 389 1198 438 in
1236 387 1639 452 Vollenbergensi
1687 389 1886 441 diocesi.
1960 390 2023 440 Et
2063 391 2218 457 impe·

46 461 193 539 {mvi
224 489 375 540 super
411 473 507 523 hoc
542 488 692 524 unam
729 473 911 524 bullam
951 490 1063 525 cum
1101 473 1358 524 duodecim
1397 473 1566 538 sigillis
1612 474 1675 524 de
1721 474 1950 525 omnibus
1988 475 2217 527 Cardina·

44 550 209 653 Q,
279 558 342 612 Et
376 560 713 609 sanctissimus
750 565 918 609 noster
957 558 1074 610 fecit
1108 574 1251 609 suum
1290 558 1501 624 sigillum
1542 560 1687 609 etiam
1726 565 1854 616 ante,
1894 561 1952 610 ad
1980 561 2214 612 maiorem

191 659 321 704 mun.
395 643 536 695 Tunc
575 660 686 694 cum
725 643 872 709 letitia
913 644 1035 695 exivi
1073 651 1122 695 et
1161 643 1286 695 volui
1325 646 1683 708 possessionem
1711 645 1952 709 accipere,
1991 652 2109 696 tunc
2136 646 2216 696 ille

129 731 142 743 ”
237 703 480 796 plebanus
517 743 616 778 non
657 735 731 778 est
767 736 1015 779 mortuus:
1057 735 1173 779 tunc
1212 745 1302 794 ego
1341 731 1388 779 in
1427 744 1602 794 magna
1642 731 1712 779 ira
1752 730 1876 780 dixi:
1918 731 2218 782 ‘Percutiant

58 816 131 877 “J
180 840 187 861 ι
229 813 412 870 diaboli
449 814 508 864 ad
547 814 668 864 hoc:
708 813 866 864 debeo
903 815 1162 880 pecuniam
1201 829 1360 863 meam
1398 815 1470 863 sic
1507 813 1761 878 perdere?'
1799 815 1953 865 Etiam
1993 816 2082 865 suit
2107 830 2218 880 par·

48 899 532 975 ''²f1‚„l)eneficium:
570 901 612 950 si
648 900 700 949 in
727 899 870 949 Curia
908 899 1170 956 scivissem,
1212 912 1304 962 ego
1342 913 1442 947 non
1484 899 1738 948 exivissem
1777 905 2056 964 propterea.
2114 900 2218 964 Ego

43 990 69 1066 'v'
148 985 227 1065 *vi
273 985 407 1050 quod
454 991 623 1050 posset
667 991 867 1049 portare
905 986 952 1034 in
992 984 1222 1041 omnibus
1268 984 1408 1033 annis
1448 995 1561 1033 .xx.
1601 984 1820 1034 florenos
1866 986 1913 1033 in
1952 993 2216 1036 reservam.

47 1063 100 1138 [f
144 1071 350 1133 setiam
399 1069 529 1120 bene
574 1071 709 1120 scitis
746 1070 877 1134 quod
917 1083 1009 1133 ego
1046 1084 1145 1118 non
1185 1083 1360 1118 maneo
1399 1068 1724 1133 personaliter
1762 1069 1808 1117 in
1848 1067 1941 1118 illis
1980 1068 2216 1133 partibus,

175 1154 382 1209 vellem
419 1155 651 1206 libentius
688 1154 873 1205 habere
902 1155 1233 1204 beneficium
1220 1169 1268 1203 ιιι
1297 1153 1554 1203 Daventria
1579 1167 1738 1218 prope
1763 1155 1971 1218 patriam
1999 1159 2218 1204 nostram

41 1237 200 1311 ιφ
214 1230 413 1301 centum
450 1231 669 1293 florenis,
711 1246 764 1290 et
801 1255 913 1290 cum
941 1254 1036 1288 una
1064 1237 1272 1303 simplici
1298 1237 1460 1303 puella
1487 1237 1748 1288 duodecim
1775 1254 2034 1296 annorum,
2073 1254 2219 1304 quam

27 1320 231 1392 &illa
263 1327 525 1393 superiore
561 1331 701 1391 parte
739 1340 892 1375 unum
933 1339 1044 1373 cum
1083 1325 1283 1388 triginta
1321 1322 1536 1378 florenis,
1576 1330 1626 1373 et
1661 1338 1773 1373 cum
1802 1322 1971 1374 callida
1998 1331 2219 1374 matrona

227 1433 258 1488 ¹„
296 1448 301 1457 .
350 1426 615 1463 annorum.
680 1411 776 1461 Sed
814 1409 896 1459 illa
935 1415 1182 1460 reservata
1222 1409 1598 1460 benefacerent
1620 1409 1721 1459 uni.
1786 1408 2014 1459 Secundo
2040 1410 2219 1466 sciatis,

41 1527 116 1567 η’,
140 1499 217 1558 ¹.·'-'
269 1556 278 1563 .
316 1497 535 1554 Ortviue,
576 1496 710 1561 quod
736 1495 916 1545 deinde
952 1510 1052 1544 non
1091 1497 1226 1560 potui
1264 1496 1328 1545 ita
1368 1496 1527 1544 statim
1567 1494 1734 1544 venire
1771 1494 1829 1544 ad
1870 1495 2064 1553 Curiam
2104 1510 2219 1560 pro-

75 1590 83 1594 “
137 1619 177 1635 .«,
207 1583 341 1637 bulla
374 1584 427 1635 in
450 1581 611 1634 ltalia:
650 1583 766 1648 quia
802 1587 1011 1631 currunt
1047 1580 1281 1631 hincinde
1319 1580 1435 1629 nudi
1474 1578 1682 1630 Ribaldi.
1754 1579 1815 1630 Et
1852 1581 1893 1628 si
1931 1594 2058 1630 unus
2094 1580 2221 1629 acci-

44 1657 60 1673 *
93 1668 97 1670 ’
173 1668 365 1721 »1111111
399 1669 704 1725 vestimenta,
741 1673 863 1717 tunc
900 1666 1225 1732 perdidissem
1262 1670 1604 1732 paupertatem
1643 1679 1802 1715 meam
1830 1663 2058 1721 totaliter,
2097 1666 2224 1715 sicut

60 1755 66 1765 '
150 1754 363 1822 fimel
389 1770 486 1805 una
513 1752 671 1804 vetula
698 1753 895 1819 quando
921 1752 1072 1816 fregit
1095 1767 1184 1802 ova
1211 1765 1363 1815 super
1399 1757 1599 1816 pontem
1639 1751 1688 1800 in
1715 1749 1982 1815 Helpruna.
2056 1750 2116 1800 Et
2153 1750 2223 1799 515

297 1841 310 1853 “
348 1839 546 1893 duobus
582 1837 837 1889 mensibus
873 1839 923 1887 in
961 1835 1086 1887 valle
1123 1836 1184 1887 ad
1222 1837 1549 1901 Wimpinam‚
1589 1836 1734 1886 etiam
1773 1851 1886 1885 cum
1926 1834 2220 1899 quibusdam

11 1917 221 2062 23³9*
242 1925 529 1986 CurtisaniS.
604 1930 653 1975 et
698 1923 766 1974 ibi
812 1922 957 1973 didici
1006 1937 1160 1972 unum
1197 1921 1367 1972 ludum
1409 1938 1432 1971 a
1474 1922 1657 1971 Ioanne
1695 1920 1975 1986 Greyl'erio‚
2026 1921 2110 1984 qui
2148 1925 2224 1970 est

238 2009 486 2068 liberalis,
525 2011 639 2076 quia
678 2000 813 2060 dedit
847 2007 1004 2059 semel
1040 2022 1127 2058 sex
1163 2007 1333 2065 505115,
1373 2022 1584 2072 quorum
1624 2021 1715 2070 ego
1754 2005 1822 2055 sui
1860 2019 2002 2061 unus,
2041 2003 2101 2054 ad
2140 2019 2222 2054 co·

278 2113 364 2150 um
401 2101 592 2163 septem
631 2110 718 2145 ova
760 2101 810 2145 et
845 2109 947 2144 non
985 2094 1162 2144 minus.
1237 2092 1298 2142 Et
1334 2091 1413 2142 ille
1452 2091 1596 2142 ludus
1633 2091 1813 2141 dicitur
1853 2091 1899 2140 in
1939 2088 2102 2154 lingua
2130 2088 2223 2139 lta·

39 2175 178 2250 b
193 2181 351 2239 'frent
383 2197 500 2234 uno.
574 2179 681 2231 Hoc
718 2195 810 2246 ego
846 2194 1099 2246 nunquam
1138 2178 1235 2228 vidi
1270 2179 1318 2227 in
1346 2177 1565 2227 Romana
1603 2177 1754 2226 curia.
1830 2175 1986 2226 Etiam
2026 2189 2122 2223 non
2151 2180 2226 2224 est

48 2263 305 2331 flabile,
341 2269 457 2334 quia
496 2267 716 2333 oportuit
751 2282 830 2317 me
867 2280 1065 2331 semper
1101 2263 1287 2315 habere
1326 2263 1677 2313 advertentiam
1715 2261 1775 2312 ad
1815 2259 2001 2310 mulum
2041 2259 2088 2309 in
2126 2264 2222 2309 sta-

66 2348 184 2411 Uo
215 2353 437 2407 inferius,
510 2353 573 2404 Et
607 2351 814 2403 audiatis
851 2350 1098 2417 quomodo
1124 2364 1319 2414 semper
1346 2349 1563 2398 fecimus,
1638 2346 1775 2397 Νο5
1764 2347 1938 2396 ivimus
1962 2343 2223 2410 aliquando

13 2439 126 2508 ’ἥδ
144 2437 391 2508 wimpina
428 2454 580 2506 super
617 2436 854 2494 scholam,
894 2436 979 2487 ubi
1017 2451 1215 2502 semper
1241 2439 1578 2484 convenerunt
1603 2447 1753 2497 super
1780 2437 1916 2482 extra
1944 2429 2062 2479 boni
2088 2429 2222 2479 socii.

66 2521 138 2581 Et
161 2525 255 2581 tuit
287 2540 418 2578 1111115
452 2526 584 2576 inter
619 2538 707 2575 505
743 2523 827 2588 qui
865 2522 1045 2573 dicitur
1082 2521 1352 2586 Gregorius
1389 2517 1599 2584 Spiculi:
1649 2516 1729 2567 ille
1777 2522 1850 2567 est
1887 2514 2025 2566 valde
2063 2513 2227 2565 decla·

66 2610 251 2668 nativus
285 2603 350 2663 de
386 2610 532 2662 modo
568 2608 896 2676 supponendi.
972 2607 1083 2673 lpse
1120 2605 1338 2656 declarat
1374 2604 1501 2654 hanc
1539 2604 1792 2654 materiam
1831 2602 1893 2652 ita
1933 2599 2065 2650 clare
2102 2600 2231 2650 sicut

67 2710 156 2754 vu
188 2694 334 2749 nobis
378 2694 493 2747 olim
530 2695 747 2746 Tertiam
795 2699 987 2760 partem
1024 2691 1289 2742 Alexandri
1340 2690 1401 2740 de
1449 2695 1555 2739 arte
1600 2686 1921 2738 versificandi.
1998 2684 2227 2744 Quando-

70 2796 266 2852 mque
298 2781 448 2834 audio
484 2795 600 2832 eum
635 2780 707 2830 sic
742 2793 915 2844 grosse
952 2776 1086 2843 loqui
1124 2776 1185 2827 de
1224 2775 1302 2826 illa
1342 2773 1590 2824 luxuriosa
1631 2789 1710 2830 re,
1749 2779 1865 2823 tunc
1902 2771 2103 2837 acquiro
2143 2770 2228 2821 de-

18 2864 382 2933 minutionem
431 2865 494 2918 ad
540 2863 936 2931 supponendum.
1013 2862 1117 2927 Ego
1164 2860 1370 2911 multum
1422 2859 1566 2910 didici
1614 2858 1675 2909 ab
1715 2874 1773 2908 eo
1825 2857 2053 2922 (parcatis
2090 2854 2226 2911 1111111,

71 2953 186 3022 «μὴ
220 2958 295 3005 ost
329 2968 456 3020 opus
492 2948 760 3017 naturale):
809 2962 900 3014 ego
938 2947 1142 3005 vellem,
1175 2947 1318 3009 ⁴sicut
1365 2945 1487 2996 deus
1525 2944 1643 2994 1111111
1682 2944 1838 3000 iuvat,
1887 2956 2038 2991 unum
2079 2938 2228 2991 Carli·

72 3052 191 3091 num
226 3038 347 3090 dare
383 3036 516 3104 quod
554 3051 639 3086 vos
676 3035 868 3086 sciretis
907 3036 967 3084 ita
1007 3030 1327 3084 amicabiliter
1365 3028 1585 3086 lardare‚
1638 3028 1729 3078 nisi
1779 3031 1981 3092 propter
2020 3038 2226 3075 uxorein

70 3121 267 3176 loannis
301 3120 638 3174 Pless'erkorn:
685 3126 802 3170 tunc
852 3134 944 3183 ego
992 3119 1094 3168 scio
1145 3116 1275 3183 quod
1327 3122 1514 3165 amaret
1559 3127 1643 3162 vos
1690 3127 1840 3177 super
1888 3124 2060 3160 omnes
2106 3108 2227 3159 alios

70 3205 329 3274 theologos
365 3208 450 3272 qui
485 3211 601 3256 sunt
637 3205 685 3255 in
724 3204 944 3255 Colonia.
1020 3203 1114 3253 Per
1161 3202 1308 3251 dcum
1360 3198 1437 3249 illa
1487 3213 1567 3248 ars
1616 3212 1714 3246 non
1754 3197 1884 3245 iuvat
1922 3209 2067 3260 quam
2108 3194 2227 3244 milii

19 3292 228 3348 ...511151
264 3291 547 3344 ostendistis
583 3291 632 3340 in
679 3288 844 3340 libello
892 3303 1043 3355 parvo
1090 3288 1174 3353 qui
1223 3286 1312 3336 suit
1361 3290 1494 3336 retro
1541 3283 1768 3347 scriptus.
1846 3279 1986 3331 Nunc
2023 3279 2229 3329 audiatis

73 3378 188 3448 quid
223 3385 337 3445 post
371 3376 450 3428 illa
489 3377 670 3426 sactum
709 3380 797 3426 est.
873 3374 969 3439 lpsi
1008 3387 1102 3423 una
1144 3372 1245 3421 vice
1283 3369 1409 3436 apud
1452 3369 1614 3418 vinum
1641 3366 1956 3432 quasiverunt
1980 3380 2059 3416 me
2099 3366 2226 3430 (quia

48 3460 148 3521 M
181 3463 486 3528 cortisanus)
526 3460 773 3527 quomodo
811 3474 892 3509 res
929 3463 1081 3507 staret
1118 3458 1166 3506 in
1207 3469 1351 3505 causa
1392 3452 1506 3503 lldci
1545 3467 1656 3501 cum
1697 3450 1879 3501 Ioanne
1905 3449 2141 3500 Rcuchlin
2182 3457 2229 3497 51

53 3540 462 3603 ²'fiolouienaibus
538 3544 810 3609 Respondi:
849 3542 960 3593 ‘Per
998 3541 1160 3596 deum.
1201 3554 1292 3604 ego
1330 3539 1477 3589 timeo
1515 3536 1721 3587 multum
1760 3535 1821 3586 de
1860 3534 1940 3586 illo
1967 3534 2096 3584 bono
2125 3535 2225 3584 viro

11 3685 18 3691 .
75 3629 259 3687 bane
284 3631 528 3684 Reuclnlin
554 3629 683 3696 quod
712 3635 786 3680 551
811 3629 956 3679 nimis
981 3640 1168 3692 pauper
1194 3625 1253 3675 ad
1281 3626 1428 3674 11115111
1455 3621 1825 3689 perducendum
1854 3619 1984 3671 illam
2012 3635 2242 3670 causanu

27 3716 203 3781 nonin
239 3718 575 3786 predicatores
611 3714 841 3766 monachi
878 3713 1115 3764 remotius
1154 3710 1352 3762 veniunt
1396 3724 1510 3760 cum
1558 3723 1730 3759 eorum
1778 3720 2035 3758 caseorum
2073 3703 2227 3754 saccis

191 3901 229 3931 ¹⁴
257 3903 317 3945 M.
339 3906 381 3947 5.
469 3902 503 3929 ¹⁶
534 3901 664 3942 Sicut
693 3903 734 3941 5.
821 3898 857 3925 Ψ·
889 3898 1041 3939 1111111111
1069 3899 1111 3938 5.
1198 3893 1235 3921 ²⁹
1268 3895 1382 3936 sicut
1410 3898 1451 3934 5.
1540 3891 1576 3917 ³³
1606 3891 1790 3932 l'fefl'er.
1822 3889 1949 3930 Tunc
1980 3890 2021 3927 5.
