2456 4264
279 313 401 373 418
475 337 667 367 onmvnu
690 334 853 365 GRA'rn
875 335 935 363 AD
956 334 1000 363 n.
1023 332 1123 363 10A.
1147 330 1481 362 INGHEWINKEL
1502 329 1651 360 Ems'r.
1672 330 1775 359 DAT.
1797 329 1842 359 D.
1866 325 1898 359 1.
1922 327 2021 359 oc'r.
2045 329 2086 359 A.
2111 322 2208 359 1518.

275 474 331 519 ut
358 471 627 531 opportune
651 469 795 526 atque
831 465 1192 525 quamprimum
1217 464 1322 522 fiat,
1361 460 1662 509 reverendus
1694 460 1907 520 heretice
1939 461 2201 522 pravitatis
2235 459 2406 519 inqui—

274 556 416 612 sitor,
448 558 597 613 pater
628 549 951 611 proculdubio
978 549 1332 609 pientissimus,
1361 548 1637 608 plenusque
1670 550 1718 593 et
1749 544 1909 604 officii
1939 550 1988 594 et
2014 545 2288 605 raimonis,
2323 556 2406 591 se-
2445 568 2447 570 ·

274 636 489 687 cundam
536 634 623 683 tibi
663 634 861 683 dedicat
895 634 1207 695 Apoloqiam‚
1255 636 1418 693 utpote
1461 632 1566 679 viro
1608 631 1996 691 prestantissimo
2040 635 2088 678 et
2130 631 2307 691 optimo
2346 641 2408 676 ac

271 720 543 770 invincibili
573 720 771 767 tandem
808 720 995 782 iusticie
1027 725 1240 778 patrono
1253 753 1266 776 ,
1315 718 1399 764 cui
1423 727 1698 777 perperam
1742 715 1894 762 reniti
1922 714 2111 775 nephas
2143 716 2207 762 sit
2248 714 2408 774 potius
2434 706 2445 754 ⁸*

272 819 419 867 quam
446 805 714 853 consilium.
787 803 919 853 Huic
950 803 1148 852 accedit
1171 806 1257 849 tua
1290 803 1379 850 illa
1415 799 1725 848 admirabilis
1755 803 1901 860 atque
1934 799 1997 847 ab
2026 799 2245 847 omnibus
2272 811 2404 846 sem-
2416 775 2456 855 ἦ,

267 905 362 953 per
394 889 669 950 laudanda,
706 889 1047 938 ecclesiasticis
1076 887 1337 948 presertim
1371 887 1423 934 in
1446 884 1592 933 rebus
1617 885 1775 932 animi
1801 884 2102 945 magnitudo,
2137 884 2408 943 sinqularis
2445 916 2456 923 *-

268 978 397 1025 item·
418 975 669 1034 modestia,
705 986 895 1022 summa
931 985 1120 1034 quoque
1149 973 1202 1020 in
1231 971 1377 1019 bonos
1408 983 1573 1019 omnes
1600 969 1890 1033 beniqnita37
1926 977 1974 1018 et
1998 970 2248 1031 precipua
2281 982 2407 1029 que-
2436 971 2451 1008 ἶ

271 1061 388 1109 dam
423 1062 517 1119 vite
544 1073 607 1108 ac
639 1072 828 1107 morum
862 1059 991 1107 inter
1026 1058 1227 1116 ecclesie
1257 1058 1479 1120 prelatos
1514 1055 1837 1111 observantia,
1875 1054 2048 1114 quibus
2081 1052 2307 1115 profecto
2344 1065 2409 1101 ac
2445 1037 2450 1040 ⁹

268 1147 443 1195 ceteris
479 1145 658 1193 deinde
691 1143 961 1203 virtutibu8‚
976 1149 1141 1190 -extra
1177 1154 1365 1189 omnem
1398 1142 1559 1189 aleam
1586 1141 1775 1202 positis,
1805 1144 1854 1188 et
1883 1139 1971 1188 tibi
1990 1140 2159 1188 nativa
2188 1138 2443 1206 quadam>

184 1224 189 1235 ’
266 1231 505 1292 probitate
533 1230 730 1289 innatis,
766 1229 891 1277 adeo
922 1227 1148 1290 preditus
1182 1240 1248 1287 es,
1284 1230 1430 1286 atque
1465 1230 1670 1274 ornatus
1692 1238 1885 1287 semper
1904 1223 2064 1284 fuisti,
2098 1229 2154 1274 ut
2173 1236 2312 1271 nemo
2335 1222 2407 1270 ad
2420 1223 2456 1277 fl

274 1320 319 1364 te
351 1315 582 1370 accedat,
623 1315 710 1374 qui
739 1326 836 1362 non
872 1327 924 1362 se
956 1312 1155 1371 felicem
1187 1325 1346 1374 prope
1381 1323 1444 1359 ac
1474 1310 1764 1372 perbeatum
1801 1310 2083 1376 arbitretur.
2163 1307 2228 1357 Te
2257 1309 2410 1369 icitur-
2434 1306 2444 1318 ’“

272 1413 360 1449 oro
385 1404 531 1461 atque
552 1399 749 1448 obsecro
781 1403 836 1447 ut
859 1399 1046 1457 iusticie
1068 1410 1273 1447 causam
1301 1397 1552 1459 suscipere
1581 1408 1679 1444 non
1703 1395 1986 1456 dediqneris
2007 1400 2180 1445 contra
2204 1393 2409 1443 Reucb-
2435 1461 2438 1463 Α

269 1487 471 1535 linicum
497 1486 549 1533 in
577 1484 669 1533 hoc
696 1484 820 1532 libro
845 1482 1167 1542 defensorem,
1201 1484 1287 1531 cui
1307 1495 1417 1531 cum
1443 1483 1508 1530 sit
1530 1481 1752 1541 Chimere
1787 1493 1976 1544 nomen,
2013 1482 2064 1530 in
2087 1481 2447 1540 caliqinosum-ss„

270 1572 531 1619 evanescat
559 1568 810 1628 fumulum
844 1582 1038 1617 necesse
1067 1572 1150 1616 est.
1223 1566 1489 1615 Barbarus
1510 1565 1741 1628 profecto
1775 1570 1861 1625 est,
1895 1580 1987 1615 nec
2007 1577 2205 1615 sacram
2229 1548 2451 1640 Inqui-33

268 1657 431 1704 sitoris
464 1655 651 1703 redolet
677 1655 1019 1717 eloquentiam,
1051 1653 1108 1700 id
1133 1652 1266 1712 quod
1301 1653 1448 1700 etiam
1484 1651 1546 1699 de
1573 1649 1803 1700 Ocularis
1824 1653 2016 1713 speculi
2034 1653 2300 1712 interprete
2323 1652 2408 1699 in-
2421 1643 2456 1699 ti

272 1740 584 1801 telliqendum
610 1743 750 1801 putot
824 1738 927 1787 Sed
955 1740 1085 1787 inter
1119 1749 1284 1785 omnes
1318 1737 1537 1785 exitialis
1567 1740 1640 1784 est
1673 1737 1764 1785 illa
1805 1735 2133 1785 Obscurorum
2169 1735 2434 1799 Reuchli-.

270 1827 513 1873 nistarum
552 1828 685 1873 secta
698 1862 709 1884 ‚
766 1838 859 1885 que
905 1828 1003 1872 tota
1057 1824 1110 1870 in
1149 1822 1494 1884 expuqnanda
1526 1823 1703 1870 virtute
1741 1823 1927 1884 posita,
1983 1807 2072 1870 sub
2114 1823 2411 1884 imperatore

269 1910 476 1970 diabolo,
514 1910 602 1958 sub
637 1911 830 1958 vexillis
864 1913 1029 1968 eterne
1057 1909 1237 1965 mortis
1269 1907 1358 1956 sub
1393 1907 1650 1968 stipendiis
1683 1907 1901 1968 iebenne,
1939 1907 2275 1957 debacchatur
2308 1907 2436 1955 ad--

267 2008 437 2043 versus
471 1997 653 2054 celum,
704 1994 945 2042 adversus
983 1994 1228 2042 Christum
1255 1997 1532 2043 et.sanctos
1567 1994 1686 2052 eius,
1725 1994 1794 2041 ita
1830 1994 1976 2041 etiam
2011 1998 2065 2041 ut
2092 1998 2418 2042 sacrosancta

266 2080 406 2128 sedes
448 2080 716 2140 apostolica
758 2080 1028 2141 iniquitatis
1074 2091 1155 2127 eos
1198 2079 1326 2137 lilios
1369 2091 1474 2127 esse
1517 2078 1804 2127 decreverit.
1878 2078 1981 2127 Nec
2013 2078 2237 2142 dubium,
2289 2058 2419 2140 quin·-

265 2165 533 2214 maioribus
567 2166 665 2213 sint
690 2165 752 2213 ab
775 2165 950 2214 eadem
985 2165 1210 2213 censuris
1235 2163 1499 2225 plectendi,
1531 2163 1617 2212 ubi
1639 2165 1798 2225 plane
1832 2164 2140 2220 intellexerit,
2167 2165 2413 2213 intolera-

265 2249 439 2299 bilibus
469 2263 573 2298 sese
602 2248 811 2310 infamie
842 2251 968 2299 notis
996 2251 1077 2310 (ut
1097 2251 1149 2298 in
1177 2249 1606 2298 lamentationibus
1633 2250 1812 2298 nostris
1841 2247 2167 2298 obscurorum
2195 2245 2427 2311 expres—s„

265 2337 438 2396 simus)
471 2349 568 2397 per
604 2348 769 2384 omnes
803 2336 1105 2398 impudentie
1139 2348 1392 2399 numeros,
1431 2335 1495 2384 ab
1529 2335 1714 2384 eisdem
1747 2347 1845 2384 non
1881 2337 2138 2384 incruente
2173 2336 2420 2384 vitiatamae.

278 2420 413 2481 Vale,
453 2422 699 2482 specimen
722 2423 924 2481 ecclesie
946 2426 994 2470 et
1010 2422 1156 2469 totius
1179 2421 1433 2480 Alemanie
1452 2421 1622 2470 decus.
1685 2419 1879 2481 Colonie
1912 2435 1980 2470 ex
2007 2419 2212 2480 officina
2241 2425 2420 2470 nostra³

267 2504 591 2563 Quenteliana
615 2506 1004 2554 .M.ccccc.XV111.
1036 2507 1109 2554 ad
1140 2503 1242 2555 lcal’
1257 2523 1274 2554 .·
1308 2503 1484 2555 Octob'.

1017 2588 1207 2669 Τέλοσ.
1243 2634 1337 2668 και
1370 2619 1488 2668 θεω
1525 2615 1673 2680 δοξα.
