2456 4264
62 293 294 326 ratum
314 291 377 320 An
397 291 577 320 mumma
600 286 1097 321 'ran-EP.D.¹0.1·*1·:BR.
1115 286 1272 322 Δ.1512.
1315 290 1425 320 cAEs.
1438 290 1643 319 mimum.
1657 292 1701 323 n.
1713 286 1748 319 9.
1763 293 1858 324 ιη.
1872 292 1915 321 Α,
1932 279 2070 333 (1513.)
2110 270 2227 329 129

61 424 281 487 scripsit,
325 434 423 484 quo
463 426 613 484 pacto
656 421 808 484 Iudei
843 436 911 471 ex
950 421 1092 471 libris
1137 420 1518 471 Reucltlinianis
1560 423 1832 479 deteriores
1879 431 2037 478 essent
2081 424 2228 485 sacti,

0 517 19 562 Ῑ-
39 509 353 574 ·Μ]ῑαθ’“<ἒ.
381 507 471 565 Sic
491 512 683 559 Sonant.
1060 521 1064 525 ·
1309 524 1326 528 .-

201 634 246 684 ί
279 634 397 685 Post
429 634 653 683 devotam
697 636 778 684 sui
815 625 1343 697 recommendationem
1373 633 1564 684 .S.P.D.
1616 635 1923 686 Venerabilis
1968 644 2018 686 et
2063 637 2232 699 Eqre-

0 764 4 771 ,
44 722 141 793 με
161 720 357 774 domine
382 719 573 768 doctor.
612 720 756 769 binas
791 721 988 769 litteras
1027 756 1038 767 .
1054 720 1110 769 V.
1132 719 1193 767 D.
1208 719 1382 781 pridie
1409 734 1510 782 per
1545 721 1841 781 maqistrum
1870 722 2133 783 Georqium
2171 724 2234 772 de

12 804 361 868 ’'Nmberya
396 807 595 867 accepi,
640 818 770 854 unas
808 803 983 866 quibus
1015 805 1267 865 siqnificat
1303 804 1573 854 dominatio
1609 810 1772 854 vestra
1807 807 1931 867 quid
1971 807 2033 857 de
2072 808 2235 858 libello

0 891 11 946 ζ
61 890 308 949 Beuchlin
333 894 497 939 actum
521 893 588 940 sit
607 895 656 940 et
674 889 876 952 qaudeo
912 889 1222 938 vehementer
1254 903 1358 938 esse
1394 891 1542 938 viros·
1568 890 1715 939 bonos
1747 904 1844 952 pro
1882 894 2103 942 veritatis
2139 894 2235 942 de-

57 976 288 1041 [evasione
323 975 659 1037 decertantes,
697 989 760 1025 ne
792 975 936 1036 impii
966 974 1119 1034 Iudei
1153 975 1216 1023 de
1251 979 1424 1024 nostra
1461 976 1702 1035 reliqione
1735 977 1892 1024 risum
1928 977 2153 1026 decetero
2185 983 2238 1026 ut

5 1056 313 1116 hactenus
328 1059 567 1122 fecerunt
589 1065 816 1110 moveant
838 1060 966 1118 Quia
1004 1059 1270 1120 manifeste
1303 1059 1555 1109 nobiscum
1591 1060 1832 1109 dixerunt
1852 1062 1987 1123 quod
2009 1062 2237 1111 dominus

0 1141 316 1210 {mquam
340 1145 667 1208 dereliquerit
685 1159 781 1206 eos,
810 1145 904 1194 sed
930 1159 1126 1208 semper
1149 1159 1297 1195 novos
1321 1147 1484 1195 mittat
1507 1130 1813 1205 defensores.
1890 1147 2055 1207 Altere
2080 1149 2238 1207 littere

0 1209 215 1297 sperant
243 1233 384 1295 copie
420 1225 702 1281 litterarum
727 1230 1024 1296 Reuchlins,
1063 1233 1115 1280 in
1153 1231 1328 1293 quibus
1363 1234 1485 1280 satis
1519 1244 1572 1279 se
1601 1230 1844 1281 humiliat.
1918 1234 2109 1282 utinam
2146 1233 2238 1282 hoc

0 1321 11 1355 >²
64 1322 215 1369 antea
241 1316 474 1381 fecisset,
516 1319 814 1380 priusquam
853 1318 990 1366 virus
1025 1317 1118 1367 lzoc
1165 1319 1217 1366 in
1265 1318 1553 1378 reliqionem
1594 1321 1645 1365 et
1679 1318 1898 1366 curiosos
1943 1318 2240 1367 christianos

0 1377 323 1467 effudisset
357 1410 420 1452 ‚et
438 1417 483 1453 c.
559 1403 728 1452 Valete
766 1416 972 1464 meque
987 1409 1042 1451 ut
1084 1411 1297 1452 vestrum
1347 1404 1552 1464 diliqite.
1623 1402 1808 1453 Datum
1859 1403 2241 1465 Franckfordie

0 1484 27 1563 ξ
61 1488 119 1540 in
150 1488 235 1540 die
267 1487 569 1548 Scholastice
604 1489 812 1549 virqinis
846 1490 1007 1538 ‚Anno
1029 1497 1093 1538 ,et
1109 1502 1155 1538 c.
1192 1488 1497 1538 duodecima

0 1549 56 1791 ἵζ’
327 1618 332 1622 ,
700 1610 704 1614 .
943 1575 1145 1624 Petrus
1180 1588 1349 1662 meyer
1382 1555 1875 1634 Francfordensium
1906 1575 2168 1638 plebanus.

204 1717 251 1768 Ι
301 1718 755 1774 Verumenimvero,
800 1718 920 1779 quia
951 1717 1171 1766 Ioannes
1210 1717 1459 1767 Reuchlin
1495 1720 1631 1767 ultra
1675 1718 1966 1768 mandatum
2013 1720 2240 1782 impera-

0 1795 13 1864 ,ἱ
65 1803 244 1855 terim
275 1804 358 1864 (ut
374 1809 492 1853 ante
517 1803 702 1853 dictum
729 1805 827 1864 est)
865 1815 1043 1851 novum
1067 1803 1285 1852 libellum
1309 1802 1564 1862 famosum
1588 1803 1749 1852 edidit
1772 1805 1824 1852 in
1848 1806 2034 1853 malum
2064 1817 2242 1854 exem—

0 1866 8 1941 Ῑ
60 1890 203 1953 plum
235 1890 452 1939 omnium
486 1888 739 1938 hominum
773 1887 883 1946 (cui
914 1895 987 1936 est
1029 1901 1205 1937 nomen
1242 1887 1492 1951 defensio)
1531 1889 1623 1937 sed
1654 1890 1820 1951 potius
1862 1888 2093 1949 offensi0,
2145 1889 2243 1950 Ce-

0 1960 18 2026 Β
65 1987 219 2025 sareu
250 1975 486 2024 maiestas
513 1974 638 2022 iuste
669 1980 943 2034 provocata
967 1973 1191 2022 secunda
1223 1970 1342 2030 vice,
1382 1975 1651 2022 alterum
1683 1987 1826 2028 man
1839 1974 2048 2024 datum
2085 1976 2247 2024 emisit

60 2065 334 2124 pertotu'm
369 2059 632 2122 irrepet-ium
667 2064 845 2107 contra
869 2057 1079 2107 Ioannis
1103 2058 1350 2108 Reuchlin
1387 2060 1590 2108 viciosos
1625 2058 1793 2120 libros,
1810 2059 1923 2108 'hoc
1952 2065 2026 2109 est
2068 2066 2244 2110 contra

65 2147 272 2196 oculare
301 2146 558 2207 speculum
584 2148 634 2193 et
667 2144 824 2206 ipsius
858 2142 1199 2203 defensionem
1235 2145 1466 2194 iniustam
1490 2146 1563 2194 sic
1594 2130 1795 2195 sonans.

7 2331 14 2338 ‘
212 2272 258 2321 Ιῑ
293 2271 416 2335 Nos
438 2271 504 2320 M
507 2273 801 2322 aximilza
818 2286 930 2322 nus
956 2277 1019 2321 ‚et
1035 2286 1078 2322 c.
1108 2277 1335 2335 optamus
1358 2277 1406 2321 et
1425 2274 1722 2323 nunciamus
1748 2273 1971 2323 omnibus
1994 2279 2044 2324 et
2064 2276 2243 2336 sinqu-

5 2360 15 2412 ἲ·
68 2357 132 2410 tis
152 2358 353 2422 imperii
371 2357 676 2413 electoribus,
703 2357 1018 2420 principibus
1044 2362 1144 2406 tam
1171 2359 1516 2408 ecclesiasticis
1542 2371 1691 2420 quam
1714 2360 2039 2419 secularibus,
2062 2362 2245 2422 prela—

5 2419 35 2533 f.
69 2445 146 2503 tis,
172 2443 450 2500 comitibus,
470 2442 638 2492 liberis
665 2442 888 2498 dominis,
918 2442 1177 2505 Equitibus
1202 2445 1412 2504 auratis,
1443 2444 1742 2507 Capitoneis‚
1769 2445 2050 2494 consulibus
2071 2451 2132 2494 ‚et
2149 2459 2191 2495 c.
2223 2442 2244 2511 ΙΙ

74 2528 307 2580 Omm'bus
349 2530 499 2579 etiam
550 2529 668 2577 aliis
713 2528 850 2577 nobis
891 2533 940 2577 et
979 2530 1189 2590 imperio
1237 2534 1404 2578 nostro
1449 2529 1658 2579 subditis
1704 2531 2056 2592 cuiuscumque
2091 2535 2359 2609 statusffljb

8 2590 164 2667 ἆσαι
195 2613 491 2665 conditionis
528 2613 879 2672 existentibuS,
918 2613 1095 2675 quibus
1140 2614 1202 2674 lte
1243 2620 1407 2675 nostre
1455 2616 1740 2677 imperiales
1782 2617 1941 2677 littere
1989 2622 2079 2665 aut
2109 2618 2249 2678 copie

68 2698 244 2763 fideles
286 2698 527 2759 exhibite,
575 2700 724 2758 lecte,
785 2706 876 2747 aut
913 2713 980 2762 pr
981 2701 1245 2760 onunciate
1277 2699 1487 2760 suerint
1512 2707 1575 2750 .et
1593 2714 1635 2750 c.
1671 2705 1913 2750 nostram
1935 2703 2159 2763 qratiam
2203 2706 2252 2751 et

73 2775 214 2836 omne
248 2784 441 2836 bonum.
530 2784 868 2844 Venerabiles,
896 2786 1127 2846 illustres,
1163 2785 1313 2834 chari
1341 2791 1555 2848 nepotes,
1589 2788 1824 2836 electores
1855 2787 2065 2850 imperii,
2095 2788 2250 2849 prin-

74 2857 232 2936 cipes,
278 2870 484 2933 nobiles,
523 2869 737 2930 honesti,
777 2870 941 2919 devoti
971 2870 1204 2933 nobisque
1228 2870 1340 2931 lidi.
1415 2870 1577 2922 Sicuti
1608 2886 1697 2922 nos
1730 2877 1949 2934 tempore
1982 2880 2162 2922 exacto
2198 2874 2248 2921 in

49 2954 307 3016 ,lautiorem
337 2962 387 3007 et
420 2955 624 3010 laudem
655 2955 995 3017 omnipotentis
1021 2956 1116 3015 dei,
1155 2958 1304 3009 etiam
1328 2959 1729 3007 sustentationem
1758 2964 1923 3018 nostre
1947 2950 2105 3018 sacre
2113 2958 2249 3018 fidei,

21 3018 200 3110 ‘ipsis
231 3041 407 3102 Iudeis
442 3043 499 3091 in
525 3042 734 3104 imperio
770 3046 936 3091 nostro
972 3043 1315 3105 existentibus,
1345 3056 1520 3093 eorum
1553 3043 1813 3093 ›lealmud
1846 3048 1894 3092 et
1924 3044 2050 3092 alios
2082 3043 2248 3098 libros,

80 3119 253 3191 quibus
285 3134 465 3178 contra
504 3127 656 3187 fidem
693 3126 1024 3177 christianam
1061 3132 1110 3177 et
1146 3142 1240 3177 sua
1276 3138 1527 3192 precepta
1565 3134 1795 3185 utuntur,
1846 3133 1895 3178 et
1933 3142 2033 3191 per
2072 3128 2164 3178 hoc
2198 3130 2249 3177 in

28 3214 42 3223 ’”
78 3204 361 3264 ulteriorem
399 3225 624 3262 errorem
671 3212 959 3271 deveniunt,
1017 3215 1186 3264 tollere
1232 3214 1564 3276 decrevimus,
1619 3214 1685 3263 Et
1728 3220 2005 3277 propterea
2059 3215 2252 3276 aliquos

24 3294 28 3301 '
79 3296 230 3349 libros
271 3297 443 3348 videre
488 3303 537 3348 et
580 3297 794 3359 auferre
830 3300 1173 3361 permisimus,
1229 3299 1451 3362 Itemque
1492 3314 1604 3350 cum
1651 3314 1785 3349 nunc
1823 3306 2033 3362 propter
2081 3305 2252 3348 nostra

79 3381 372 3448 &pei-iique
399 3385 558 3433 nostri
592 3386 789 3445 neqotia
826 3386 1048 3446 inqentia
1085 3387 1136 3434 in
1174 3386 1267 3434 hoc
1303 3385 1377 3434 ad
1409 3390 1599 3447 tempus
1622 3385 1974 3446 quiescendum
2000 3385 2252 3442 duximus,

86 3469 296 3537 uolentes
328 3473 494 3519 tamen
531 3482 643 3519 cum
681 3474 900 3532 tempore
937 3471 989 3519 in
1025 3470 1118 3519 hoc
1156 3472 1359 3532 neqocio
1407 3472 1614 3521 ulterius
1659 3475 1909 3534 tractare,
1953 3470 2087 3531 facti
2120 3484 2254 3520 nunc

81 3541 247 3611 mus
280 3555 539 3619 certiores,
571 3554 814 3616 quomodo
839 3554 1057 3604 Ioannes
1080 3554 1328 3605 Beuchlin
1364 3558 1527 3618 lequm
1565 3556 1759 3613 doctor,
1795 3557 2121 3618 sinqulariter
2158 3557 2253 3604 ite-

79 3649 195 3709 rum
221 3644 271 3690 el
300 3654 463 3703 nuper
499 3636 717 3689 emiserit
742 3645 791 3689 et
819 3641 1042 3703 imprimi
1068 3641 1264 3704 publice
1293 3640 1479 3701 fecerit
1508 3641 1723 3692 libellum
1761 3642 2032 3706 quendam,
2071 3643 2122 3690 in
2160 3654 2254 3702 quo

84 3715 90 3718 Δ
127 3707 147 3718 ”
213 3729 359 3775 totam
382 3724 681 3786 facultatem
714 3725 1038 3788 theoloqicam
1074 3727 1409 3776 universitatis
1448 3726 1760 3789 Coloniensis,
1794 3732 1842 3776 et
1875 3727 2125 3776 honestum
2158 3739 2253 3774 no—

103 3856 126 3892 ⁸⁴
194 3863 231 3894 ²¹
268 3866 412 3910 Extat
443 3867 718 3910 Germanice
757 3868 806 3909 in
845 3867 1157 3911 Pfefferkorni
1188 3869 1485 3912 Sturm-Glock
1521 3882 1628 3923 pag.
1652 3867 1748 3922 aiij
1772 3881 1838 3921 sq.
1873 3871 1920 3909 et
1958 3867 2004 3906 in
2035 3865 2250 3915 Beselzyr-

235 3937 313 3982 fol.
336 3938 495 3994 trtiiij.
517 3953 585 3993 sq.
673 3938 709 3965 ³⁷
740 3936 896 3995 imfimi
929 3942 968 3984 1.

185 4008 298 4057 Ειψ.
322 4024 578 4053 onscvnon.
604 4025 763 4053 vmon.
1853 4011 1884 4061 9
