2456 4264
411 299 717 336 qvoscvnqvss
740 303 1011 333 BAERETICOS
1034 304 1278 333 SEcvnnvu
1300 304 1687 334 consvn'rvnmma
1708 305 1817 334 RoM.
1839 306 2003 335 cvmAE.
2157 282 2280 340 493

128 433 362 486 vocabuli,
404 434 524 492 *Quia
571 435 791 483 ‘ecclesia'
837 452 986 499 graeca
1031 437 1167 484 dictio
1216 444 1309 494 est,
1359 444 1405 483 et
1450 437 1677 499 significat
1711 439 1828 486 idem
1865 440 1987 501 quod
2022 439 2282 487 convocatio

128 505 196 552 vel
243 508 566 568 congregatio,
617 507 696 553 sed
741 503 989 573 Praesslatus
1036 523 1129 555 non
1178 515 1249 556 est
1293 511 1604 570 congregatio.
1678 511 2015 572 Respondetur‚
2071 511 2168 558 Hoc
2214 518 2284 558 est
2303 512 2396 566 Aiij

127 591 268 623 unum
313 578 655 638 grammaticum
701 587 1019 639 argumentum
1065 588 1112 626 et
1156 580 1347 627 multum
1395 588 1657 642 suspectum
1706 589 1751 628 et
1787 582 1875 629 hoc
1911 583 2087 630 duobus
2123 583 2283 630 modis.

124 647 276 696 Primo
314 648 420 709 quia
458 663 510 695 ex
546 663 685 711 greca
722 652 1011 710 grammatica
1046 652 1271 712 arguitur.
1344 651 1432 698 Sed
1468 651 1602 713 Greci
1640 660 1748 699 sunt
1784 654 1984 702 haeretici
2021 661 2066 700 et
2104 655 2286 702 scisma-

91 719 232 770 5tici,
270 719 372 766 ideo
409 734 502 766 non
539 728 610 767 est
646 723 713 767 eis
748 722 1021 768 credendum
1058 724 1103 768 in
1141 737 1266 769 suam
1303 724 1652 783 grammaticam.
1728 724 1933 771 Secundo
1962 726 2085 786 quod
2110 726 2288 772 videtur

129 804 407 851 synagogam
444 806 497 838 ex
535 792 727 839 ecclesia
763 793 937 846 facere,
973 793 1081 840 Nam
1120 808 1397 855 synagogam
1435 794 1589 840 dicunt
1626 796 1761 841 etiam
1801 795 2057 855 significare
2095 810 2288 843 conven-

130 869 224 908 tum
262 868 310 908 et
345 864 765 924 congregationem.
817 863 959 928 ,Ergo
996 864 1232 926 probabile
1269 873 1339 911 est
1376 865 1500 926 quod
1537 865 1727 912 ecclesia
1752 880 1843 912 non
1869 869 2284 928 congregationem,

129 931 247 979 sicut
284 944 540 996 synagoga,
588 935 668 980 sed
702 935 935 997 Prelatum
985 935 1224 996 significet.
1300 934 1343 981 (Ι
1381 935 1469 982 Sed
1517 936 1674 982 dicunt
1718 944 1876 983 contra
1913 937 1959 983 Si
2007 939 2226 999 accipitur
2263 954 2286 984 a

128 1005 281 1065 grecis
318 1005 586 1052 vocabulum
624 1006 888 1068 Synagoga‚
929 1021 1011 1053 cur
1047 1007 1344 1068 repudiantur
1380 1008 1427 1052 in
1463 1006 1684 1053 vocabulo
1723 1008 1909 1055 ecclesia
1949 1016 1995 1055 et
2033 1009 2285 1056 similibus?

69 1085 112 1120 io
127 1075 236 1121 Item
285 1077 408 1137 quod
452 1079 496 1123 in
542 1077 672 1124 nullo
720 1092 860 1139 passu
895 1077 1006 1123 Novi
1045 1078 1320 1124 Testamenti
1357 1077 1546 1124 ecclesia
1583 1092 1668 1139 pro
1706 1077 1895 1126 Praelato
1933 1087 2089 1140 potest
2126 1081 2286 1142 accipi,

125 1153 178 1193 ut
215 1146 372 1194 ‘Credo
409 1148 646 1196 ecclesiam
682 1155 883 1195 sanctam
919 1145 1218 1201 catholicam',
1264 1149 1374 1195 Item
1419 1149 1532 1195 illud
1569 1149 1730 1210 ‘Super
1776 1151 1891 1197 hanc
1938 1159 2111 1212 petram
2150 1151 2288 1198 aedifi-

108 1218 238 1265 cabo
275 1218 511 1273 ecclesiam
548 1216 724 1267 meam’.
795 1220 1138 1282 Respondetur‚
1186 1219 1285 1266 Non
1334 1220 1470 1266 credo
1509 1221 1797 1282 synagogam
1836 1235 1937 1267 esse
1974 1236 2161 1284 grecum
2199 1237 2281 1268 no-

125 1303 243 1342 men,
281 1292 388 1352 quia
412 1290 653 1352 Synagoga
690 1290 778 1337 fuit
813 1292 931 1352 apud
967 1283 1183 1339 Hebraeos
1220 1297 1422 1343 tantum,
1461 1299 1508 1337 et
1543 1305 1635 1337 non
1672 1293 1791 1353 apud
1828 1307 2027 1353 graecos,
2068 1293 2167 1340 ideo
2207 1295 2282 1339 he-

124 1360 328 1408 braicum
363 1364 518 1424 potius
554 1375 720 1408 nomen
757 1369 843 1409 est.
917 1362 1008 1409 Nec
1055 1370 1190 1409 nocet
1237 1363 1358 1424 quod
1404 1363 1594 1410 ecclesia
1641 1363 1881 1425 aliquando
1910 1365 2150 1426 'accipitur
2196 1379 2281 1425 pro

67 1441 107 1474 15
124 1432 345 1485 Praelato,
391 1433 632 1495 aliquando
682 1448 767 1494 pro
815 1434 987 1495 populo
1035 1436 1166 1480 cuius
1204 1442 1275 1480 est
1310 1434 1558 1486 Praelatus,
1606 1442 1654 1480 et
1691 1435 1938 1482 secundum
1976 1437 2063 1483 hoc
2101 1443 2283 1497 oportet

123 1505 374 1566 scripturas
419 1504 633 1551 distincte
682 1504 962 1565 intelligere,
1013 1512 1060 1551 et
1103 1506 1443 1566 magistraliter.
1554 1503 1596 1551 (Ι
1634 1505 1840 1553 Secundo
1886 1507 2118 1567 arguitur,
2165 1505 2283 1562 Quo-

123 1576 259 1628 modo
295 1575 414 1637 Papa
450 1590 542 1622 non
581 1582 735 1638 potest
771 1591 946 1628 errare,
997 1592 1099 1623 cum
1147 1584 1297 1624 tamen
1335 1577 1379 1624 S.
1418 1578 1579 1624 Petrus
1629 1580 1816 1630 erravit,
1861 1586 1913 1625 ut
1959 1580 2006 1625 in
2042 1579 2282 1639 Evangelio

123 1646 302 1710 quando
338 1647 557 1694 Dominus
605 1662 710 1695 eum
746 1647 954 1695 Satanam
1002 1648 1191 1695 vocavit.
1263 1649 1602 1711 Respondetur‚
1651 1649 1746 1698 Hoc
1795 1656 1866 1696 est
1912 1665 2000 1697 una
2045 1651 2189 1699 srasca
2239 1658 2284 1696 et

121 1718 439 1766 Brocardicum
473 1726 807 1780 argumentum.
880 1720 991 1767 Nam
1029 1727 1135 1767 tunc
1175 1721 1394 1782 temporis
1431 1721 1632 1767 nondum
1670 1729 1904 1783 acceperat
1929 1721 2146 1783 Spiritum
2183 1737 2285 1768 san-

64 1796 270 1844 metum,
306 1791 415 1838 licet
450 1790 614 1838 fuisset
650 1793 697 1838 in
733 1792 903 1852 gratia,
954 1794 1056 1854 quia
1092 1799 1250 1853 potest
1285 1792 1450 1854 aliquis
1487 1793 1602 1839 bene
1639 1806 1739 1840 esse
1775 1796 1822 1839 in
1860 1796 2029 1853 gratia,
2078 1809 2170 1840 non
2208 1795 2284 1839 ha-

121 1861 271 1910 bendo
308 1862 529 1924 Spiritum
567 1870 798 1915 sanctum,
846 1870 898 1910 ut
943 1863 1055 1911 alias
1101 1863 1239 1910 habet
1288 1864 1429 1910 videri
1475 1878 1559 1926 per
1595 1865 1835 1926 Magistros
1883 1872 2082 1912 nostros.
2158 1862 2200 1910 (Ι
2237 1865 2282 1911 Si

122 1940 275 1982 autem
311 1933 584 1996 replicatur,
625 1942 774 1982 tamen
797 1934 966 1982 Paulus
1001 1935 1292 1997 reprehendit
1329 1950 1431 1982 eum
1467 1943 1577 1997 post
1603 1935 1799 1998 Spiritus
1838 1939 1978 1983 sancti
2006 1937 2283 1984 missionem.

122 2005 232 2054 Gala
255 2019 328 2053 .11.
375 2006 722 2069 Respondetur‚
782 2007 879 2053 Hoc
925 2007 1013 2053 suit
1058 2006 1230 2053 veniale
1287 2014 1547 2069 peccatum,
1605 2015 1651 2053 et
1706 2008 1907 2070 quaedam
1955 2007 2183 2056 simulatio
2233 2023 2283 2055 ac

123 2077 405 2140 dispensatio
441 2078 530 2140 piae
568 2078 755 2126 fraudis.
832 2076 874 2124 (Ι
912 2077 959 2124 Si
1007 2078 1175 2124 iterum
1220 2078 1352 2131 dicit,
1399 2078 1498 2125 Non
1545 2079 1721 2126 videtur
1758 2087 1941 2126 sanctus
1983 2079 2149 2126 Paulus
2199 2095 2282 2141 pro

63 2149 286 2196 &veniali
322 2157 509 2212 peccato
548 2157 595 2197 et
631 2158 720 2197 tam
757 2149 846 2196 levi
882 2164 932 2196 re
971 2157 1144 2197 tantum
1182 2151 1348 2197 festum
1385 2151 1571 2202 fecisse,
1610 2151 1698 2197 nisi
1726 2151 1887 2197 suisset
1911 2151 2165 2213 periculum
2190 2151 2284 2198 ani·

122 2235 299 2269 marum
333 2220 415 2268 ibi.
486 2221 596 2268 Nam
634 2222 730 2284 ipse
767 2222 876 2269 dicit
913 2222 1134 2284 evangelii
1174 2223 1407 2270 veritatem
1446 2222 1508 2268 ibi
1546 2222 1689 2269 fuisse
1727 2224 1967 2274 omissam,
2006 2224 2093 2270 hoc
2131 2230 2281 2270 autem

122 2300 195 2340 est
231 2292 461 2340 Christum
496 2307 664 2354 negare
701 2301 747 2340 et
785 2292 1050 2341 infidelitate
1087 2307 1289 2355 peccare.
1363 2294 1704 2355 Respondetur‚
1744 2294 1894 2341 Sancti
1932 2295 2172 2356 primitivae
2210 2308 2282 2340 ec-

121 2364 273 2412 clesiae
310 2364 500 2412 fuerunt
534 2365 782 2417 ferventes,
830 2365 931 2412 ideo
980 2381 1116 2427 parva
1161 2372 1346 2428 peccata
1390 2373 1605 2427 tanquam
1653 2368 1839 2412 maxima
1877 2366 2281 2428 reprehendebant.

120 2436 178 2483 Et
213 2437 336 2499 quod
373 2450 462 2484 nos
498 2437 631 2484 hodie
668 2437 908 2486 haereticos
945 2437 1254 2484 comburimus
1291 2443 1339 2484 et
1377 2438 1645 2490 occidimus,
1696 2439 1783 2503 ipsi
1821 2438 2110 2484 homicidium
2150 2453 2283 2500 repu-

63 2515 321 2561 mussent,
372 2508 451 2555 sed
497 2511 722 2556 excessive
758 2509 899 2556 locuti
937 2510 1155 2560 fuissent,
1204 2523 1306 2556 cum
1346 2516 1493 2556 tamen
1532 2516 1690 2556 nostro
1730 2516 1936 2571 tempore
1973 2508 2029 2570 (si
2065 2518 2186 2557 recta
2225 2510 2285 2556 sit

64 2595 72 2604 ’
122 2574 334 2642 intentio)
372 2594 465 2627 non
501 2580 652 2627 solum
688 2581 786 2627 sine
822 2587 1009 2642 peccato
1047 2582 1119 2632 sit,
1146 2575 1167 2646 ΙΙ
1195 2581 1274 2628 sed
1311 2582 1444 2627 etiam
1482 2596 1585 2628 cum
1621 2595 1785 2642 magno
1824 2581 1986 2628 merito
2025 2581 2115 2629 fiat.
2190 2580 2396 2637 SicAiijb

122 2651 310 2699 reddere
346 2651 548 2699 debitum
586 2652 885 2704 matrimonii,
934 2667 1025 2699 non
1074 2653 1169 2699 sinc
1216 2660 1401 2714 peccato
1448 2652 1546 2699 fieri
1592 2653 1657 2699 illi
1695 2653 1913 2700 dixissent
1951 2654 2177 2700 excessive
2215 2653 2282 2699 lo-

122 2730 316 2786 quentes
351 2738 455 2771 cum
489 2723 606 2770 Psal.
633 2724 1033 2786 quinquagesimo,
1071 2724 1184 2771 Ecce
1222 2726 1339 2770 enim
1378 2724 1423 2770 in
1462 2725 1775 2786 iniquitatibus
1800 2732 2048 2786 conceptus
2084 2740 2199 2776 sum,
2239 2732 2284 2770 et

122 2798 167 2842 in
204 2796 404 2857 peccatis
440 2796 649 2857 concepit
685 2810 756 2842 me
795 2803 938 2843 mater
974 2810 1087 2843 mea.
1162 2796 1249 2842 Sed
1285 2804 1445 2842 nostro
1485 2803 1691 2858 tempore
1728 2811 1829 2843 cum
1867 2798 2029 2843 merito
2069 2797 2166 2842 fieri
2204 2812 2283 2858 po·

66 2871 107 2904 3⁵
127 2874 243 2919 test,
291 2874 338 2914 et
382 2874 455 2914 est
502 2881 620 2929 opus
667 2867 878 2915 iusticioe.
956 2865 997 2914 (Ι
1035 2868 1187 2914 Tertio
1236 2868 1471 2928 arguitur,
1523 2868 1612 2914 Cur
1660 2883 1772 2929 ergo
1821 2867 1963 2915 sancti
2002 2869 2159 2915 Patres
2198 2883 2282 2914 suo

124 2947 328 3000 tempore
365 2938 616 2986 llaereticos
661 2953 744 3001 per
782 2941 1034 3002 scripturas
1071 2946 1117 2985 et
1154 2939 1337 2986 verbum
1376 2939 1450 2985 Dei
1499 2946 1888 3001 expugnaverunt,
1938 2947 1983 2986 et
2030 2939 2283 3001 exemplum

121 3010 255 3058 nobis
291 3010 357 3057 sic
393 3010 583 3058 faciendi
623 3010 938 3073 reliquerunt?
977 3011 1317 3072 Respondetur‚
1357 3011 1438 3058 llic
1475 3010 1561 3057 alia
1599 3018 1671 3057 est
1710 3012 1825 3058 ratio
1867 3012 2099 3073 temporis.
2175 3010 2280 3056 Nam

125 3089 232 3130 tunc
278 3080 468 3130 ecclesia
514 3083 715 3130 nondum
763 3083 850 3130 suit
898 3083 1071 3129 firmata
1119 3097 1204 3130 nec
1249 3082 1359 3129 fides
1398 3084 1508 3129 satis
1548 3082 1785 3135 roborata,
1837 3083 1935 3130 ideo
1976 3097 2161 3131 necesse
2199 3084 2285 3128 suit

122 3168 207 3216 per
242 3154 493 3216 scripturas
529 3168 632 3202 cum
669 3157 734 3202 eis
772 3169 990 3216 pugnare.
1064 3154 1190 3202 Nunc
1227 3162 1375 3200 autem
1416 3161 1603 3216 oportet
1640 3155 1694 3201 de
1732 3154 1905 3201 firmata
1943 3154 2029 3201 fide
2066 3168 2145 3202 eos
2184 3168 2284 3200 exa-

63 3229 107 3263 ⁴⁰
122 3225 305 3274 minare.
378 3224 484 3273 ideo
521 3224 665 3273 multo
712 3226 891 3273 facilior
938 3234 1007 3273 est
1054 3227 1216 3273 modus
1253 3226 1511 3287 inquirendi
1548 3240 1669 3273 nnnc
1706 3241 1839 3288 quam
1880 3235 1987 3273 tunc
2023 3226 2134 3278 suit,
2183 3227 2285 3287 quia

124 3296 304 3344 illorum
351 3297 513 3344 modus
560 3298 754 3345 describi
802 3305 848 3345 et
897 3300 940 3345 in
991 3305 1133 3345 artem
1171 3298 1314 3358 redigi
1354 3312 1442 3344 non
1482 3298 1654 3359 potuit,
1705 3299 1788 3344 nisi
1830 3305 1971 3345 totam
2011 3300 2283 3359 scripturam

122 3368 286 3430 aliquis
323 3368 637 3416 intellexisset.
711 3369 794 3416 Sed
836 3370 967 3416 hodie
1004 3369 1307 3431 periculosum
1347 3376 1418 3416 est
1443 3384 1545 3416 cum
1573 3369 1805 3416 llaereticis
1833 3371 1876 3416 in
1904 3370 2041 3417 Biblia
2069 3383 2283 3431 pugnare,

122 3440 228 3502 quia
266 3440 445 3502 quando
484 3441 690 3488 fecerunt
718 3441 898 3487 Bibliam
937 3448 1219 3503 suspectam.
1259 3441 1382 3502 quod
1419 3455 1442 3487 a
1481 3441 1636 3487 multis
1673 3448 1861 3490 vocatur
1899 3442 2012 3489 liber
2051 3443 2284 3488 haeretico-

122 3525 248 3565 rum,
287 3512 388 3558 ideo
426 3511 527 3559 aliis
565 3512 693 3559 libris
730 3519 776 3559 et
812 3513 957 3560 modis
994 3513 1219 3576 agendum
1258 3521 1342 3559 est.

66 3629 110 3665 45
1083 3624 1325 3667 TERTIA.

266 3709 311 3759 (Ι
345 3726 575 3762 necessi-3
614 3721 684 3761 est
722 3727 918 3766 summe,
956 3721 1008 3760 ut
1046 3714 1292 3776 inquisitor
1318 3716 1415 3777 ipse
1443 3729 1624 3777 quoqne
1651 3723 1803 3763 certus
1831 3718 1913 3766 sit,
1954 3730 2002 3761 se
2029 3728 2114 3760 non
2145 3727 2279 3773 posse

125 3796 277 3832 errare
314 3786 358 3831 in
396 3786 483 3833 hoc
521 3793 639 3834 actu.
710 3786 799 3833 Nec
836 3785 970 3832 debet
1007 3786 1259 3848 inquirere,
1299 3788 1420 3849 quod
1459 3786 1567 3834 velit
1604 3788 1770 3850 aliquid
1811 3789 1981 3834 discere
2019 3785 2082 3830 vel
2111 3783 2278 3834 andire,

239 3938 273 3967 ¹⁸
304 3940 466 3982 Matth.
489 3941 566 3982 VI.
588 3941 657 3982 23.
679 3940 822 3982 Marc.
844 3941 969 3983 V111.
990 3941 1059 3983 33.
