2456 4264
831 321 1166 350 HocHS'rRA'rvs
1190 321 1338 350 OVANS
1361 321 1609 349 DIALOGVS.
2153 294 2288 351 467

136 454 385 516 plaeraque.
422 459 476 500 ut
499 452 765 514 figmentum
791 453 923 502 facile
959 468 1205 516 agnoscas.
1267 453 1315 499 ln
1353 467 1449 500 eam
1475 453 1799 515 cogitationem
1826 453 2117 514 gratitudinis
2142 453 2294 500 conie-

99 540 101 543 ⁴
135 532 237 572 ctus
271 524 384 586 caepi
421 524 582 571 leviter
619 539 672 571 ex
708 527 857 588 capite
894 526 1124 577 laborare,
1165 524 1243 586 qui
1281 525 1429 571 dolor·
1449 527 1494 571 in
1533 526 1671 572 horas
1697 527 1958 572 contentius
1985 524 2191 586 urgebat,
2231 526 2293 571 ita

135 603 189 643 ut
231 595 454 658 postridie
501 597 697 643 animum
745 611 951 658 agerem;
1000 604 1229 644 mortuum
1277 604 1426 644 autem
1464 597 1691 659 extemplo
1729 597 2002 648 Mercurius,
2051 603 2293 658 postquam

137 667 328 714 Genium
364 679 514 714 meum
550 667 811 715 consultum
850 668 1030 721 habuit,
1082 657 1273 729 quanam
1321 670 1497 715 ratione
1544 668 1740 715 hominis
1787 668 1923 714 vitam
1969 667 2292 720 transivissem.

101 741 260 800 5virga
298 752 379 785 sua
414 739 694 786 monstrifica
730 739 776 785 in
812 754 915 786 eum
951 753 1023 785 me
1059 753 1248 801 porcum
1286 738 1460 800 abegit,
1499 753 1634 801 quem
1659 746 1754 785 tum
1779 738 1964 786 Lovanii
1989 739 2155 786 fratres
2180 754 2297 801 prae-

137 810 363 856 dicatores
410 809 614 864 alebant;
667 810 875 872 equidem
923 825 1030 857 vero
1079 810 1235 857 multis
1284 810 1576 857 obsecrabam
1623 810 1777 862 illum,
1824 818 1877 856 ut
1912 824 1984 856 me
2019 809 2090 857 vel
2128 825 2294 857 annum

137 882 423 943 permitteret
467 883 589 928 inter
636 882 807 929 aulicos
854 882 964 929 deos
1002 881 1233 928 obversari
1280 884 1466 943 corpori
1511 881 1799 927 restitutum:
1848 888 1984 942 negat
2031 882 2110 928 ille
2156 896 2208 928 ex
2247 896 2294 928 se

137 953 183 999 id
217 966 323 999 esse
358 959 438 999 aut
474 954 641 1000 factum
679 960 759 999 aut
794 967 993 1015 unquam
1031 953 1261 999 futurum:
1300 966 1385 1014 ego
1425 959 1600 1003 autem,
1641 952 1717 1013 qui
1755 958 1986 1014 potentem
2014 953 2119 999 novi
2144 953 2291 1006 deum,
2312 956 2410 998 §.¹2.

137 1031 190 1071 ut
226 1031 419 1071 conetur
454 1024 645 1076 saltem,
694 1026 830 1071 etiam
878 1032 1014 1086 atque
1063 1026 1197 1071 etiam
1235 1025 1357 1070 insto
1396 1030 1532 1085 atque
1569 1037 1739 1084 urgeo,
1789 1024 1899 1069 mihi
1937 1025 2054 1070 enim
2093 1037 2299 1071 exorsam

85 1103 124 1136 ¹⁰
143 1094 279 1142 telam
325 1095 668 1158 pertexendam,
718 1096 971 1156 augendum
1018 1095 1096 1141 Lei
1142 1108 1331 1147 nomen,
1387 1094 1709 1142 attenuandum
1745 1093 1952 1146 xErasmi.
2005 1095 2129 1156 quod
2183 1096 2303 1157 apud-

137 1166 314 1228 Anglos
350 1167 488 1228 longe
524 1168 725 1214 omnium
761 1166 1134 1214 honestissimum
1171 1165 1385 1212 habetur:
1425 1165 1637 1228 praesidia
1674 1165 1780 1214 huic
1816 1167 1884 1213 rei
1920 1165 2177 1213 firmissima
2216 1167 2300 1213 sita

142 1238 186 1284 in
223 1238 479 1291 Monachis,
530 1239 609 1301 qui
647 1238 782 1285 modo
830 1239 877 1284 in
924 1238 1039 1284 aulis
1077 1237 1335 1299 principum
1380 1237 1468 1284 soli
1514 1243 1734 1297 regnant:
1779 1242 1954 1283 tantum
1992 1237 2110 1284 enim
2148 1245 2302 1299 potest

139 1309 434 1371 argutissima
479 1310 758 1372 hypocrisis,
807 1309 886 1355 sed
933 1323 1036 1355 cum
1081 1322 1245 1369 magno
1296 1307 1414 1355 malo
1464 1309 1605 1355 totius
1645 1308 1768 1355 orbis
1805 1307 1850 1355 id
1887 1315 2055 1370 potest.
2129 1308 2192 1355 Ibi
2230 1323 2301 1355 me

140 1381 253 1428 deus
277 1380 357 1428 ille
391 1381 644 1443 versipellis
681 1382 904 1443 peramice
941 1380 1158 1431 intuitus,
1198 1386 1250 1426 ut
1287 1381 1420 1427 unice
1456 1380 1633 1428 deamat
1669 1379 1935 1432 mendaces.
1974 1379 2178 1432 fucatos,
2219 1381 2300 1427 ho-

86 1460 130 1494 ¹5
144 1453 289 1499 mines
325 1452 430 1500 fidei
467 1467 559 1499 non
598 1452 837 1499 admodum
875 1451 1194 1503 adamantinae,
1234 1451 1370 1498 ‘Fata'
1410 1451 1558 1513 inquit
1595 1451 1882 1513 ‘prohibent,
1919 1451 2008 1499 Lee
2045 1451 2299 1513 magnifice.

139 1538 198 1571 ne
234 1538 433 1586 unquam
470 1525 735 1577 reviviscas:
774 1525 884 1585 quin
921 1522 1108 1570 abactus
1133 1522 1379 1569 Lovanium
1416 1529 1522 1570 ante
1558 1524 1807 1585 proximam
1843 1523 1990 1570 lucem
2028 1523 2075 1570 in
2112 1538 2301 1585 porcum

139 1610 345 1644 crassum
381 1595 667 1658 spurcissimi
704 1595 939 1642 cuiusdam
977 1594 1173 1642 coenobii
1221 1601 1406 1641 tuorum
1445 1601 1523 1642 aut
1560 1594 1877 1642 Camelitarum
1916 1602 1994 1642 aut
2029 1594 2301 1643 Praedicato-

140 1682 243 1714 rum
278 1666 644 1714 commutaheris.
701 1681 842 1729 porro
882 1667 1006 1728 quod
1042 1666 1096 1713 ad
1134 1680 1206 1712 me
1243 1667 1428 1718 attinet,
1467 1681 1525 1714 ne
1563 1673 1660 1714 tota
1698 1668 2007 1729 expectatione
2045 1666 2297 1719 frustreris,
2317 1676 2402 1718 §.¹3

139 1738 424 1801 persuadebo
460 1738 741 1801 Apollinem,
781 1752 873 1799 quo
912 1737 1083 1785 idolum
1121 1739 1188 1784 tui
1227 1737 1381 1785 herbis
1408 1744 1453 1784 et
1478 1738 1755 1786 carminibus
1781 1737 2037 1786 efficacibus
2063 1736 2303 1785 confictum

83 1810 413 1863 ²⁰substituat,
461 1825 546 1873 pro
582 1810 674 1856 Leo
721 1809 948 1857 facturum
998 1824 1123 1856 sacra
1159 1811 1353 1887 reginae,
1399 1809 1478 1857 sed
1515 1811 1684 1862 inania,
1732 1811 1947 1857 nimirum
1983 1809 2116 1856 inane
2152 1810 2302 1871 ipsum

140 1889 187 1928 et
212 1883 398 1929 omnino
438 1896 600 1945 expers
638 1882 799 1928 divinae
836 1881 957 1928 illius
995 1895 1133 1934 aurae,
1173 1875 1258 1926 καὶ
1293 1869 1347 1926 τὸ
1384 1869 1502 1926 όλον
1532 1868 1753 1943 άπυρονε
1791 1895 1939 1944 poena
1975 1882 2095 1927 enim
2119 1881 2304 1928 Prome·

138 1955 261 2006 thei,
310 1967 399 2016 qua
444 1954 582 2000 huius
629 1953 862 2000 solertiam
909 1953 1106 2000 animum
1153 1953 1353 2000 indentis
1390 1952 1607 2015 figmento
1645 1967 1730 2000 suo
1770 1967 1923 2000 severe
1960 1952 2151 2000 sancivit
2185 1953 2304 2015 Iupi-

140 2031 237 2077 ter,
283 2031 467 2073 cautum
502 2024 723 2072 Phoebum
760 2025 985 2077 deterret,
1034 2039 1124 2086 quo
1171 2025 1320 2070 minus
1358 2024 1441 2070 tibi
1478 2025 1640 2071 audeat
1677 2024 1912 2071 salientem
1952 2024 2037 2072 suh
2074 2024 2188 2071 laevo
2226 2038 2305 2086 pe·

141 2103 269 2144 ctore
303 2097 394 2143 vim
432 2112 458 2144 a
492 2097 596 2144 Iove
634 2095 848 2144 suffurari
896 2103 943 2144 et
989 2096 1225 2143 cordatum
1264 2095 1467 2143 reddere.
1516 2096 1671 2158 itaque
1708 2111 1795 2158 ego
1833 2111 2003 2158 porcus
2039 2095 2222 2143 Lovanii
2259 2097 2305 2142 in

84 2168 306 2230 2⁵Anglia
341 2182 441 2215 esse
478 2175 600 2220 arte,
638 2175 691 2215 ut
728 2168 841 2220 dixi,
888 2167 1113 2230 Apollinis
1149 2168 1329 2220 videor;
1378 2170 1504 2230 atqui
1541 2168 1714 2215 frustra
1752 2169 1930 2230 speravi
1967 2169 2087 2215 circa
2124 2166 2303 2214 simula-

126 2253 270 2301 jcrum
305 2238 385 2287 Lei
424 2239 668 2288 sacrificuli
706 2246 934 2287 certamen
979 2239 1299 2286 incrudescere
1348 2239 1583 2300 elegantiae
1629 2246 1675 2285 et
1719 2238 1966 2291 barbariei,
2018 2239 2305 2301 quemadmo-

141 2311 247 2358 dum
285 2313 408 2360 circa
442 2313 604 2361 Aeneae
643 2318 839 2358 statuam
877 2311 1139 2359 Graecorum
1177 2318 1224 2357 et
1261 2311 1559 2358 Troianorum
1600 2310 1706 2357 olim
1755 2310 1999 2358 incruduit.
2075 2311 2109 2357 0
2149 2310 2306 2357 duram

144 2390 342 2430 sortem:
389 2397 492 2431 nam
529 2397 602 2430 me
639 2383 882 2445 negligunt
919 2383 1141 2446 sophistae
1180 2397 1263 2429 ceu
1301 2397 1458 2444 parum
1499 2383 1775 2445 sophistam;
1824 2382 1990 2429 eruditi
2027 2382 2152 2428 velut
2189 2384 2308 2428 iner-

140 2468 259 2502 mem
297 2461 345 2502 et
380 2469 489 2502 arcu
525 2462 573 2502 et
610 2457 793 2516 sagittis
831 2455 1002 2502 nudum
1041 2455 1162 2500 serio
1200 2468 1457 2516 congressu
1496 2454 1824 2516 dedignantur,
1864 2468 2122 2515 quanquam
2149 2453 2307 2500 odiose

85 2526 478 2589 &petulantiores
525 2526 707 2590 quidam
753 2526 909 2574 ludere
955 2529 1001 2573 in
1040 2539 1110 2573 me
1148 2540 1237 2572 non
1276 2532 1478 2580 cessant3
1528 2525 1724 2587 denique
1770 2525 1941 2586 reginae
1988 2525 2163 2572 animus
2201 2538 2309 2586 erga

139 2612 215 2646 me
253 2633 265 2645 .
291 2635 303 2646 .
332 2634 344 2645 .
373 2634 384 2645 .

282 2682 574 2720 Lvronnvs.
645 2671 805 2718 Desine
844 2670 1069 2732 querelas,
1109 2669 1316 2721 obsecro,
1358 2670 1538 2716 tametsi
1575 2669 1744 2722 iustaS,
1783 2674 1828 2715 et
1866 2668 1920 2715 de
1957 2668 2140 2731 ingenio
2177 2667 2421 2730 porci§.14.

142 2740 278 2804 Angli
316 2756 438 2804 agas.

282 2827 432 2863 ΗΠΒ.
504 2812 647 2870 Quid,
685 2813 878 2865 malum,
928 2813 982 2860 de
1023 2813 1204 2874 ingenio
1244 2813 1371 2874 porci
1410 2811 1590 2869 audies,
1642 2812 1764 2873 quod
1800 2811 1974 2858 nullum
2011 2812 2194 2874 penitus
2231 2811 2310 2858 ha·

89 2884 253 2938 abui,
294 2885 518 2948 siquidem
554 2899 725 2947 porcus
763 2898 909 2936 eram,
950 2886 1021 2931 cui
1060 2886 1204 2931 anima
1244 2891 1328 2945 p'ro
1369 2883 1461 2931 sale
1500 2890 1592 2935 est.
1641 2883 1761 2930 haud
1798 2897 1930 2930 secus
1969 2890 2105 2944 atque
2142 2882 2308 2930 ociosae

145 2956 293 3004 turbae
318 2957 669 3008 nonachorum,
710 2955 878 3018 quibus
906 2956 991 3002 vita
1030 2956 1141 3003 nihil
1182 2962 1252 3003 est
1291 2956 1395 3002 usui
1435 2968 1567 3017 quam
1606 2962 1658 3002 ut
1696 2955 1876 3002 condiat
1913 2969 2094 3001 carnem
2132 2968 2187 3000 ne
2226 2969 2309 3016 pu-

148 3034 343 3082 trescat,
382 3028 462 3091 qui
499 3028 674 3075 numeri
715 3035 822 3075 sunt
862 3035 907 3075 et
945 3028 1102 3089 fruges
1140 3041 1410 3074 consumere
1448 3028 1566 3079 nati,
1606 3027 1683 3089 qui
1725 3026 1899 3072 telluris
1926 3025 2089 3073 inutile
2115 3025 2308 3088 pondus,

144 3107 368 3162 praeterea
403 3099 545 3152 nihil,
585 3114 676 3147 non
716 3106 896 3151 serunt,
944 3114 1035 3146 non
1074 3105 1276 3150 metunt,
1318 3105 1493 3145 tantum
1531 3098 1758 3150 fruuntur,
1799 3104 1844 3144 et
1880 3105 2041 3144 vorant
2078 3097 2309 3144 demessos

146 3170 352 3224 fructus,
403 3186 522 3234 quos
560 3170 616 3218 ab
654 3171 872 3232 agricolis
913 3177 990 3218 aut
1028 3171 1268 3232 promissis
1318 3169 1517 3232 preculis
1558 3177 1635 3216 aut
1673 3169 1892 3216 societate
1940 3170 2207 3216 meritorum
2247 3169 2312 3216 sa-

258 3323 279 3351 2
309 3322 588 3379 contentius]
621 3324 862 3366 intentius.
950 3322 969 3350 ⁴
1002 3324 1153 3367 Geniu
1186 3327 1224 3366 1.
1246 3329 1286 3364 et
1318 3330 1454 3365 tamen
1484 3325 1527 3364 in
1557 3322 1735 3364 Emotis
1765 3323 1940 3377 leqitur:
1971 3321 2171 3375 Senium,
2205 3322 2309 3377 lege

148 3396 360 3439 Genium.
391 3397 535 3438 statim
565 3401 702 3437 autem
731 3396 942 3437 adiectum
972 3401 1039 3437 est
1078 3394 1333 3448 „Quaedam
1365 3398 1521 3436 tamen
1551 3394 1709 3435 horum
1741 3407 1832 3436 non
1862 3395 1911 3435 in
1941 3394 2151 3436 omnibus
2182 3407 2311 3448 repe-

146 3469 337 3511 rientur.
396 3466 447 3509 Si
485 3479 586 3523 quae
618 3472 774 3509 tamen
803 3470 975 3521 praeter
1004 3466 1105 3507 haec
1137 3466 1183 3508 se
1215 3465 1490 3518 obtulerint,
1533 3465 1730 3520 diligens
1760 3464 1906 3507 lector
1936 3465 2011 3507 Puo
2043 3465 2187 3515 facile
2221 3476 2313 3505 cor-

146 3539 270 3594 riget
297 3537 517 3580 iudieio''.
597 3535 633 3565 ¹⁴
663 3535 792 3591 deus]
827 3538 931 3579 sene
955 3540 994 3578 1.
1011 3539 1054 3578 3.
1076 3538 1156 3579 sed
1183 3538 1226 3577 in
1249 3536 1400 3579 Errat.
1427 3539 1463 3579 1.
1485 3535 1590 3591 lege
1622 3536 1748 3578 deus.
1831 3535 1866 3563 ¹⁷
1896 3535 2246 3579 Carmelitarum
2269 3538 2309 3576 4.

150 3610 217 3665 Of.
236 3623 374 3665 mpra
401 3611 440 3662 §-
468 3609 534 3651 11.
644 3607 679 3635 ¹⁹
710 3607 1003 3662 Appollinem
1037 3611 1081 3650 3.
1195 3607 1229 3634 ²¹
1263 3622 1305 3650 κ.
1329 3622 1367 3650 τ.
1393 3598 1434 3649 ὅ.
1457 3600 1553 3662 clim]
1587 3611 1822 3662 totumque
1855 3609 1955 3650 sine
1989 3608 2158 3659 calore,
2190 3607 2311 3660 ignis

149 3685 401 3736 expertem.
517 3677 768 3733 Prometh.[
799 3679 870 3721 Cf.
894 3692 932 3721 e.
958 3693 1024 3734 gr.
1047 3680 1213 3733 Hygini
1241 3678 1367 3722 sabb.
1394 3678 1488 3721 142.
1515 3678 1609 3722 144.
1706 3677 1743 3706 ²⁸
1774 3678 1877 3722 leuo
1910 3682 2061 3724 1.2.3.
2156 3676 2193 3703 ²⁵
2223 3678 2310 3730 Ap-

147 3751 334 3807 pollinis
367 3755 410 3795 3.
526 3751 565 3778 ²⁷
605 3753 734 3793 circa
764 3750 877 3793 Aen.
911 3749 986 3805 εἰ]
1019 3750 1197 3792 Homer.
1221 3750 1281 3792 11.
1304 3765 1349 3794 v.
1370 3749 1468 3792 449.
1493 3764 1589 3805 sqq.
1707 3750 1745 3778 ³⁷
1774 3749 1912 3806 num.]
1954 3753 2113 3792 Horat.
2147 3762 2247 3802 epp.
2273 3746 2308 3788 Ι.

147 3823 262 3877 2,27.
303 3825 427 3878 „Nos
456 3835 671 3865 numerus
702 3834 855 3864 sumus
886 3826 934 3863 et
963 3822 1121 3876 fruges
1153 3834 1420 3864 consumere
1462 3822 1607 3863 nati”.
1713 3820 1888 3875 tellur.]
1928 3815 2120 3864 ἐτώσιον
2157 3810 2311 3872 ἄχθος

149 3888 368 3951 ἀρούρης.
408 3896 589 3938 Homer.
621 3893 675 3938 Il.
705 3893 875 3935 XVIII.
900 3893 996 3938 104.
1031 3894 1090 3937 cf.
1113 3892 1278 3946 Odyss.
1310 3894 1408 3935 XX.
1431 3892 1529 3935 379.
1647 3891 1683 3920 ⁸⁸
1722 3906 1812 3935 non
1850 3890 1960 3946 sen]
2004 3892 2183 3942 Evang.
2215 3901 2309 3928 sec.

153 3967 308 4010 Mattlz.
328 3968 406 4011 VI.
428 3966 497 4009 26.
586 3964 623 3992 ⁸⁹
654 3965 867 4021 praeculis
897 3968 941 4010 2.
1028 3965 1246 4007 societati
1277 3967 1316 4006 1.
1330 3968 1374 4007 3.

1816 4059 1925 4117 30*
