2456 4264
685 304 745 332 DE
767 302 1015 332 mus'roms
1039 299 1351 330 onscvnonvm
1375 299 1601 330 vmonvn.
2121 275 2235 334 161

73 435 222 485 mdo
255 432 484 493 infamat
517 439 900 483 sacrosanctam
937 434 1101 482 sedem
1139 432 1470 494 apostolicam
1484 469 1497 491 ,
1552 445 1585 480 a
1632 446 1733 494 qua
1780 433 1907 480 tales
1944 434 2045 494 ipsi
2079 433 2243 481 indul-

70 520 274 583 ρωπίας
315 517 616 569 habuerunt.
692 519 755 567 In
802 519 976 566 eadem
1023 518 1147 566 dicit
1198 516 1477 578 Theoloqos
1526 523 1724 565 nostros
1769 530 1874 566 esse
1919 517 2145 566 diabolos
2199 524 2246 566 et

74 603 464 666 Pairltysienses
498 616 604 651 esse
639 591 974 664 iniquissimos
1012 603 1228 661 iudices,
1271 615 1453 663 eosque
1491 602 1522 661 (
1520 603 1576 650 id
1610 603 1747 663 quod
1774 601 2107 662 falsissimum
2145 606 2242 664 est)

75 690 319 739 anost'is
330 690 583 750 pecunias
619 690 889 750 accepisse.
965 687 1092 736 Item
1131 689 1255 736 dicit
1291 689 1341 736 in
1380 688 1554 735 eadem
1593 689 1730 748 quod
1759 687 2012 737 Thalmud
2047 701 2146 737 non
2183 690 2249 736 sit

30 773 150 823 §ab
176 773 392 822 ecclesia
428 774 726 833 damnatus,
768 787 882 823 cum
919 779 1089 821 tamen
1126 773 1301 822 beatus
1341 773 1618 833 Greqorius
1654 778 1702 820 et
1741 775 1835 821 alii
1859 775 2148 834 pontifices,
2192 779 2246 821 ut

75 859 426 909 universitates
460 860 567 920 ipse
604 864 882 918 testantur,
933 860 1073 907 illum
1110 858 1560 906 condemnaverint
1599 862 1665 905 ‚et
1684 872 1729 906 c.
1807 859 1932 906 Item
1981 860 2031 906 in
2070 859 2245 905 eadem

73 945 288 1007 epistola
318 945 534 1006 ponitur
570 945 709 1006 quod
741 945 1079 992 Fortalicium
1111 944 1237 1003 fidei
1270 948 1344 991 est
1380 942 1640 990 merdosus
1677 943 1832 1002 liber,
1886 943 2017 991 nihil
2042 944 2249 1003 penitus

73 1030 249 1081 valens
283 1034 335 1078 et
367 1029 506 1091 quod
540 1043 684 1078 nemo
720 1031 859 1079 illum
898 1030 1129 1089 alleyare
1176 1029 1241 1076 sit
1287 1029 1486 1087 solituS,
1540 1029 1641 1076 nisi
1683 1034 1771 1076 aut
1816 1029 2000 1076 stultus
2045 1029 2110 1075 sit
2160 1032 2250 1075 aut

5 1111 9 1114 ’
69 1113 255 1176 fatuus
291 1119 359 1162 ‚et
373 1128 419 1163 c.
499 1113 539 1162 0
574 1115 937 1176 impudentiam
973 1113 1228 1162 hominum
1265 1114 1630 1161 sceleratorum
1672 1111 1710 1160 O
1738 1113 2015 1174 perfidiam
2053 1113 2250 1173 pseudo

3 1193 69 1266 ib
80 1188 487 1268 ehn'sttcolarum
525 1201 616 1260 qui
648 1204 750 1247 tam
778 1199 991 1261 perdita
1026 1203 1228 1259 tamque
1260 1210 1520 1259 perversa,
1553 1192 1574 1264 ΙΙ
1601 1198 1742 1246 nobis
1778 1199 1830 1246 in
1867 1198 2166 1246 scandalum
2201 1203 2249 1246 et
2268 1203 2309 1247 n

7 1270 11 1293 ³
78 1283 266 1336 loanni
298 1283 546 1332 Reuchlin
584 1286 637 1332 in
675 1297 859 1333 vanam
893 1285 1142 1344 qloriam,
1195 1288 1283 1331 aut
1330 1284 1518 1331 rectius
1566 1283 1647 1341 (ut
1682 1296 1795 1331 cum
1832 1283 2144 1346 sapientibus
2181 1284 2250 1331 lo-

11 1405 31 1439 ·-
71 1371 233 1434 Ψόαν)
282 1370 356 1418 ad
397 1369 729 1417 immortalem
784 1367 1056 1428 infamiam
1111 1352 1490 1417 cachinnando
1513 1369 1861 1428 protulerunt.
1937 1368 2050 1416 Hoc
2097 1369 2254 1428 iqitm·

68 1460 378 1520 postremum
415 1452 791 1512 defendendum
829 1455 1061 1515 relinquo
1099 1455 1219 1502 toti·
1240 1454 1415 1501 ordini
1450 1454 1707 1502 Minorum
1755 1454 1926 1502 sancti
1960 1454 2248 1513 Francisci,

77 1540 304 1591 utillud
334 1540 502 1589 sacris
536 1539 1008 1601 impugnationibus
1044 1540 1257 1588 inultum
1295 1552 1394 1587 non
1433 1540 1646 1587 omittat.

10 1611 97 1681 ἣδι-
145 1636 147 1638 ·
215 1624 288 1674 -In
323 1625 560 1674 vicesima
595 1626 811 1687 septima
847 1626 1088 1686 epistola,
1125 1629 1390 1686 ponuntur
1427 1625 1670 1685 quedam,
1725 1638 1818 1685 que
1857 1630 1912 1673 ut
1958 1638 2052 1684 eqo
2100 1624 2255 1673 audio

20 1711 39 1761 Υ
77 1715 197 1760 nott
230 1711 447 1759 omnium
473 1711 714 1772 pessima.
793 1708 1188 1769 Confunduntur
1224 1710 1354 1758 enim
1391 1723 1544 1758 sacra
1572 1710 1865 1771 prophanis
1889 1714 1938 1758 et
1961 1710 2254 1771 turpissima

76 1796 142 1856 fil
169 1796 223 1845 in
258 1795 437 1844 eadem
471 1808 739 1844 sacrarum
776 1797 1065 1844 litterarum
1103 1795 1278 1843 abusio
1317 1795 1739 1843 concordantiam
1770 1793 1977 1853 faciens
2015 1796 2148 1843 inter
2169 1793 2254 1854 fa-

81 1880 228 1931 bulas
254 1885 529 1943 poetarum
566 1886 616 1929 et
650 1881 956 1929 catholicam
993 1881 1323 1942 scripturam.
1399 1880 1508 1938 Hec
1545 1884 1662 1928 sunt
1699 1881 1858 1940 iqitur
1896 1881 2099 1928 obscuri
2122 1881 2257 1928 illius

79 1965 343 2016 nebulonis
386 1965 540 2014 verba
586 1980 682 2027 que
728 1979 866 2014 nunc
909 1970 1200 2026 sequuntur.
1279 1964 1321 2011 (Ι
1368 1965 1444 2012 De
1491 1964 1704 2013 Phitone
1756 1964 1968 2026 (inquit)
2024 1968 2258 2025 serpente

0 2038 227 2138 &quem
263 2048 523 2109 interfecit
559 2050 770 2112 Apoll0,
795 2051 989 2100 scribit
1025 2051 1293 2099 Psalmista
1335 2049 1525 2098 ‘Draco
1573 2051 1666 2098 iste
1711 2062 1854 2110 quem
1895 2048 2144 2108 formasti
2188 2048 2260 2095 ad

7 2139 45 2191 ,5⁹
81 2135 396 2185 illudendum
433 2132 513 2184 ei'.
591 2135 658 2183 Et
694 2137 876 2184 iterum
908 2135 1094 2198 ‘Super
1131 2135 1358 2197 aspidem
1396 2140 1445 2183 et
1480 2135 1768 2184 basiliscum
1806 2133 2117 2183 ambulabis’.
2182 2133 2258 2180 De

82 2219 311 2270 Saturno
356 2221 447 2282 qui
487 2223 798 2282 supponitur
846 2222 992 2270 homo
1038 2234 1220 2280 senex,
1272 2226 1320 2268 et
1364 2225 1518 2281 pater
1564 2221 1771 2269 deorum
1817 2221 2083 2269 comedens
2124 2219 2258 2278 filios

82 2318 199 2355 suos
230 2304 478 2355 scribitur
514 2305 578 2353 ab
616 2305 889 2354 Ezechiele
929 2306 1217 2354 ‘Comedent
1246 2310 1427 2367 patres
1458 2307 1593 2364 filios
1629 2307 1681 2354 in
1718 2307 1880 2354 medio
1917 2304 2022 2354 tui'.
2087 2304 2258 2353 Diana

83 2391 341 2452 donmcat
373 2389 712 2439 beatissimam
751 2393 997 2452 virginem
1037 2391 1262 2439 Mariam
1301 2391 1565 2439 ambulans
1604 2404 1716 2439 cum
1763 2392 1930 2439 multis
1975 2389 2259 2450 virqinibus

31 2473 346 2530 ihincinde.
422 2475 490 2524 Et
524 2488 649 2536 erqo
687 2477 751 2524 de
787 2490 847 2524 ea
884 2476 1128 2525 scribitur
1165 2477 1216 2524 in
1256 2476 1441 2525 Psalm.
1522 2475 1877 2525 ‘Adducentur
1903 2476 2123 2537 viryines
2143 2478 2259 2536 post

50 2575 59 2603 1.
85 2562 229 2610 eam’.
268 2566 317 2609 et
354 2561 485 2609 alibi
513 2559 705 2609 ‘Trahe
739 2575 817 2609 me
847 2566 965 2623 post
1002 2566 1065 2620 te,
1107 2575 1367 2610 curremus
1404 2563 1457 2610 in
1484 2562 1640 2610 odore
1665 2566 1999 2621 unqentorum
2027 2558 2258 2609 tuorum’.

50 2640 62 2646 ⁸
86 2645 214 2696 Item
250 2645 315 2695 de
347 2645 470 2694 Iove
504 2647 714 2707 quando
752 2647 1021 2708 defloravit
1059 2646 1359 2695 Calistonem
1397 2648 1668 2708 virqinem,
1719 2651 1768 2694 et
1815 2660 2046 2695 reversus
2083 2650 2155 2694 est
2193 2645 2264 2692 ad

86 2731 273 2792 celwn,
311 2730 489 2780 scribit
526 2730 640 2779 Mat
677 2736 810 2778 .XII.
855 2731 1124 2780 ‘Revertar
1169 2733 1224 2780 in
1274 2732 1472 2781 domum
1522 2745 1684 2781 meam
1721 2732 1855 2780 unde
1891 2730 2059 2781 exivi‘.
2135 2729 2261 2778 Item

89 2816 155 2866 de
186 2815 420 2878 Aqlauro
445 2816 780 2878 pedissequa,
823 2830 976 2878 quam
1015 2818 1309 2866 Mercurius
1344 2819 1494 2866 vertit
1531 2819 1583 2866 in
1621 2818 1872 2879 lapidem,
1915 2818 2006 2865 illa
2042 2816 2263 2878 lapidifi-

0 2925 6 2974 3·
34 2896 230 2962 *catio
264 2901 606 2962 tanyiturlob.
637 2906 818 2949 ‚XLJL
861 2902 980 2951 ‘Cor
1015 2904 1122 2952 eius
1160 2903 1489 2952 indurabitur
1525 2908 1579 2952 ut
1615 2899 1779 2964 lapis’.
1855 2902 1979 2950 Item
2018 2900 2264 2962 quomodo

0 2998 4 3040 ἰ
59 3023 61 3025 .
90 2985 329 3049 Iuppiter
362 2988 627 3049 supposuit
663 2987 924 3049 Europam
963 2989 1223 3050 viryinem,
1265 2990 1415 3037 etiam
1453 2988 1669 3037 habetur
1706 2990 1757 3036 in
1794 3000 1947 3036 sacra
1984 2987 2259 3047 scriptura,

61 3071 229 3134 ·quod
259 3083 355 3133 eqo
390 3071 632 3133 iqnoravi
659 3073 831 3134 prius,
885 3074 1006 3134 quia
1053 3075 1128 3123 sic
1166 3074 1303 3123 dixit
1348 3075 1420 3122 ad
1454 3087 1592 3122 eam:
1646 3073 1803 3122 ‘Audi
1832 3073 1944 3131 filia
1982 3077 2031 3119 et
2068 3071 2181 3119 vide
2217 3075 2263 3117 et

61 3156 285 3207 :incluta
321 3169 499 3207 aurem
546 3162 711 3230 tuam,
763 3159 886 3220 ‘quia
924 3160 1216 3221 concupivit
1251 3173 1348 3208 rex
1384 3161 1598 3222 speciem
1637 3156 1806 3207 tuam’.
1883 3157 2009 3205 Item
2049 3156 2266 3204 Cadmus

63 3250 309 3304 ’‘querens
343 3255 569 3292 sororem
606 3256 777 3303 suam,
828 3244 965 3305 qerit
1008 3257 1285 3306 personam
1335 3245 1546 3304 Christi,
1601 3245 1690 3304 qui
1734 3243 1900 3303 querit
1946 3254 2090 3290 suam
2127 3253 2264 3288 soro-

42 3324 52 3334 '
96 3338 227 3389 rem,
277 3327 335 3376 id
368 3332 444 3377 est
478 3330 700 3378 animam
746 3329 1045 3388 humanam,
1097 3335 1144 3377 et
1190 3330 1397 3388 edificat
1443 3330 1722 3389 civitatem,
1776 3328 1832 3376 id
1877 3333 1947 3375 est
1985 3327 2262 3375 ecclesiam.

85 3409 173 3462 -ve
204 3412 426 3472 Acteone
462 3426 581 3462 vero
618 3414 708 3474 qui
742 3414 871 3462 vidit
909 3413 1129 3462 Dianam
1179 3415 1397 3473 nudam,
1439 3413 1828 3476 prophetizavit
1869 3411 2111 3461 Ezechiel
2146 3424 2261 3471 cap.

87 3498 232 3544 11²1.
259 3498 433 3547 dicens
474 3498 628 3547 ‘Eras
664 3499 804 3546 nuda
842 3503 890 3546 et
926 3497 1225 3560 confusione
1255 3500 1438 3560 plena,
1491 3505 1538 3546 et
1586 3499 1806 3547 transivi
1841 3512 1941 3559 per
1989 3503 2036 3545 te
2080 3502 2127 3543 et
2164 3495 2270 3543 vidi

161 3616 177 3631 .
226 3581 354 3632 Item
378 3596 479 3632 non
505 3588 578 3631 est
607 3567 815 3642 frustra
853 3596 886 3629 a
916 3585 1082 3645 poetis
1117 3585 1360 3645 scriptum
1399 3584 1537 3645 quod
1561 3583 1799 3632 Bacchus
1835 3589 1908 3631 est
1944 3583 2017 3630 bis
2050 3581 2262 3641 ffl‘nitus,

185 3679 219 3715 a
245 3679 348 3730 per
383 3668 479 3717 hoc
514 3669 837 3729 siqnificatur
875 3667 1101 3717 Christus
1138 3670 1228 3730 qui
1262 3669 1412 3717 etiam
1460 3674 1532 3717 est
1579 3668 1653 3717 bis
1697 3669 1920 3730 (senituS,
1974 3680 2073 3714 uno
2120 3664 2266 3712 modo

217 3862 252 3892 ¹⁸
281 3864 411 3907 Immo
443 3865 667 3908 vicesima
707 3870 892 3910 octava.
953 3866 1063 3907 lnde
1104 3866 1157 3907 ab
1188 3866 1267 3907 hoc
1297 3868 1388 3908 loco
1421 3867 1778 3919 Pepericorniani
1806 3866 2077 3917 epz'stntnlarzt
2109 3874 2160 3898 ιι
2138 3873 2197 3897 ιιιιι
2260 3856 2265 3862 ’

107 3944 188 3977 mo
215 3939 398 3979 minores
426 3942 536 3977 sunt.
640 3935 674 3963 ¹⁷
706 3937 886 3979 faciens
916 3938 978 3978 sie
1011 3940 1050 3977 1.
1139 3935 1175 3963 ²¹
1207 3937 1449 3978 ambulans
1480 3939 1542 3977 sic
1575 3939 1612 3978 1.

207 4007 319 4049 Ere.
344 4021 600 4051 onscvnon.
624 4021 788 4051 vmon.
1836 4010 1887 4056 11
