2456 4264
277 285 399 343 416
854 304 1048 333 ORTVINI
1070 302 1233 331 GRATII
1254 300 1483 330 EPISTOLA
1502 300 1840 332 APOLOGE'ch.

266 439 461 501 pseudo
497 435 812 490 ChristianiS,
851 438 950 479 tam
986 431 1292 483 execrabiles
1327 435 1441 477 sunt
1473 428 1630 488 effuse
1666 430 1890 490 epistole,
1934 441 2055 489 quos
2083 441 2172 488 eqo
2207 427 2448 488 laudare,

271 537 368 571 non
399 521 568 581 debui,
603 531 750 579 quum
782 519 1104 565 sacrosancta
1139 515 1280 562 sedes
1316 515 1584 575 apostolica
1618 514 1889 573 iniquitatis
1923 526 2003 560 eos
2033 514 2162 572 filios
2199 526 2303 560 esse
2328 512 2422 559 de-

271 607 493 654 creverit.
581 604 721 661 Vale,
755 603 920 657 lector,
959 605 1007 647 et
1040 599 1308 647 secundam
1344 612 1447 646 eme
1480 598 1796 658 Inquisitoris
1821 597 2122 657 Apoloyiam,
2154 610 2247 656 que
2283 609 2420 642 nun-

271 691 402 737 dinis
432 687 654 747 fortasse
691 699 825 734 nunc
860 683 1224 745 Septembribus
1259 683 1415 730 exibit
1449 684 1500 730 in
1538 684 1721 737 lucem,
1759 682 1811 728 in
1842 694 1943 741 qua
1967 681 2272 728 admiranda
2297 694 2421 739 que-

270 775 387 821 dam
428 786 489 820 ac
521 774 674 833 plane
708 769 1012 831 obstupenda
1043 774 1220 817 contra
1248 767 1546 828 Capnionem
1581 767 1812 825 invenies,
1848 767 1988 813 cuius
2013 766 2158 813 etiam
2187 765 2421 812 Cabulam
2454 791 2456 808 .

264 860 467 919 plenam
506 857 646 904 docet
680 870 782 904 esse
815 853 1085 901 erroribus.
1163 851 1358 911 Colonie
1394 851 1540 899 Anno
1567 850 1963 899 ,Mccccaxrun
2003 851 2141 896 tertio
2178 849 2296 896 lsal'.
2325 848 2422 897 Se-
2454 869 2456 871 ·

258 942 521 1003 ptembres.
595 940 702 999 Hec
741 939 1000 988 Ortwinus.

784 1333 826 1380 ([
863 1333 1257 1391 Prestantissimo
1293 1336 1440 1391 atque
1476 1331 1765 1391 di’ynissimo
1800 1330 1906 1377 viro

941 1425 1002 1472 D.
1039 1423 1269 1471 Ioanni
1301 1422 1746 1482 Inylzewinlcel

545 1519 795 1579 preposito
822 1516 1071 1564 Xantensi
1101 1521 1150 1563 et
1178 1516 1378 1573 ecclesie
1418 1513 1715 1562 Coloniensis
1753 1513 2134 1572 archidiacono,
2431 1524 2456 1561 ιι·

683 1609 745 1656 In
782 1609 904 1656 urbe
939 1621 1129 1669 quoque
1166 1606 1395 1654 Romana
1429 1619 1543 1654 vero
1579 1607 1767 1665 iusticie
1796 1612 2012 1667 patrono

827 1700 1058 1760 bonisque
1091 1698 1311 1746 omnibus
1345 1711 1538 1759 semper
1574 1697 1858 1746 venerando

1040 1789 1350 1838 Orthinus
1390 1789 1647 1838 Gratius

828 1883 1208 1943 Aerippinensis
1244 1881 1500 1939 academie
1526 1880 1853 1942 philosophus

631 1977 836 2025 salutem
869 1976 1140 2037 plurimam
1179 1973 1321 2033 dicit,
1354 1986 1500 2034 seque
1535 1976 1681 2021 totum
1716 1972 2038 2021 commendat.
2431 1979 2456 2021 ¹1

399 2089 598 2137 Movent
625 2089 748 2137 milti
775 2087 1076 2137 stomachum
1108 2088 1206 2136 viri
1237 2086 1439 2147 quidam
1476 2085 1611 2146 boni,
1646 2087 1921 2135 reverende
1944 2086 2138 2135 domine
2162 2056 2456 2155 Prepositess

257 2180 306 2223 et
344 2177 395 2223 in
436 2174 625 2222 Christo
658 2173 775 2222 Iesu
806 2175 985 2234 iuqiter
1016 2172 1333 2232 honorande,
1383 2173 1472 2233 qui
1512 2185 1624 2220 cum
1661 2173 1837 2233 vieinti
1870 2173 2117 2220 tenuerint
2147 2172 2431 2220 vocabulo-.

256 2273 369 2307 rum
401 2260 618 2319 oriqines
655 2260 735 2318 (ut
768 2259 881 2307 Pici
913 2258 1071 2306 verbis
1094 2259 1361 2319 paululum
1394 2257 1648 2318 moderer)
1684 2259 1754 2306 ita
1787 2271 1840 2306 se
1875 2261 2141 2316 ostentant,
2182 2257 2252 2304 ita
2291 2245 2444 2326 ven-J!

257 2344 439 2403 ditant,
478 2345 547 2391 ita
583 2342 949 2402 circumferunt
985 2342 1295 2402 iactabundi,
1330 2346 1385 2390 ut
1408 2355 1508 2403 pre
1543 2343 1717 2404 seipsis
1742 2341 1983 2402 (maxime
2013 2343 2059 2390 si
2085 2326 2435 2390 obscurorum?

254 2427 712 2477 Reuclilinistarum
737 2428 848 2476 albo
872 2428 1102 2489 inscripti
1134 2429 1254 2488 sint)
1292 2439 1390 2474 non
1415 2427 1731 2489 philosophos
1766 2427 1910 2475 modo
1941 2440 2003 2475 ac
2040 2421 2456 2491 iureconsultos,'!fl

254 2526 424 2561 uerum
455 2517 504 2561 et
538 2513 803 2573 theoloqos,
837 2514 1040 2561 invictos
1075 2526 1221 2572 sacre
1252 2512 1376 2570 fidei
1405 2511 1694 2571 defensores
1706 2549 1721 2576 ,
1763 2511 2018 2561 audacula
2047 2510 2179 2571 falsi
2211 2494 2449 2560 temeri-'T

254 2602 380 2661 tate,
418 2610 518 2658 pro
555 2598 708 2646 nihilo
745 2598 996 2646 habendos
1041 2597 1371 2659 arbitrentur,
1423 2598 1710 2658 iqnorantes
1744 2595 2027 2645 Marsilium
2058 2596 2286 2645 Ficinum
2324 2597 2408 2646 di-
2424 2599 2436 2604 ’

252 2697 366 2730 cere
396 2684 611 2743 solitum,
643 2696 741 2731 non
777 2684 1007 2732 corticem
1044 2684 1237 2730 nutrire
1272 2682 1364 2730 sed
1383 2682 1671 2743 medullam,
1711 2687 1761 2730 et
1780 2681 2083 2730 Aristotelem
2120 2681 2256 2729 nobis
2277 2682 2403 2730 scri-

243 2772 386 2828 ptum
422 2768 706 2831 reliquisse,
745 2766 916 2815 Aurea
948 2766 1108 2826 frena
1142 2779 1320 2827 equum
1354 2779 1451 2815 non
1486 2765 1665 2825 facere
1700 2768 1962 2816 meliorem.
2039 2765 2193 2827 Quid,
2240 2768 2286 2814 si
2319 2766 2402 2814 di-
2430 2789 2437 2794 v

251 2865 444 2900 versam
489 2854 566 2901 vel
607 2853 938 2913 theologorum
980 2854 1056 2901 uel
1097 2853 1555 2900 iurisconsultorum
1599 2853 1859 2900 materiam
1900 2852 2174 2913 purpureis
2208 2864 2401 2913 semper
2414 2857 2456 2923 ’ᾗ

251 2938 456 2985 amicire
487 2937 843 3002 chlamydulis,
873 2941 923 2985 et
956 2939 1124 2986 aureis
1164 2939 1365 2985 velimus
1400 2938 1628 2985 inaurire
1663 2932 1949 2986 brachtee's?
1987 2935 2143 2995 Quid,
2180 2937 2227 2983 si
2251 2932 2411 2984 solam

249 3034 444 3082 semper
474 3024 821 3085 eloquentiam,
864 3023 1205 3070 versicolorem
1240 3023 1376 3069 illam
1415 3022 1560 3070 deam
1595 3034 1657 3069 ac
1683 3022 1844 3082 plane
1878 3021 2144 3082 superbam
2161 3059 2172 3080 ‚
2213 3017 2422 3082 pronus?
2451 3062 2456 3087 ⁷¹

251 3106 497 3167 adorare,
540 3120 744 3168 eamque
775 3110 1103 3166 incessanter,
1142 3112 1242 3155 tum
1279 3108 1331 3155 in
1367 3107 1546 3155 scholis
1577 3118 1773 3169 eorum,
1811 3111 1911 3154 tum
1950 3108 2000 3154 in
2032 3107 2208 3166 templo
2245 3105 2418 3166 Apol-v
2455 3101 2456 3104 ’

248 3191 362 3237 linis
387 3191 576 3251 pythii,
613 3196 703 3239 aut
735 3193 786 3240 in
821 3197 980 3240 monte
1015 3192 1213 3240 tandem
1249 3191 1479 3239 Parnaso
1514 3194 1748 3240 invocare
1783 3203 1882 3239 non
1922 3186 2184 3239 desinam?
2230 3190 2412 3256 Nonne*

247 3278 295 3321 et
311 3276 533 3334 primum
561 3276 698 3324 illum
722 3279 951 3325 continuo
977 3276 1306 3325 Democritum
1344 3277 1455 3338 (qui
1474 3282 1522 3326 et
1550 3277 1806 3326 Abderites
1833 3280 1906 3325 est
1940 3276 2121 3336 dictus)
2160 3275 2292 3324 domi
2308 3261 2435 3334 fo-

2389 3417 2404 3444 j

360 3479 378 3506 ⁷
407 3481 479 3521 Sic
502 3484 601 3532 finit
628 3485 698 3523 2..·
733 3477 775 3524 (Ι
805 3484 1047 3540 δηιωεῐῐιιηι
1068 3486 1254 3545 OEulonie‘
1275 3486 1413 3539 {Runa
1445 3485 1760 3540 ‚Muti-armti.
1793 3486 1840 3530 in
1860 3485 2066 3538 augusto.
2093 3483 2101 3540 Ι
2131 3485 2293 3528 Τελοσ.
2315 3480 2421 3545 um}

247 3550 348 3592 θεω
379 3549 512 3602 ὃοξα.
537 3549 545 3605 Ι
571 3551 707 3603 §iaia
739 3566 755 3597 2
781 3560 853 3598 tuto
884 3557 1034 3607 gratia.
2386 3549 2419 3615 ξ’·

360 3621 377 3647 8
412 3622 547 3661 Hanc
587 3623 831 3675 epistolam
879 3626 937 3665 ad
984 3626 1120 3667 finem
1158 3627 1503 3669 Hochstraticae
1550 3627 1788 3681 Apologiae
1836 3626 2051 3668 secundae
2099 3639 2219 3667 anno
2270 3623 2427 3681 1519.[·‘

245 3690 495 3744 publicatae
525 3693 746 3745 positam,
780 3706 879 3733 eum
911 3693 1195 3747 aptissim'um
1224 3699 1627 3739 Lamentationum
1658 3697 2034 3739 Ortvinianarum
2066 3696 2294 3749 epilogum
2326 3663 2407 3750 fta-J

247 3762 365 3812 ciat,
405 3762 478 3803 his
518 3762 809 3804 adiciendam
849 3775 949 3803 esse
991 3778 1121 3806 nemo
1151 3768 1358 3819 negabit.
1418 3767 1591 3820 Siquis,
1633 3769 1765 3809 modo
1797 3781 1957 3809 sanum
1988 3768 2189 3819 sinciput
2218 3759 2402 3807 habeat*

243 3833 710 3885 Lamentationesque
742 3834 840 3886 ipse
870 3833 1051 3887 legerit,
1085 3836 1318 3889 ambigere
1347 3843 1506 3890 posset
1536 3841 1742 3890 quisnam
1772 3839 1858 3879 has
1889 3851 2033 3892 quove
2067 3837 2260 3877 consilio
2281 3836 2389 3877 scri-

243 3904 410 3957 pserit,
442 3903 542 3944 haec
575 3903 771 3956 epistola
800 3917 976 3945 omnem
1004 3904 1143 3958 plane
1175 3906 1511 3948 dubitationem
1539 3907 1687 3951 tollet.
