2456 4264
454 326 850 365 QBTA'PIONES
871 332 1183 367 OBSCVBOBVU
1202 333 1652 366 Bssvcnmms‘unvu
1671 332 1823 366 NOVAE·
2104 308 2139 371 3
2147 310 2182 370 7
2193 309 2220 370 1

257 466 411 517 etiam
443 465 836 528 blasphemandi
867 466 1124 527 didicero,
1173 481 1432 539 nunquam
1473 468 1567 517 sim
1603 469 1656 517 in
1692 468 1950 517 doctorem
1986 469 2232 530 nequitia-

180 563 316 602 aaa
347 563 466 600 cum
500 551 684 599 ceteris
709 552 1100 612 promovendus.
1178 551 1323 610 Quod
1367 566 1433 601 ne
1463 553 1583 613 fiat,
1624 553 1704 602 tui
1734 554 1835 602 erit
1870 550 2035 613 officii
2057 554 2232 615 provi-

117 619 128 626 ’
282 626 446 696 Vale,
480 635 554 683 ad
587 636 768 697 lonqos
792 635 1018 686 Nestoris
1053 649 1215 686 annos
1249 641 1300 686 et
1336 637 1499 704 Esopi
1523 639 1736 700 patinas
1772 638 1914 687 nobis
1949 638 2022 686 ad
2054 652 2232 687 cenam

95 731 98 734 ’
128 774 135 779 ,
202 756 224 784 ,
271 724 333 771 ut
371 719 584 769 Baccho
624 733 695 770 ac
735 721 918 770 Cerere
961 723 1318 784 suffarcinati,
1359 722 1442 782 ad
1482 735 1625 771 omne
1666 723 1851 791 malum
1886 725 2234 785 promptiores

84 779 119 857 [⁷
162 805 468 869 possimus.

1104 1013 1191 1072 12.

453 1133 499 1182 OE
543 1131 841 1191 Ioannes
882 1132 1260 1210 Smoerpot
1300 1133 1622 1191 Daventi
1634 1152 1858 1191 tenses

539 1245 827 1296 Henrico
863 1245 1246 1296 Haversaclc
1280 1259 1391 1295 suo
1429 1246 1753 1308 discipulo

1021 1344 1094 1395 ..S
1122 1345 1181 1395 P.
1209 1345 1273 1394 D.

29 1427 198 1509 Ᾱὶθ
166 1449 363 1512 We«)
397 1458 452 1508 in
489 1459 803 1519 immensum,
852 1463 902 1507 et
934 1472 1097 1521 supra
1141 1439 1294 1521 quam
1330 1460 1571 1520 cuiquam
1602 1460 1848 1508 credibile
1891 1465 1988 1521 est,
2039 1462 2236 1510 interno

166 1547 174 1554 “
284 1564 294 1587 1
369 1544 558 1602 dolore,
595 1557 655 1593 eo
691 1544 830 1606 quod
862 1543 1109 1593 hactenus
1145 1545 1219 1593 ad
1251 1557 1438 1594 saxum
1474 1545 1630 1594 verba
1659 1543 1892 1605 fecerim,
1932 1558 2238 1608 operamque

245 1637 253 1652 ⁴
353 1654 356 1659 «
403 1634 455 1679 et
489 1631 666 1679 oleum.
742 1627 1026 1689 Infecundi
1059 1631 1246 1692 quippe
1283 1630 1481 1690 inqenii
1511 1634 1585 1678 est
1623 1630 1872 1690 (Faustus
1896 1632 2083 1692 inquit)
2112 1645 2236 1693 pre-

153 1774 160 1780 ,
217 1718 422 1765 antem
459 1715 777 1778 (quanquam
802 1711 893 1764 illi
903 1715 1148 1764 debeatur
1177 1715 1483 1777 plurimum)
1521 1729 1623 1764 non
1660 1716 1925 1765 excedere.
2005 1714 2236 1778 Quapro-

164 1780 305 1877 {abi
330 1801 539 1862 oratius
571 1813 674 1861 ayo
719 1801 913 1860 nullas,
964 1801 1101 1862 quod
1146 1801 1290 1850 ultra
1326 1802 1490 1863 ipsam
1526 1801 1579 1850 in
1608 1802 1860 1850 conviviis
1893 1802 2236 1862 qesticulatio-

159 1883 231 1949 Ξ,·
249 1885 444 1936 nullam
478 1885 866 1947 blasphemandi
898 1886 1158 1934 didiceris·
1176 1889 1354 1934 artem.
1429 1885 1590 1947 Leqe,
1640 1886 1832 1946 releqe,
1865 1887 2077 1948 perleqe
2112 1899 2236 1947 apo-

145 1972 226 2012 ·;.
241 1991 288 2033 ,
296 1982 393 2020 ac
415 1971 579 2034 plane
613 1971 928 2020 execrabiles
965 1968 1306 2020 Obscurorum
1341 1971 1596 2032 epistolas,
1636 1975 1685 2019 et
1721 1975 1769 2019 te
1805 1972 1857 2020 in
1882 1972 2234 2032 nequissimum

225 2087 229 2090 -
261 2080 263 2082 v
319 2056 669 2118 nequiciarum
716 2057 974 2106 doctorem
1020 2056 1292 2105 histriones
1337 2057 1438 2118 ipsi
1482 2056 1619 2104 dicto
1663 2057 1812 2105 citius
1847 2056 2230 2118 promovebunt.

205 2174 213 2180 ν
267 2142 465 2190 etiam
500 2142 868 2204 impudentiam
894 2142 1223 2204 preceptoris
1255 2141 1345 2202 tui,
1385 2145 1532 2202 teque
1567 2141 1639 2188 ad
1666 2139 1941 2202 pestiferos
1976 2142 2110 2190 illius
2132 2154 2234 2189 mo-

110 2223 405 2288 (boeesse
437 2230 513 2276 est
546 2228 678 2276 enim
717 2231 772 2276 ut
809 2227 873 2274 de
907 2239 986 2274 me
1021 2227 1130 2288 ipso
1167 2227 1220 2274 in
1258 2227 1412 2274 tertia
1449 2226 1635 2287 loquar
1663 2228 1914 2289 persona)
1963 2230 2118 2275 totum
2155 2224 2233 2286 ef·

234 2310 448 2371 Quod
477 2311 527 2362 si
552 2310 762 2371 feceris,
803 2312 968 2360 vivum
1005 2312 1107 2359 eris
1140 2310 1578 2374 sycophantarum
1616 2311 1801 2376 idolum
1827 2312 2141 2372 omniumque
2164 2313 2234 2360 vi-

30 1737 34 1788 1

119 2416 121 2420 ’
193 2428 198 2432 v
277 2397 560 2460 exemplar.
647 2397 775 2446 Vale
811 2397 918 2445 diu.
987 2397 1052 2445 W
1053 2396 1264 2454 ormatie
1308 2409 1376 2444 ex
1415 2393 1589 2455 fetida
1625 2395 1897 2444 Iudeorum
1943 2395 2102 2456 hara,
2152 2396 2239 2445 ubi

26 2515 29 2519 -
79 2550 83 2552 η
155 2481 358 2535 ”edices
390 2485 441 2531 et
465 2481 670 2544 pulices
704 2485 821 2530 cute
856 2482 1060 2542 inteqra
1097 2494 1204 2530 esse
1238 2494 1502 2549 nunquam
1538 2482 1723 2530 sinunt.

1100 2688 1187 2749 13.

763 2824 805 2872 (Ι
850 2809 1080 2868 Simon
1127 2796 1536 2867 Drullensis

881 2923 1154 2984 Matthie
1192 2923 1414 2985 Rupho

1017 3022 1090 3073 S.
1121 3023 1177 3071 P.
1207 3022 1269 3072 B.

194 3127 376 3186 ffirm-
407 3136 655 3199 equidem,
696 3149 848 3198 quam
876 3138 1193 3199 potissimum
1231 3135 1292 3185 ob
1328 3147 1537 3185 causam
1573 3135 1676 3183 viri
1707 3134 1827 3183 boni
1859 3147 1950 3183 nos
1989 3132 2236 3184 Obscuros

185 3246 197 3260 ν
309 3225 315 3229 ”
372 3233 434 3270 as
463 3234 580 3270 cum
605 3220 812 3270 Bathan
848 3226 897 3270 et
922 3221 1129 3285 Abyron
1167 3234 1201 3269 a
1238 3226 1381 3270 terra
1418 3221 1573 3269 velint
1608 3219 1948 3268 absorbendos
1971 3232 2090 3280 esse,
2131 3232 2235 3281 qua

202 3301 339 3356 ‘Doti
367 3305 578 3356 insania
623 3320 716 3355 nos
757 3306 1028 3356 histriones
1071 3310 1122 3354 et
1155 3305 1525 3369 sycophantas,
1577 3317 1641 3352 ac
1687 3305 2038 3365 nequissimum
2077 3305 2237 3366 plane

16 3128 37 3189 '³
104 3129 132 3147 ,

21 3272 41 3407 ¹
161 3419 163 3421 ·
194 3413 197 3421 1
250 3387 506 3440 horminum
542 3391 815 3453 appellare
849 3404 950 3441 non
999 3395 1286 3440 vereantur.
1361 3390 1516 3438 Hunc
1561 3388 1687 3437 mihi
1729 3390 1775 3437 si
1818 3389 2103 3438 dissolveris
2147 3402 2235 3438 no-

151 3471 154 3475 ’
193 3507 215 3535 ,
247 3473 467 3527 alterum
503 3479 555 3524 te
589 3488 695 3524 esse
729 3474 1014 3538 Apollinem
1043 3474 1349 3538 predicabo.
1436 3473 1589 3533 Vale,
1630 3486 1698 3522 ex
1736 3472 1960 3522 Basilea.
1990 3469 2012 3540 ΙΙ

27 3528 36 3653 δ
132 3540 209 3654 «··;·

37 3720 40 3734 ,
123 3667 145 3683 ⁵
176 3677 215 3712 ¹¹
244 3682 466 3740 Faustus]
499 3684 802 3738 Andr-elium,
829 3690 950 3739 puto.
983 3686 1041 3738 cf.
1064 3685 1210 3726 adnot.
1234 3686 1294 3725 ad
1321 3698 1465 3738 snper.
1492 3698 1562 3739 ep.
1585 3685 1626 3725 8.

0 3763 6 3801 t
