2456 4264
236 259 355 318 506
944 280 1230 317 PASQVILLVS
1252 281 1496 312 MARRANVS
1517 282 1652 313 Exvn.

232 418 393 466 versis,
434 416 507 461 sed
546 420 591 460 et
629 415 824 460 omnium
860 413 1198 474 disciplinarum
1234 415 1413 475 penitus
1451 415 1540 460 sint
1575 420 1796 475 expertes.
1867 416 1915 462 In
1951 418 2108 478 primis
2133 418 2285 478 itaque
2309 419 2364 464 ad

231 500 444 534 summam
482 485 720 545 aspiraturi
747 482 1041 543 Theologiam
1066 484 1403 531 Grammaticam
1439 484 1635 537 discant,
1672 499 1729 532 ne
1767 500 1867 533 cum
1902 487 2146 534 artificibus
2182 503 2363 535 manua·

230 558 345 603 libus
394 558 541 616 inepte
586 569 637 601 ac
682 560 895 616 corrupte
932 553 1083 615 loqui,
1130 555 1198 601 uti
1236 555 1425 607 faciunt,
1475 562 1749 602 assuescant.
1821 558 1927 604 Inde
1964 572 2248 620 summopere
2284 574 2362 606 ne-

229 640 353 674 cesse
389 625 565 672 videtur
599 625 851 672 Rhetoricae
888 626 1213 687 amplectantur
1249 631 1494 687 praecepta,
1531 633 1584 672 ut
1621 627 1816 673 divinum
1854 628 2141 676 declamaturi
2178 629 2362 677 verbum

227 712 317 744 non
355 703 443 742 tam
480 695 692 748 confuse,
742 696 919 743 turbide
968 711 1018 743 ac
1054 695 1234 758 illepide
1273 696 1595 752 deblacterent,
1646 698 1723 743 sed
1759 712 1842 759 pro
1881 699 1976 746 suis
2012 700 2191 761 frigidis
2227 701 2397 760 nugis5

227 774 272 814 et
297 767 540 814 dialecticis
565 767 810 814 involucris
847 766 1018 829 populo
1045 767 1297 814 Christiano
1334 767 1470 814 verba
1505 770 1706 814 veritatis
1745 771 1918 829 aperire
1956 769 2142 817 discant.
2197 771 2360 817 Deinde

227 839 266 884 si
302 837 450 890 lubet,
490 839 691 899 quamvis
727 851 961 885 necessum
997 852 1087 884 non
1127 840 1206 890 sit,
1245 838 1454 900 Logicam
1492 839 1664 886 discant
1689 853 1740 886 ac
1762 839 2050 893 Dialecticen,
2087 855 2241 887 verum
2268 842 2359 888 sin-

227 923 329 956 cere
367 915 412 955 et
447 923 538 955 non
576 909 825 971 depravate.
864 909 1025 956 modus
1064 915 1211 956 tamen
1249 924 1298 956 ac
1337 917 1513 970 tempus
1552 911 1619 956 his
1658 916 1906 963 statuatur,
1943 926 2001 958 ne
2036 913 2187 973 inepta
2212 912 2358 974 capita

227 979 367 1026 totius
404 981 505 1026 vitae
543 986 719 1041 tempus
756 980 991 1026 inutilibus
1029 986 1293 1027 consumant
1330 981 1544 1042 strophis,
1620 981 1766 1043 Super
1792 983 1938 1029 omnia
1962 996 2069 1029 vero
2093 981 2240 1029 Latini
2263 997 2359 1030 ser-

224 1052 371 1097 monis
409 1051 583 1098 discant
619 1058 918 1103 venustatem,
966 1058 1016 1097 ut
1053 1058 1098 1097 et
1133 1058 1304 1097 veteres
1345 1051 1581 1112 theologos
1617 1052 1807 1112 legendo
1844 1053 2117 1113 intelligere,
2166 1059 2214 1100 et
2248 1069 2352 1115 pro·
2377 1064 2414 1098 ιο

222 1122 364 1183 priam
408 1121 657 1169 barbariem
695 1122 930 1169 scribendo
970 1129 1015 1168 et
1050 1121 1277 1183 loquendo
1315 1122 1553 1184 explodere
1588 1123 1773 1170 valeant.
1845 1123 1924 1171 His
1961 1124 2137 1170 demum
2174 1124 2357 1170 admini-

222 1192 335 1239 culis
361 1193 617 1253 Theologiae
654 1193 789 1240 limen
828 1193 1055 1240 humiliter
1092 1193 1286 1240 salutare
1324 1200 1369 1239 et
1395 1200 1654 1241 reverenter
1677 1194 1851 1255 ingredi
1877 1195 2082 1250 audeant,
2121 1208 2176 1240 ne
2202 1209 2356 1242 omnes

222 1264 390 1324 pariter
427 1278 546 1311 caeco
584 1271 786 1311 errantes
825 1267 1002 1311 tramite
1038 1266 1100 1310 ita
1135 1266 1399 1324 ignorantiae
1436 1266 1720 1312 involvantur
1755 1266 1966 1326 caligine,
2004 1272 2056 1312 ut
2090 1265 2241 1312 nullus
2267 1266 2354 1313 alio

222 1334 324 1395 plus
361 1348 518 1396 sapere
556 1350 637 1382 seu
673 1336 842 1383 rectius
881 1335 987 1397 quid
1023 1335 1276 1396 intelligere
1312 1336 1499 1382 valeant.
1571 1337 1864 1384 Provideatur
1899 1351 2005 1384 vero
2032 1336 2156 1383 enixe
2182 1351 2238 1383 ne
2264 1337 2356 1384 dia-

224 1405 396 1457 lectica,
423 1406 571 1467 logica
596 1413 642 1452 et
667 1408 902 1467 gentilium
928 1407 1234 1468 sophistarum
1258 1407 1439 1468 ineptiae
1465 1422 1567 1454 cum
1594 1408 1734 1455 sacris
1759 1409 2092 1455 confundantur
2115 1407 2260 1454 literis
2285 1407 2354 1454 vel
2373 1418 2412 1451 ¹5

222 1475 421 1523 coelestia
458 1477 527 1523 dei
565 1476 772 1524 instituta
808 1479 863 1524 ad
900 1478 1156 1524 Aristotelis
1194 1479 1387 1525 humana
1423 1480 1687 1541 redigantur
1723 1487 1972 1541 praecepta,
2011 1479 2223 1541 quoniam
2257 1479 2358 1526 nul-

221 1547 313 1593 lum
350 1548 630 1595 consortium
668 1550 830 1595 Christi
869 1555 914 1596 et
950 1548 1099 1596 Belial.
1171 1549 1405 1611 Abnegent
1452 1551 1590 1611 igitur
1626 1551 1887 1612 Theologiae
1933 1550 2154 1598 candidati
2199 1550 2355 1598 confe-

221 1619 325 1663 stim
363 1619 446 1665 sub
483 1619 660 1666 initium
697 1621 1032 1667 contentiosum
1067 1621 1155 1666 hoc
1201 1621 1452 1668 studiorum
1499 1636 1671 1683 genus,
1720 1636 1801 1674 ne,
1850 1623 1916 1668 uti
1962 1621 2060 1668 fieri
2108 1621 2356 1674 consuevit,

219 1689 300 1735 hac
335 1688 507 1735 rixandi
544 1691 866 1737 consuetudine
904 1693 1076 1752 seipsos
1113 1691 1227 1738 bene
1264 1694 1308 1737 in
1346 1694 1522 1739 cunctis
1566 1695 1734 1739 sentire
1781 1692 2066 1744 convincant,
2116 1706 2254 1754 quum
2293 1699 2357 1740 ta-

219 1773 320 1805 men
358 1761 506 1807 omnia
543 1761 778 1821 ignorent,
827 1770 871 1808 et
911 1763 1050 1808 totius
1088 1762 1190 1808 vitae
1239 1768 1440 1823 tempore
1477 1763 1540 1809 nil
1577 1764 1698 1810 aliud
1736 1765 1869 1810 etiam
1907 1765 2090 1810 summis
2126 1763 2356 1810 laboribus
2372 1773 2414 1806 20

218 1845 350 1891 quam
387 1831 499 1877 nihil
538 1831 653 1878 scire
690 1833 895 1879 didicere.
969 1833 1023 1878 Et
1060 1835 1270 1894 quoniam
1308 1834 1508 1880 videmus
1547 1834 1737 1886 stultos,
1775 1836 1981 1887 insanos,
2020 1835 2228 1896 garrulos
2253 1834 2356 1881 illos

215 1901 552 1962 theologastros
590 1903 772 1950 oristica
809 1903 1087 1951 cavillatione
1124 1905 1416 1966 litigandique
1453 1906 1778 1952 consuetudine
1815 1906 1924 1952 adeo
1962 1920 1986 1951 a
2025 1907 2164 1952 sacris
2199 1920 2251 1953 ac
2273 1905 2356 1952 bo-

216 1973 284 2018 nis
332 1973 548 2019 excidisse
594 1974 820 2027 moribus,
869 1982 921 2021 ut
957 1971 1164 2022 'omnium
1211 1977 1440 2023 hominum
1487 1978 1578 2023 sint
1615 1977 1947 2024 sceleratissimi
1983 1991 2034 2023 ac
2070 1977 2357 2024 facinorosis-

215 2042 339 2094 simi,
389 2044 443 2090 ad
480 2051 640 2092 cuncta
679 2051 767 2092 tam
805 2046 986 2108 publica
1023 2061 1153 2108 quam
1192 2049 1364 2109 privata
1402 2048 1553 2095 munia
1591 2048 1755 2110 inepti,
1803 2048 1951 2110 primo
1988 2047 2226 2094 moralium
2262 2062 2356 2095 mo·

214 2113 380 2160 ralibus
426 2116 660 2176 gentilium
705 2117 965 2164 imbuantur
1010 2118 1192 2170 studiis,
1241 2118 1399 2165 deinde
1447 2119 1708 2166 Christianae
1754 2119 1990 2180 religionis
2036 2133 2140 2165 vera
2187 2125 2234 2165 et
2280 2120 2354 2180 pia
2370 2129 2410 2162 25

212 2185 540 2246 amplectantur
575 2194 822 2250 praecepta:
861 2190 923 2235 ita
960 2191 1076 2235 enim
1114 2204 1198 2251 pro
1236 2190 1443 2251 superbis
1481 2197 1526 2237 et
1561 2191 1858 2237 contentiosis
1895 2190 2111 2241 humiles,
2157 2204 2240 2251 pro
2279 2204 2357 2236 vo·

212 2255 452 2317 luptuariis
490 2260 798 2315 continenteS,
844 2274 928 2322 pro
967 2261 1108 2307 avaris
1146 2261 1376 2316 liberales,
1427 2276 1510 2323 pro
1550 2262 1709 2308 invidis
1745 2262 1929 2308 humani
1966 2268 2012 2308 et
2048 2261 2224 2307 demum
2271 2275 2354 2322 pro

213 2327 392 2374 viciosis
429 2330 510 2374 viri
549 2331 707 2391 optimi
746 2331 946 2378 evadent.
1023 2331 1190 2388 Quodsi
1229 2335 1408 2380 omnino
1449 2335 1549 2395 quis
1574 2333 1856 2380 Dialecticam
1894 2334 1939 2378 in
1965 2332 2213 2393 Theologia
2249 2346 2355 2379 con-

211 2397 480 2446 fundendam
517 2414 618 2447 esse
654 2402 837 2462 dignum
876 2403 1020 2455 ducit,
1059 2410 1110 2449 ut
1147 2417 1201 2450 eo
1239 2410 1370 2465 pacto
1408 2404 1725 2451 haereticorum
1762 2404 1915 2451 resisti
1951 2404 2095 2450 valeat
2120 2403 2354 2466 decipulis,

212 2469 488 2517 Christianus
524 2485 629 2519 vero
668 2473 791 2520 orbis
827 2488 850 2520 a
888 2473 1074 2536 reliquis
1113 2475 1360 2536 depuratus
1397 2475 1458 2521 sit
1494 2475 1749 2527 erroribus,
1797 2475 1853 2521 ad
1888 2475 2076 2522 Boemos
2113 2474 2190 2520 ille
2226 2473 2346 2522 dele·
2363 2483 2405 2517 30

212 2547 346 2600 getur
382 2543 641 2595 haereticos,
690 2551 741 2590 ut
777 2544 846 2591 vel
883 2545 986 2592 illos
1025 2545 1079 2591 ad
1116 2547 1228 2591 viam
1266 2547 1468 2593 veritatis
1506 2552 1750 2599 convertat,
1790 2546 1859 2592 vel
1897 2561 2035 2607 quum
2072 2545 2117 2592 id
2154 2544 2222 2605 (ut
2258 2560 2355 2593 cre·

212 2612 317 2658 dere
353 2608 474 2674 licet)
513 2615 661 2660 minus
698 2622 914 2677 praestare
952 2622 1109 2678 queat,
1149 2617 1308 2664 saltem
1345 2617 1734 2680 praesumptionis,
1773 2617 2052 2678 garrulitatis
2078 2622 2124 2663 et
2148 2615 2352 2663 stultitiae

213 2698 306 2729 suae
341 2698 498 2745 poenas
533 2687 680 2746 capite
716 2687 904 2748 proprio
944 2687 1051 2733 luat.
1125 2688 1318 2734 Proinde
1357 2703 1494 2750 quum
1532 2687 1655 2735 nulla
1691 2688 1776 2735 alia
1815 2690 1875 2734 sit
1921 2701 2106 2740 caussa,
2156 2703 2238 2735 cur
2275 2688 2351 2748 qui

210 2754 326 2800 falso
365 2754 676 2817 theologicum
710 2765 933 2819 usurpent
969 2772 1156 2809 nomen,
1204 2759 1458 2811 dialectice,
1507 2761 1594 2807 hoc
1640 2765 1711 2806 est
1748 2759 2026 2806 simulatorie
2063 2765 2108 2805 et
2145 2760 2351 2820 hypocri-

214 2827 298 2872 tice
333 2827 500 2878 vivant,
541 2827 661 2874 aliud
698 2829 870 2881 dicant,
908 2829 1028 2875 aliud
1064 2830 1250 2882 faciant,
1289 2845 1420 2891 quam
1459 2833 1562 2892 quia
1601 2844 1776 2876 omnem
1813 2836 1990 2876 aetatem
2028 2836 2073 2876 et
2099 2843 2279 2891 operam
2305 2831 2349 2875 in
2367 2838 2408 2872 35

211 2896 448 2943 verborum
485 2899 683 2944 inanium
722 2899 886 2961 spiritu
923 2915 975 2947 ac
1011 2900 1255 2947 dialecticis
1294 2909 1561 2948 consumant
1606 2901 1970 2962 deceptionibus,
2022 2900 2099 2946 illa
2135 2915 2240 2947 vero
2281 2914 2353 2946 ex-

211 2967 341 3027 plosa
377 2967 445 3013 vel
481 2969 642 3016 saltem
667 2970 1009 3017 salubrioribus
1048 2971 1270 3017 institutis
1308 2973 1546 3019 refraenata
1585 2973 1639 3019 ad
1675 2986 1821 3019 veram
1859 2972 1927 3018 vel
1953 2972 2199 3032 legitimam
2225 2972 2352 3018 theo·

211 3037 377 3098 logiam
413 3039 560 3087 denuo
598 3041 746 3088 redire
782 3043 1020 3103 incipient,
1066 3042 1230 3088 Christi
1276 3043 1345 3088 dei
1394 3045 1541 3089 nostri
1587 3049 1816 3104 praecepta
1853 3043 2105 3089 absolutius
2145 3042 2378 3090 observa-¹

211 3107 351 3160 bunt,
400 3109 659 3171 diligentius
697 3114 986 3174 antiquorum
1025 3112 1362 3174 Theologorum
1408 3114 1552 3160 libros
1599 3114 1804 3160 evolvent
1840 3120 1886 3160 et
1923 3114 2046 3175 quod
2082 3113 2129 3159 in
2165 3114 2253 3160 illis
2289 3114 2352 3159 le-

212 3179 356 3238 gendo
395 3181 645 3241 reperient,
684 3183 898 3244 operibus
938 3198 1118 3245 quoque
1156 3184 1382 3245 complere
1421 3190 1466 3231 et
1502 3186 1718 3246 proximis
1745 3185 1964 3246 impertiri
1989 3184 2208 3230 nitentur.
2258 3184 2349 3230 Cae-
2365 3193 2407 3226 4ο

216 3255 362 3295 terum
399 3265 534 3312 quum
571 3253 658 3299 nisi
698 3254 874 3300 sublata
912 3269 1070 3301 caussa
1115 3255 1301 3301 effectus
1348 3255 1530 3301 minime
1567 3256 1667 3302 tolli
1706 3262 1862 3316 queat,
1913 3261 1959 3302 et
1995 3254 2351 3317 philosophastri

213 3318 278 3365 illi
317 3334 397 3367 seu
435 3321 659 3382 depravati
707 3326 923 3385 sophistae
971 3326 1170 3372 omnium
1217 3325 1434 3373 viciorum
1472 3333 1674 3373 scateant
1710 3325 1884 3378 illuvie,
1936 3328 2212 3387 maximeque
2248 3326 2349 3372 ideo

211 3392 376 3437 viciose
412 3393 578 3445 vivant,
618 3396 828 3456 quoniam
866 3396 1031 3443 viciose
1055 3397 1466 3458 philosophentur,
1506 3404 1552 3444 et
1589 3411 1688 3459 quae
1726 3397 1772 3443 in
1809 3396 1925 3444 coelo
1965 3402 2070 3444 sunt
2106 3411 2155 3443 se
2191 3410 2349 3459 specu-

218 3527 327 3534 ———

323 3613 341 3640 ⁷
370 3614 576 3667 Logicen
595 3617 637 3655 2.
652 3618 694 3657 3.
782 3615 815 3642 ¹4
845 3616 1032 3659 valeant
1059 3620 1121 3659 sic
1150 3620 1246 3660 edd.
1333 3618 1370 3646 ²8
1401 3619 1614 3661 euadant.
1646 3620 1747 3661 edd.
1831 3621 1879 3661 in
1910 3619 2007 3674 (pro
2041 3618 2158 3671 cum)
2195 3632 2347 3663 omnes.

211 3682 297 3712 ²8²⁹
320 3685 654 3727 confudendam
673 3688 716 3726 2.
803 3687 958 3727 resisti
977 3701 1130 3730 omnes.
1155 3690 1219 3741 Cf.
1240 3703 1385 3743 snpra,
1444 3689 1482 3715 ³⁰
1509 3690 1734 3732 Bohemos
1755 3694 1796 3735 2.
1826 3692 2006 3733 Boemos
2029 3693 2071 3732 3.
2127 3688 2163 3716 ³¹
2195 3690 2346 3745 quum]

211 3760 239 3800 i.
261 3769 298 3800 e.
320 3756 372 3797 si.
461 3754 497 3781 ³³
529 3754 623 3811 cur]
654 3756 789 3797 nimis
821 3757 1092 3799 Germanice
1123 3758 1320 3812 loquitur
1348 3762 1577 3802 Romanus
1606 3761 1879 3814 Pasquillus.
1973 3760 2010 3786 ³⁷
2038 3760 2274 3802 refrenata
2304 3766 2346 3805 2.

211 3825 248 3853 4⁰
277 3827 511 3881 impertire
541 3830 585 3868 2.
700 3824 738 3852 4³
768 3828 980 3880 quoniam
1017 3840 1059 3867 v.
1091 3828 1464 3883 philosophentur
1493 3829 1589 3883 eta]
1630 3832 1701 3872 Sic
1738 3834 1911 3885 scripsit
1947 3836 2116 3878 auctor,
2157 3834 2348 3886 quoniam

211 3898 441 3955 propriam
462 3897 721 3939 barbariem
744 3897 983 3940 scribendo
1007 3898 1186 3952 explodi
1216 3897 1295 3951 (cf.
1317 3912 1359 3940 v.
1374 3899 1442 3940 32.
1464 3899 1615 3954 p.506.
1641 3905 1686 3941 et
1706 3915 1828 3955 prox.
1861 3916 1902 3943 v.
1925 3900 2011 3953 29.)
2033 3914 2125 3942 non
2145 3902 2344 3946 valeret'.
