2456 4264
139 579 232 619 §.42

137 1343 165 1383 §.
182 1346 233 1381 48.

133 2685 230 2727 §.50,

135 3393 233 3433 §.51.

253 263 373 321 478
924 282 1251 312 HOGHSTRATVS
1275 282 1422 311 OVANS
1444 281 1692 312 DIALOGVS.

250 421 296 465 in
333 432 416 463 nos
454 417 707 475 agminatim
745 415 992 466 incurrent,
1032 413 1203 460 suffulti
1242 413 1444 473 potentia
1471 414 1739 473 principum,
1779 426 1894 474 quos
1919 412 2281 475 petulantia‘ista
2305 428 2385 460 no-

252 490 321 535 his
358 489 545 533 infestos
582 485 743 530 reddis.
783 485 890 545 quid
926 492 1020 530 tum
1059 485 1223 529 facies?
1923 508 1925 510 μ

389 568 776 603 HOOHSTRATVS.
851 554 1024 605 Credis,
1064 554 1367 615 ineptissime,
1406 553 1515 599 mihi
1553 568 1692 599 unum
1719 567 1957 615 superesse
1982 555 2181 617 perfugii
2207 555 2385 601 locum?

248 634 506 688 promptum
543 633 613 671 est
648 626 820 676 dicere,
859 624 1125 671 vocabulum
1164 619 1430 669 ‘unredliclz'
1471 624 1725 684 significare
1764 624 1971 672 ‘iniuste’.

385 709 668 745 LvPonnvs.
742 697 791 741 In
837 696 989 741 eodem
1043 697 1186 740 haeres
1234 695 1354 740 luto:
1405 694 1569 740 iniuste
1618 697 1736 740 enim
1784 696 1900 742 ferre
1948 698 2212 742 sententiam
2250 696 2420 743 etiams

248 770 568 830 aequissimam,
606 766 825 827 flagitium
864 773 955 818 est,
1005 766 1181 826 quando
1219 765 1399 811 modum
1436 765 1639 811 tradendi
1676 765 1721 810 in
1759 766 1927 812 crimen
1965 780 2120 819 vocas,
2167 774 2219 813 ut
2257 780 2388 828 supe-

247 839 442 885 rioribus
479 837 627 884 verbis
666 839 947 884 ‘sententiam
987 837 1231 889 traditam’;
1279 836 1358 881 sed
1404 842 1450 881 et
1496 842 1701 882 naturam
1737 837 1860 882 verbi
1897 838 2160 889 unredlich,
2207 844 2260 883 ut
2296 851 2386 882 non

250 917 415 956 temere
462 909 598 954 latine
642 910 893 954 universam
932 921 1151 969 expones,
1201 909 1263 953 ita
1300 920 1350 953 ea
1387 921 1613 967 nunquam
1654 913 1724 953 est
1760 908 1848 953 nisi
1888 907 2196 960 odiosissime,
2242 922 2388 968 neque

248 980 456 1027 convenit
492 979 578 1025 nisi
617 981 662 1024 in
699 979 1090 1039 flagitiosissimos.
2371 1037 2373 1039 Ι

388 1063 558 1098 HOGHS
575 1063 778 1098 rRA'rvs.
852 1050 914 1094 Ne
951 1049 1134 1095 verbum
1171 1048 1312 1094 ultra!
1350 1048 1572 1108 Principis
1610 1054 1681 1093 est
1718 1047 1870 1094 audita
1896 1050 2054 1109 paucis
2081 1051 2293 1110 opinione
2318 1062 2386 1094 se·
2405 1057 2445 1089 ιο

248 1129 455 1168 natorum
494 1135 545 1166 ex
582 1136 661 1167 sua
697 1120 880 1166 libidine
917 1134 1010 1165 rem
1047 1130 1230 1180 gerere;
1270 1125 1441 1165 certum
1481 1126 1572 1170 est,
1615 1119 1681 1164 sic
1719 1118 1924 1164 scribam.

385 1205 670 1240 LVPOLDvs.
742 1191 932 1237 Proinde
978 1191 1090 1236 bene
1135 1191 1302 1237 vertat!
1351 1188 1490 1244 Quam
1529 1189 1672 1250 spirat
1708 1189 1903 1236 cucullio
1942 1190 2127 1242 fastum,
2174 1197 2222 1236 et
2258 1204 2389 1251 quam

250 1264 443 1310 somniat
479 1263 747 1324 principem!

391 1347 536 1382 LEvs.
608 1333 778 1379 Suntne
816 1340 904 1378 tam
942 1332 1105 1393 perditi
1142 1332 1223 1377 viri
1260 1331 1430 1378 iudices
1467 1331 1732 1392 Spirenses?

387 1416 774 1451 HOCHSTRATVS.
848 1403 1156 1464 Nequaquam:
1196 1409 1301 1448 sunt
1338 1404 1455 1448 enim
1490 1402 1573 1448 viri
1610 1402 1810 1448 melioris
1848 1402 1977 1448 famae
2016 1416 2148 1462 quam
2176 1403 2385 1463 optarim,
2408 1409 2446 1441 ¹⁵

248 1490 501 1536 quanquam
541 1489 695 1521 eorum
731 1474 950 1520 claritudo
996 1474 1186 1519 multum
1233 1473 1346 1518 lucis
1392 1473 1523 1519 addat
1566 1473 1678 1519 meis
1723 1473 1968 1526 institutis;
2016 1473 2184 1534 alioqui
2235 1474 2389 1519 nescio

249 1548 348 1606 quis
386 1544 561 1606 uspiam
599 1560 651 1591 ex
688 1545 846 1591 humili
885 1546 1015 1591 hoste
1052 1543 1335 1604 magnificum
1373 1544 1620 1604 reportarit
1646 1543 1948 1605 triumphum:
1989 1543 2282 1604 quamobrem
2309 1557 2388 1590 eos

247 1617 412 1662 notabo
451 1630 531 1663 ceu
569 1616 845 1662 calumniose
884 1615 1178 1666 iudicassent,
1219 1621 1353 1675 atque
1389 1614 1594 1660 testabor
1629 1614 1777 1660 verbis
1816 1617 2053 1660 sententiae
2077 1614 2318 1660 Rhomanae
2345 1614 2390 1659 id

247 1689 306 1732 ita
344 1686 586 1738 contineri,
635 1689 763 1733 cuius
810 1701 865 1731 ne
912 1686 1152 1746 vestigium
1201 1685 1378 1746 quidem
1423 1687 1469 1730 in
1515 1699 1566 1731 ea
1611 1685 1762 1731 videre
1799 1691 1883 1730 est.
1956 1699 2103 1746 neque
2139 1685 2389 1746 periculum

245 1764 337 1808 est,
376 1771 431 1802 ne
467 1760 511 1802 in
550 1758 620 1802 ius
657 1763 838 1808 vocent,
887 1757 1108 1817 siquidem
1154 1755 1450 1802 formidabilis
1498 1769 1616 1807 sum,
1669 1756 1707 1801 si
1743 1756 1912 1807 nescis,
1959 1756 2134 1816 magnis
2171 1756 2384 1816 principi·
2403 1762 2445 1795 20

245 1828 342 1873 huS.
417 1835 461 1873 et
498 1834 643 1874 tamen
682 1834 788 1873 sunt
825 1827 902 1887 qui
939 1827 1085 1872 nolint
1121 1827 1258 1872 videri
1296 1827 1438 1887 pluris
1476 1827 1638 1873 fecisse
1675 1833 1876 1872 nostram
1913 1827 2229 1872 contumeliam
2257 1840 2389 1887 quam

222 1899 442 1945 ,convitia
486 1898 699 1944 levissimi
736 1899 973 1944 histrionis
1011 1904 1088 1943 aut
1123 1896 1301 1943 ridiculi
1340 1897 1572 1943 cuiusdam
1610 1911 1794 1945 scurrae.
1867 1897 2028 1958 quodsi
2066 1899 2168 1958 quis
2204 1899 2390 1943 maxime

244 1975 425 2029 urgeat,
463 1969 626 2029 reliqui
664 1975 810 2015 tamen
848 1968 1092 2014 fenestram
1131 1982 1219 2028 qua
1256 1981 1413 2014 secure
1451 1969 1687 2028 effugiam:
1726 1967 1887 2029 ecquid
1924 1967 2203 2047 obstagquo
2243 1969 2389 2014 minus

246 2039 386 2086 dicam
425 2054 494 2085 me
531 2046 689 2085 autore
725 2039 836 2085 nihil
874 2040 1095 2085 adiectum
1131 2038 1278 2084 verbis
1317 2039 1614 2091 Germanicis,
1665 2039 1710 2085 id
1758 2053 1907 2100 operae
1956 2046 2104 2085 autem
2141 2038 2271 2085 nobis
2309 2040 2390 2084 im-

244 2110 538 2170 prudentibus
576 2110 822 2157 collocasse
859 2117 936 2156 aut
972 2109 1264 2170 bibliopolam
1303 2116 1379 2155 aut
1418 2109 1737 2156 scholasticum
1774 2116 1874 2162 aut,
1912 2117 1965 2156 ut
2000 2109 2044 2155 in
2071 2116 2264 2156 mentem
2292 2116 2387 2155 tum
2404 2117 2445 2149 2⁵

245 2181 441 2235 venerit,
491 2181 734 2242 quemlibet
770 2181 929 2233 alium,
980 2181 1193 2227 adversus
1232 2194 1365 2241 quem
1401 2181 1524 2227 nulla
1562 2180 1676 2227 iuris
1713 2183 1830 2228 actio
1867 2187 2058 2242 propter
2096 2180 2254 2227 sordes
2291 2182 2389 2226 eius

245 2252 402 2298 cadere
439 2253 608 2312 possit;
656 2254 927 2312 impressum
975 2259 1123 2297 autem
1159 2251 1236 2297 ubi
1273 2251 1483 2304 viderim,
1531 2258 1584 2298 ut
1629 2265 1789 2313 expers
1826 2251 1963 2298 videri
2001 2251 2104 2298 volo
2142 2251 2239 2297 eius
2277 2251 2389 2297 idio-

244 2325 399 2374 matis,
438 2336 583 2383 neque
620 2323 840 2384 probasse
878 2336 1024 2384 neque
1061 2322 1373 2383 improbasse?
1411 2337 1533 2369 nunc
1569 2322 1856 2368 vehementer
1892 2321 2047 2369 dolere
2085 2322 2207 2383 quod
2232 2322 2277 2367 id
2303 2321 2388 2368 sibi

243 2395 289 2438 in
327 2394 640 2439 contumeliam
678 2394 845 2439 factum
882 2395 1254 2454 interpretentur.
1294 2400 1549 2454 ‘praeterea
1587 2393 1708 2454 quod
1745 2394 1786 2440 ei
1823 2393 1940 2440 malo
1978 2393 2223 2440 remedium
2260 2407 2388 2453 para·
2428 2433 2430 2435 .

249 2471 340 2509 tum
366 2466 626 2524 cogitarim,
667 2472 711 2509 et
736 2466 1028 2525 praeceperim
1056 2465 1197 2510 eidem
1236 2465 1383 2511 animo
1421 2465 1550 2511 novis
1589 2465 1815 2511 schedulis
1852 2463 2083 2525 aliquanto
2110 2464 2383 2510 moderatius
2401 2470 2443 2504 ³⁰

245 2535 425 2595 scriptis
462 2542 638 2581 veteres
676 2536 756 2581 has
794 2535 1074 2581 ardentiores
1112 2535 1360 2582 excludere.
1399 2536 1488 2582 hoc
1523 2541 1849 2587 commentum,
1888 2535 2088 2596 quamvis
2123 2549 2279 2596 parum
2317 2548 2387 2580 ve-

245 2606 445 2656 risimile,
471 2606 584 2652 nihil
609 2605 831 2666 gravabor
856 2606 925 2651 vel
952 2613 1231 2653 sacramento
1258 2606 1543 2657 confirmare,
1584 2606 1623 2653 si
1648 2620 1836 2654 necesse
1863 2607 1973 2660 erit;
2012 2607 2187 2653 eiurare
2213 2605 2386 2667 quidvis

248 2691 328 2722 cur
365 2668 583 2728 dubitem,
622 2677 755 2722 modo
794 2690 850 2722 ne
889 2677 1203 2724 succumbam?
1241 2690 1387 2738 neque
1424 2679 1633 2724 omittere
1668 2677 1843 2724 animus
1869 2683 1940 2723 est
1965 2677 2086 2738 quod
2112 2677 2219 2722 mihi
2244 2676 2388 2723 adhuc

244 2748 494 2807 integrum,
546 2750 759 2808 quoniam
806 2748 928 2794 istud
975 2755 1131 2810 aperte
1178 2748 1423 2794 declarabit
1461 2763 1593 2809 quam
1628 2748 1740 2795 nihil
1777 2747 1923 2810 patiar
1959 2749 2164 2795 humanae
2190 2747 2387 2794 imbecil-

243 2818 406 2869 litatis,
456 2819 828 2879 quemadmodum
864 2819 1116 2865 Eberardus
1155 2820 1208 2864 de
1246 2818 1377 2865 Clivis
1414 2819 1701 2880 provincialis
1737 2833 1900 2880 passus
1937 2825 2030 2871 est,
2079 2818 2196 2865 sicut
2233 2820 2272 2865 ei
2314 2831 2384 2864 me
2398 2823 2443 2859 3⁵

245 2896 402 2935 autore
441 2891 752 2936 sanctissimus
791 2889 998 2936 dominus
1034 2897 1192 2936 noster
1229 2891 1338 2936 vitio
1366 2892 1501 2937 vertit
1525 2904 1608 2951 per
1632 2891 1784 2942 Breve,
1825 2890 1947 2951 quod
1972 2890 2017 2936 in
2042 2903 2185 2936 meam
2210 2888 2385 2935 laudem

244 2960 527 3006 scribendum
565 2961 729 3011 curavi,
768 2975 868 3006 nam
906 2961 982 3006 ille
1007 2961 1165 3007 maluit
1189 2963 1404 3008 iacturam
1430 2962 1589 3020 gloriae
1615 2975 1742 3013 meae,
1782 2975 1913 3021 quam
1938 2967 2175 3007 cruentum
2199 2959 2381 3006 bellum.
2450 2976 2453 2979 “

245 3037 321 3075 aut
359 3037 481 3077 certe
521 3046 652 3091 quam
690 3031 898 3077 damnum
935 3034 1000 3078 rei
1039 3031 1294 3083 familiaris,
1333 3039 1379 3077 et
1414 3034 1486 3078 cui
1525 3032 1776 3078 consultius
1813 3031 2049 3079 videbatur
2083 3032 2202 3077 tueri
2239 3030 2384 3091 publi-

244 3115 339 3145 cam
382 3116 535 3161 pacem
573 3117 706 3162 quam
743 3103 988 3148 multorum
1024 3103 1141 3155 malo
1179 3117 1288 3149 meae
1328 3103 1460 3148 unius
1506 3102 1679 3149 libidini
1726 3103 2002 3150 satisfacere.
2076 3103 2112 3148 Ο
2147 3101 2383 3148 meticulo-

246 3185 343 3215 sum
380 3172 625 3217 hominem!
676 3173 803 3233 quasi
840 3173 932 3219 ulla
968 3187 1041 3220 res
1079 3174 1260 3234 egregia
1297 3180 1473 3220 constet
1510 3175 1606 3219 sine
1641 3188 1804 3234 magno
1839 3173 2057 3235 periculo.
2129 3174 2266 3234 Atqui
2302 3185 2384 3233 per
2398 3174 2442 3210 ⁴⁰

246 3240 360 3286 idem
395 3241 531 3287 Breve
566 3244 874 3303 Apostolicum

384 3325 667 3361 LVPOLDVS.
737 3317 796 3360 At
831 3329 922 3361 non
959 3315 1121 3361 Christi
1158 3315 1367 3376 Apostoli
1979 3351 1990 3356 -

388 3395 774 3432 Hocfls'rRA‘rvs.
847 3384 1113 3432 testificatur
1150 3400 1352 3432 summus
1376 3386 1580 3432 Pontifex
1617 3399 1688 3431 me
1724 3387 1868 3432 virum
1906 3392 2154 3438 strenuum,
2193 3392 2238 3431 et
2263 3385 2382 3446 quod

249 3459 503 3513 susceptam
541 3461 695 3500 contra
731 3455 1000 3516 Capnionem
1026 3471 1204 3503 causam
1229 3472 1457 3518 nunquam
1482 3458 1699 3518 prosequi
1724 3457 1988 3509 destiterim,
2026 3456 2205 3503 tametsi
2228 3470 2380 3502 verum
2447 3470 2456 3490 1

357 3602 374 3629 5
404 3606 458 3645 In
482 3602 596 3657 eod.]
627 3605 721 3647 Ter.
742 3605 920 3647 Phorm.
942 3608 995 3648 V.
1019 3608 1119 3659 2,15.
1142 3609 1190 3648 in
1213 3609 1370 3650 eodem
1389 3609 1484 3650 luto
1505 3609 1708 3649 haesitas.
1787 3606 1822 3635 ¹²
1852 3608 2031 3650 cuculio
2054 3611 2095 3650 3.
2109 3611 2150 3650 4.
2228 3606 2262 3634 ¹⁸
2292 3608 2379 3649 Ro·
2443 3601 2447 3604 ’

245 3687 391 3715 manae
426 3678 467 3716 3.
482 3677 522 3718 4.
637 3674 673 3700 ³⁵
710 3676 848 3716 Eber.
881 3677 935 3716 de
968 3677 1130 3730 Clivis]
1170 3679 1340 3720 ordinis
1370 3680 1743 3733 praedicatorum,
1783 3679 1923 3723 theol.
1954 3679 2096 3732 profi,
2129 3679 2379 3731 provinciae

245 3747 437 3787 Teuton.
468 3745 787 3799 provincialis,
826 3759 997 3799 praeses
1029 3749 1187 3800 synodi
1225 3748 1525 3802 provincialis
1554 3749 1850 3790 Francofurti
1888 3761 1929 3788 a..
1963 3747 2084 3789 1520.
2114 3748 2280 3801 habiti,
2322 3750 2377 3790 de
2415 3794 2422 3798 ,

246 3818 373 3858 cuius
402 3816 568 3857 litteris
602 3816 660 3856 ad
686 3817 887 3857 Leonem
907 3817 962 3857 X.
994 3817 1049 3858 de
1080 3818 1323 3859 indicendo
1354 3819 1538 3860 silentio
1570 3819 1793 3861 Iacobitis
1821 3818 2242 3872 Reuchlinistisque
2272 3819 2377 3862 vide

244 3900 380 3942 supra
411 3887 469 3929 ad
498 3888 537 3937 ξ.
559 3885 628 3927 26.
653 3886 1010 3929 adnotationem.
2435 3874 2438 3877 ‚
