2456 4264
262 216 330 270 ¹6)
915 234 1148 261 EPISTOLAE
1173 231 1475 258 OBSCVRORVM
1499 231 1724 258 vlltouvm.

300 258 330 271 -0

260 368 341 417 ubi
380 367 493 414 dicit
520 364 750 413 salvator:
794 363 914 411 ‘Non
955 369 1026 409 est
1063 360 1210 409 arbor
1249 360 1377 407 bona
1417 374 1506 422 que
1546 357 1660 404 facit
1697 356 1912 405 fructum
1950 355 2164 405 malum'.
2240 356 2396 405 Etiam

258 452 383 499 bene
434 450 591 497 adhuc
638 462 858 496 memoro
908 445 1037 493 illam
1087 445 1381 499 doctrinam,
1432 457 1576 505 quam
1626 440 1759 488 dedit
1802 441 1921 489 mihi
1967 440 2119 490 semel
2166 442 2399 502 magister

262 541 425 582 noster
466 532 746 580 Valentinus
785 530 843 576 de
883 524 1223 576 Gelterssheim
1262 528 1311 574 iu
1350 526 1497 574 bursa
1539 524 1727 579 Montis,
1769 524 1963 586 quando
1998 525 2066 573 fui
2101 539 2219 572 suus
2257 524 2398 572 disci-

260 618 426 682 pulus,
478 622 524 663 et
573 614 696 662 volui
745 612 914 661 audire
953 611 1231 659 Salustium.
1307 610 1367 657 Et
1405 610 1546 657 dixit:
1599 616 1765 672 ‘quare
1802 608 1876 655 vis
1912 608 2082 656 audire
2121 607 2398 665 Salustium,

262 710 310 750 tu
361 698 629 749 ‹liscliole?⁷
707 696 845 744 Tunc
895 709 984 756 ego
1024 693 1281 757 respondi,
1334 694 1462 756 quod
1503 694 1735 754 magister
1773 691 1980 740 Ioannes
2019 692 2079 740 de
2118 691 2437 742 Vratislavia5

260 787 401 841 dixit,
454 783 581 847 quod
631 781 859 829 discimus
897 779 1024 827 bona
1064 778 1321 825 dictamina
1360 778 1523 825 facere
1562 792 1620 825 ex
1661 775 1838 824 talibus
1874 777 2046 839 poetis,
2123 777 2262 825 Tunc
2299 778 2405 839 ipse

260 871 402 918 dixit:
445 874 534 915 ‘est
572 866 788 920 fantasia,
828 864 910 913 sed
952 868 1002 910 tu
1041 861 1191 911 debes
1228 861 1354 910 bene
1393 860 1647 909 advertere
1685 861 1735 907 in
1772 858 1994 923 partibus
2031 859 2315 916 Alexandri,
2356 866 2406 910 et

262 952 476 1017 epistolis
515 949 699 1005 Caroli,
748 965 839 1012 que
888 948 1221 1011 practicantur
1267 946 1316 992 in
1365 944 1470 993 aula
1514 944 1971 1008 grammaticorum;
2022 958 2113 1007 ego
2152 959 2406 1008 nunquam

262 1037 416 1086 audivi
467 1035 756 1090 Salustium,
821 1039 868 1081 et
914 1039 1074 1080 tamen
1125 1031 1224 1078 scio
1277 1029 1537 1077 dictamina
1586 1028 1751 1077 facere
1796 1029 1999 1077 metrice
2048 1033 2096 1077 et
2145 1030 2403 1092 prosaice’.

262 1122 322 1169 Et
359 1125 425 1167 sic
465 1119 691 1180 magister
730 1122 894 1166 noster
921 1115 1202 1165 Valentinus
1239 1115 1352 1161 fecit
1387 1113 1515 1177 quod
1543 1126 1634 1175 ego
1661 1127 1914 1177 nunquam
1939 1113 2100 1161 studui
2125 1113 2173 1160 in
2201 1114 2404 1176 poetria.
2424 1126 2456 1165 u

267 1206 323 1253 ΕΙ.
361 1206 436 1253 isti
476 1204 746 1265 humaniste
786 1217 914 1250 nunc
957 1206 1126 1248 vexant
1163 1214 1240 1247 me
1280 1213 1391 1246 cum
1429 1213 1518 1245 suo
1556 1212 1681 1245 novo
1719 1196 1883 1253 latino,
1925 1202 1972 1245 et
2008 1195 2277 1246 annihilant
2301 1197 2409 1247 illos

267 1296 453 1338 veteres
491 1287 656 1341 libros
696 1286 1047 1340 Alexandrum,
1087 1283 1385 1344 Remigium,
1425 1282 1656 1331 Ioannem
1696 1281 1757 1330 de
1795 1280 2078 1339 Garlandia‚
2119 1282 2407 1339 Cornutum,

267 1373 536 1437 Composita
579 1370 852 1425 verborum,
893 1367 1163 1433 Epistolare
1201 1367 1419 1429 magistri
1456 1364 1593 1414 Pauli
1630 1365 1806 1423 Niavis,
1847 1371 1895 1415 et
1931 1367 2099 1415 dicunt
2136 1368 2199 1415 ita
2234 1380 2408 1431 magna

268 1457 517 1506 mendacia
559 1455 684 1519 quod
727 1469 815 1517 ego
858 1454 978 1501 facio
1017 1467 1212 1500 crucem
1251 1466 1341 1515 pro
1380 1466 1458 1498 me
1497 1450 1692 1513 quando
1730 1451 1891 1500 audio:
1935 1451 2060 1500 sicut
2097 1466 2254 1515 nuper
2283 1467 2410 1500 unus

267 1543 395 1598 dixit,
437 1540 565 1603 quod
606 1544 677 1588 est
713 1539 760 1585 in
789 1538 996 1600 quadam
1024 1537 1268 1600 provincia
1297 1550 1391 1584 una
1419 1550 1559 1598 aqua,
1601 1551 1693 1599 que
1720 1534 1868 1585 habet
1903 1551 2106 1585 arenam
2132 1551 2331 1585 auream
2360 1542 2408 1585 et
2428 1555 2456 1590 u

267 1631 463 1673 vocatur
491 1624 676 1687 Tagus:
719 1628 764 1670 et
791 1637 880 1685 ego
908 1621 1111 1670 fistulavi
1142 1620 1344 1675 occulte,
1386 1620 1495 1683 quia
1524 1635 1622 1668 non
1649 1628 1722 1668 est
1746 1619 1996 1685 possibile.
2037 1635 2126 1684 ego
2154 1621 2255 1669 scio
2281 1621 2408 1671 bene

265 1710 392 1772 quod
434 1710 576 1757 etiam
618 1708 728 1755 estis
753 1712 909 1769 poeta,
951 1706 1033 1754 sed
1063 1720 1157 1753 non
1199 1706 1297 1753 scio
1337 1705 1465 1753 unde
1502 1704 1692 1754 hahetis
1729 1704 1861 1754 illam
1899 1710 2071 1754 artem.
2111 1706 2199 1770 ipsi
2240 1706 2410 1755 dicunt
2452 1751 2456 1754 .

264 1794 390 1856 quod
419 1793 611 1856 quando
638 1790 792 1846 vultis,
833 1796 949 1839 tunc
976 1792 1128 1839 facitis
1155 1789 1294 1854 plura
1322 1794 1474 1838 metra
1502 1789 1551 1837 in
1579 1805 1674 1839 una
1701 1789 1848 1848 hora;
1887 1790 1973 1839 sed
2001 1790 2150 1839 credo
2178 1791 2308 1855 quod
2335 1792 2406 1839 in·
2454 1812 2456 1815 ·

261 1877 479 1925 tellectus
499 1882 656 1925 vester
684 1881 754 1924 est
779 1877 840 1923 ita
866 1874 1162 1924 illuminatus
1183 1876 1495 1937 pergratiam
1517 1875 1872 1937 spiritussancti
1893 1875 2105 1938 desuper
2129 1875 2257 1940 quod
2277 1877 2408 1925 scitis
2451 1872 2456 1905 ‘-

263 1960 340 2009 illa
381 1966 426 2008 et
464 1960 571 2016 alia,
613 1961 723 2023 quia
762 1974 956 2023 semper
995 1960 1148 2007 fuistis
1174 1958 1332 2006 bonus
1358 1957 1653 2023 Theologus,
1695 1965 1743 2009 et
1767 1959 2127 2024 reprehenditis
2156 1959 2262 2009 illos
2289 1973 2405 2023 gen·
2423 1971 2456 2031 'tq'

261 2044 381 2094 tiles,
455 2044 491 2092 Ι
495 2044 684 2092 ibentei
721 2042 892 2092 vellem
936 2043 1068 2092 vobis
1106 2043 1324 2092 sc11here
1363 2059 1513 2092 unam
1551 2045 1813 2093 novitatem
1853 2045 1894 2092 si
1930 2046 2136 2100 scirem;
2186 2045 2272 2094 sed
2308 2059 2407 2093 non
2442 2033 2456 2114 ξ

261 2129 416 2177 audivi
443 2127 620 2191 aliquid
649 2143 791 2191 quam
820 2128 948 2191 quod
988 2129 1164 2177 fratres
1202 2143 1258 2177 ac
1296 2129 1480 2177 domini
1518 2129 1578 2178 de
1618 2129 1789 2194 ordine
1827 2128 2188 2192 predicatorum
2225 2129 2410 2179 habent
2447 2120 2456 2175 ἓ

263 2213 340 2260 liic
378 2227 577 2275 magnas
615 2213 952 2275 indulsselitias,
995 2219 1041 2261 et
1077 2212 1333 2262 absolvunt
1371 2228 1396 2261 a
1436 2227 1558 2276 pena
1588 2219 1636 2263 et
1661 2230 1687 2263 a
1714 2213 1874 2278 culpa,
1913 2214 2108 2278 quando
2135 2213 2308 2278 aliquis
2335 2220 2408 2263 est
2442 2217 2456 2301 ⁴

261 2299 511 2345 contessus
550 2303 596 2345 et
634 2299 884 2355 counitus
925 2303 971 2346 et
1008 2297 1190 2346 habent
1227 2313 1376 2362 super
1403 2298 1497 2347 hoc
1522 2296 1708 2348 litteras
1732 2298 1948 2364 papales
2024 2298 2182 2348 Etiam
2208 2298 2456 2499 555113115Σὲ4

260 2381 378 2430 mihi
404 2380 597 2445 aliquid,
639 2384 747 2446 quia
777 2397 865 2445 ego
901 2397 1007 2430 sum
1036 2389 1194 2433 vester
1219 2389 1450 2447 tanquam
1477 2382 1700 2437 famulus
1773 2383 1938 2434 Valete
1977 2399 2035 2433 ex
2061 2329 2456 2588 Nurenberga.2÷

261 3152 474 3214 theolooi
511 3154 646 3202 valde
687 3155 884 3205 laudant
923 3175 1003 3207 vos
1042 3161 1168 3223 quod
1208 3176 1304 3208 non
1344 3163 1626 3224 respexistis
1663 3162 1888 3227 aliquem,
1929 3169 1976 3211 et
2013 3164 2271 3227 scripsistis
2308 3177 2403 3227 pro

263 3236 543 3286 defensione
582 3238 691 3287 fidei
731 3248 897 3289 contra
936 3243 1106 3291 doctol
1111 3260 1187 3292 em
1226 3245 1479 3294 Reuchlin.
1545 3247 1638 3307 Sed
1667 3246 1817 3310 aliqui
1843 3249 1961 3296 socii
1988 3248 2192 3311 quinon
2218 3246 2401 3296 habent

261 3318 649 3380 intelligentiam,
701 3330 747 3371 et
794 3326 935 3373 etiam
983 3328 1147 3376 iuriste
1195 3330 1276 3390 qui
1314 3344 1411 3378 non
1451 3336 1564 3379 sunt
1601 3330 1858 3380 illuminati
1895 3333 1944 3379 in
1983 3332 2078 3380 fide
2118 3332 2396 3388 christiana,

261 3410 498 3466 spernunt
535 3420 644 3456 vos
702 3413 744 3454 et
784 3407 1049 3471 loquuntur
1087 3412 1235 3460 multa
1275 3420 1442 3463 contra
1482 3432 1589 3472 vos,
1629 3416 1713 3464 sed
1751 3431 1849 3464 non
1889 3422 2091 3479 possunt
2127 3415 2398 3480 prevalere,

261 3488 371 3549 quia
421 3487 622 3535 facultas
669 3490 878 3546 1115015(
851 3509 937 3541 ua
988 3500 1119 3543 tenet
1157 3496 1423 3547 vobiscum.
1498 3500 1556 3548 Et
1593 3515 1751 3564 nuper
1790 3501 1985 3563 quando
2022 3507 2263 3549 venerunt
2299 3500 2397 3549 huc

259 3571 334 3619 isti
362 3570 485 3627 libri,
515 3572 596 3634 qui
625 3580 854 3622 vocantur
881 3583 984 3625 acta
1012 3578 1434 3639 Parrhisiensium‚
1462 3588 1579 3633 tunc
1606 3586 1708 3634 sere
1739 3600 1908 3634 omnes
1927 3586 2146 3649 magistri
2172 3592 2398 3635 emerunt

370 3752 387 3776 ³
421 3752 721 3793 (ieltcrslieim
754 3759 795 3794 2.
885 3757 900 3781 Β
934 3788 942 3796 .
967 3760 1062 3810 Ego
1096 3763 1218 3801 1...3.

832 2764 1299 2825 Franc1scus
1349 2764 1827 2827 Gensellnus

864 2875 1194 2944 Magistro
1233 2877 1521 2930 Oltvlno
1561 2877 1821 2930 Gratlo

263 2986 473 3034 Salutem
513 3002 655 3049 quarn
695 2989 824 3038 mille
865 2990 1039 3040 talenta
1081 3007 1179 3039 non
1215 2999 1423 3056 possunt
1447 2992 1723 3057 equivalere
1745 2994 1798 3041 ln
1825 3008 1909 3042 sua
1938 2995 2187 3055 gravitate.
2245 2991 2403 3042 Vene-

262 3069 426 3117 rabilis
463 3071 657 3119 domine
696 3075 948 3135 maoister,
1006 3077 1176 3123 scitote
1215 3078 1344 3140 quod
1383 3078 1462 3125 hic
1499 3083 1573 3126 est
1609 3091 1815 3140 magnus
1851 3081 2014 3144 sermo
2052 3078 2112 3127 de
2151 3077 2308 3134 vohiS‚
2351 3083 2398 3128 et

370 3819 406 3847 ²⁰
437 3822 495 3861 M.
520 3826 640 3869 1...3,
2426 3718 2456 3846 Ξ

2127 3830 2456 4221 ὖ
