2456 4264
205 272 279 328 52
289 271 323 328 Ο
830 290 1154 320 ΕΡῙΒΤοιΑΒνΜ
1177 290 1485 319 ossscvnonvu
1505 291 1716 319 vuzonvn

202 431 289 475 tius
328 426 654 488 perfectionare
692 423 806 469 hanc
841 422 1066 474 litteram,
1115 423 1220 483 quia
1269 427 1360 468 tam
1408 421 1550 467 multa
1598 428 1732 474 sunt,
1776 424 1898 484 quod
1944 424 1999 469 de
2035 422 2114 469 illo
2150 423 2347 470 scribere

202 504 408 559 oporteo.
481 495 535 540 Et
572 499 694 540 certe
731 494 910 544 nescio,
949 507 973 538 a
1010 507 1101 553 quo
1138 493 1339 553 incipere
1376 491 1543 544 debeo,
1582 493 1650 538 uti
1687 492 1853 540 dicitur
1889 492 2060 541 ‘Nescio
2086 493 2163 540 ubi
2189 494 2345 540 faciam

201 568 286 614 dici
324 565 564 627 primordia
602 561 792 610 luctus':
831 563 975 616 Homo
1014 569 1086 608 est
1121 562 1199 608 ille
1235 562 1493 614 Durandus,
1530 576 1623 608 non
1659 569 1712 609 ut
1735 563 1813 610 alii
1837 564 2068 616 homines,
2107 565 2184 610 sed
2211 565 2346 611 homo

200 637 576 698 singularisticus.
650 632 836 688 Quando
874 633 1002 679 illum
1040 635 1126 679 iam
1162 633 1368 684 videbas,
1407 633 1682 694 gravareris,
1723 634 1846 694 quod
1881 633 2007 681 illum
2045 649 2136 681 non
2175 635 2235 680 sit
2272 649 2347 681 an-

200 711 354 768 tiquus
392 706 468 752 ille
503 705 760 757 Durandus,
800 704 1047 751 secundum
1085 703 1219 756 illud,
1272 703 1396 750 Eheu
1433 710 1649 764 quantum
1687 711 1890 751 mutatus
1926 705 1981 751 ab
2018 705 2096 751 illo
2135 706 2382 752 Hectores

199 779 307 824 Cum
346 778 463 822 enirn
501 782 599 821 erat
636 775 780 822 adhuc
816 776 989 820 iuvenis
1027 774 1178 821 socius
1216 774 1271 821 de
1308 775 1493 834 trigindi
1532 774 1743 838 octolvel
1768 775 2057 822 novendecim
2082 778 2223 826 annis,
2262 776 2349 822 fuit

199 849 485 894 vehementer
522 846 704 892 subtilis
742 852 788 892 et
825 845 1032 897 humilis,
1082 852 1128 891 et
1175 845 1268 891 avia
1315 858 1412 890 mea
1459 845 1660 896 dicebat.
1709 845 1830 906 quod
1876 860 1969 892 non
2006 845 2095 892 fuit
2131 846 2351 892 stultilior

200 920 416 965 iuvencus
454 919 501 962 in
541 923 638 963 toto
676 916 812 968 urbe,
852 930 983 977 quam
1021 915 1254 961 Durandus
1292 922 1387 966 est,
1427 916 1506 961 sed
1542 917 1630 961 iam
1667 931 1850 962 crassus
1888 923 1934 962 et
1969 916 2136 962 densus
2174 924 2267 969 est,
2304 923 2352 962 et

199 1004 290 1036 non
335 988 478 1049 magis
528 987 662 1034 habet
707 989 897 1048 primam
945 986 1161 1038 formam,
1204 989 1263 1032 *os
1310 985 1444 1032 habet
1488 985 1607 1033 sicut
1652 1000 1845 1047 porcus,
1894 993 1940 1033 et
1975 986 2091 1033 labia
2128 1002 2207 1033 sua
2244 987 2352 1033 dant

201 1061 321 1107 bona
358 1059 586 1106 sarcimina
622 1060 846 1109 iecornm;
884 1058 1105 1104 foramina
1141 1071 1355 1103 nasorum
1393 1071 1580 1103 suorum
1616 1064 1726 1119 ,sunt
1762 1064 1852 1103 tam
1890 1057 2260 1109 rotundisormia,
2297 1063 2407 1103 utto

205 1132 336 1178 ianua
373 1130 556 1181 domus,
607 1131 725 1176 sicut
761 1130 923 1176 iterum
961 1129 1151 1180 dicitur,
1203 1135 1299 1189 ‘per
1335 1127 1513 1173 ianuam
1548 1129 1751 1174 venimus
1788 1130 1835 1175 in
1872 1129 2074 1181 atrium’;
2123 1142 2224 1174 nam
2260 1135 2351 1174 tam

203 1216 339 1266 parva
375 1207 506 1252 sunt,
552 1206 604 1247 ut
639 1201 710 1246 vix
746 1214 908 1246 currus
944 1199 1107 1261 plenus
1143 1198 1372 1246 frumento
1411 1198 1480 1245 vel
1516 1198 1663 1250 l'oeno,
1711 1199 1816 1245 licet
1852 1205 2048 1260 quatuor
2083 1198 2189 1260 equi
2225 1198 2352 1251 illum

208 1274 419 1323 trahunt,
457 1277 612 1333 potest
647 1271 872 1317 invehere.
947 1269 1073 1317 Oculi
1115 1276 1202 1316 tam
1238 1269 1479 1316 rubicundi
1516 1275 1650 1322 sunt,
1698 1284 1832 1330 quam
1870 1268 1991 1316 oculi
2027 1269 2353 1321 columbarum,

209 1343 455 1391 secundum
491 1341 629 1394 illud,
667 1340 792 1388 Oculi
833 1341 898 1387 tui
936 1341 1056 1388 oculi
1093 1340 1419 1388 columbarum.
1492 1340 1549 1386 Se
1586 1342 1687 1402 ipse
1712 1340 1848 1387 etiam
1872 1354 1964 1386 non
1989 1342 2138 1391 novit,
2176 1346 2222 1386 et
2246 1342 2353 1387 ima·

208 1416 336 1476 ginat
371 1413 481 1464 sibi,
520 1413 640 1474 quod
677 1412 738 1458 sit
772 1412 984 1473 Magister
1020 1426 1158 1473 super
1194 1425 1374 1464 omnes,
1413 1418 1461 1458 et
1485 1425 1642 1458 omnes
1668 1410 1938 1458 scientificas
1963 1411 2213 1462 devoravit,
2250 1417 2412 1458 cumis

209 1492 358 1531 tamen
393 1485 465 1530 vix
502 1490 573 1531 est
609 1483 749 1544 Magis
785 1483 897 1534 duo,
948 1483 1019 1530 vel
1055 1483 1187 1530 etiam
1227 1483 1369 1544 Magis
1405 1496 1546 1535 unus;
1595 1496 1696 1529 cum
1734 1483 1852 1529 enim
1887 1496 2035 1543 nuper
2070 1496 2159 1528 una
2195 1479 2355 1529 ancilla

207 1569 407 1619 paupera
443 1554 572 1601 illum
608 1553 809 1615 rogavit,
856 1554 1042 1600 Domine
1077 1554 1314 1614 Magistre‚
1363 1553 1472 1614 quid
1507 1553 1657 1600 faeere
1693 1552 1861 1604 debeo,
1909 1560 1961 1599 ut
2006 1553 2140 1599 etiam
2186 1551 2357 1613 aliquid

208 1640 293 1688 pro
330 1640 400 1672 me
435 1626 565 1671 fero?
602 1640 694 1672 non
730 1626 883 1686 potuit
919 1624 1067 1670 bonus
1105 1624 1259 1671 socius
1296 1624 1595 1686 respondere,
1634 1623 1879 1670 secundum
1915 1623 2050 1674 illud,
2090 1623 2356 1685 ‘Obstupere

209 1710 364 1744 omnes
390 1695 644 1757 intentique
681 1710 761 1742 ora
798 1695 1042 1741 tenebant’.
1114 1694 1170 1740 Et
1204 1695 1370 1741 iterum
1408 1694 1672 1754 adagialiter
1707 1694 1912 1756 loquitur
1949 1694 2128 1740 ‘Fessus
2164 1694 2358 1754 languor

208 1774 400 1829 occupat
444 1768 605 1813 artus’.
673 1766 784 1812 Nam
830 1779 1008 1827 semper
1052 1780 1192 1812 unum
1238 1765 1405 1812 malum
1450 1766 1640 1812 comitat
1684 1763 1893 1812 alterum.
1963 1764 2020 1811 Et
2055 1778 2156 1811 cum
2193 1771 2355 1826 postea
2369 1773 2413 1807 το

206 1838 505 1898 interrogavit
539 1837 691 1889 illum,
740 1836 913 1888 dicere,
963 1836 1042 1883 ubi
1079 1837 1278 1897 optimus
1314 1836 1568 1883 sarcinator
1602 1835 1855 1883 calceorum
1898 1835 2145 1886 habitaret,
2191 1837 2355 1882 iterum

206 1923 300 1955 non
337 1908 489 1970 potuit
524 1907 814 1969 respondere.
886 1906 1184 1953 Nihilominus
1230 1921 1280 1953 se
1325 1907 1487 1953 miscet
1532 1919 1711 1968 semper
1755 1908 1875 1952 inter
1919 1904 2056 1960 alioS,
2106 1907 2184 1967 qui
2220 1905 2356 1966 longe

208 1980 312 2042 plus
359 1985 466 2025 sunt
513 1993 647 2040 quam
684 1979 922 2039 Magister,
970 1992 1103 2039 quam
1150 1977 1228 2024 ille
1276 1984 1372 2029 est,
1420 1977 1666 2025 secundum
1702 1976 1839 2029 illud,
1887 1976 2035 2023 ‘Velut
2069 1978 2191 2023 inter
2227 1977 2356 2037 ignes

206 2051 314 2097 luna
350 2050 578 2101 minores’,
616 2055 662 2095 et
698 2050 818 2096 sicut
853 2055 1029 2096 stercus
1066 2050 1210 2095 muris
1246 2050 1365 2095 inter
1400 2050 1555 2110 piper,
1595 2048 1674 2094 sed
1711 2061 1866 2095 omnes
1902 2046 2030 2094 illum
2067 2047 2235 2094 habent
2271 2062 2355 2109 pro

209 2121 368 2168 stulto.
439 2121 548 2167 Cum
585 2120 703 2166 inter
739 2119 844 2167 illos
881 2121 1024 2171 venit,
1062 2126 1171 2167 tunc
1207 2119 1385 2171 dicunt,
1424 2119 1584 2165 Venite
1619 2120 1733 2171 huc,
1771 2120 1831 2165 mi
1869 2119 2081 2165 Dominus
2106 2118 2413 2170 Durandus,25

207 2200 255 2239 et
291 2192 443 2238 sedete
481 2205 619 2252 super
655 2205 764 2243 nos,
801 2197 848 2237 et
884 2205 986 2238 cum
1022 2192 1122 2252 ipse
1158 2190 1290 2242 facit,
1343 2197 1451 2237 tunc
1487 2190 1638 2236 rident
1674 2190 1720 2236 in
1756 2190 1918 2241 eorde,
1967 2189 2087 2251 quod
2125 2196 2215 2235 tam
2253 2189 2358 2236 sim-

207 2263 310 2324 plex
357 2269 450 2314 est,
500 2269 547 2309 et
591 2276 684 2308 non
731 2261 948 2323 intelligit
998 2261 1131 2308 verba
1166 2262 1370 2309 honoris.
1443 2261 1597 2323 Nuper
1632 2259 2044 2322 voluitdisputare
2082 2262 2201 2307 inter
2237 2274 2356 2308 com·

207 2335 444 2395 pagniam,
484 2333 710 2394 quomodo
748 2333 923 2395 primus
960 2333 1096 2380 homo
1134 2332 1180 2378 in
1217 2333 1347 2379 initio
1384 2333 1532 2379 factus
1569 2338 1662 2383 est,
1702 2339 1748 2378 et
1784 2331 1919 2383 dixit,
1958 2330 2080 2393 quod
2116 2331 2264 2378 factus
2290 2337 2360 2377 est

209 2420 262 2450 ex
299 2404 475 2465 glutine
513 2410 558 2450 et
595 2410 739 2455 terra,
789 2410 835 2450 et
881 2404 1004 2465 quod
1049 2405 1138 2451 hoc
1182 2403 1402 2450 audiverit
1450 2404 1498 2449 in
1535 2418 1623 2450 una
1659 2403 1819 2465 nuptia
1854 2418 1879 2449 a
1915 2401 2012 2449 viro
2050 2401 2258 2454 illustro;
2306 2401 2360 2447 Et

209 2490 311 2522 cum
349 2475 464 2522 alter
500 2474 827 2536 respondebat,
866 2475 988 2536 quod
1023 2489 1145 2526 non,
1183 2476 1319 2521 homo
1356 2474 1503 2522 factus
1541 2480 1612 2520 est
1646 2487 1739 2520 non
1777 2486 1830 2519 ex
1855 2472 2056 2535 glutine,
2095 2472 2214 2519 unde
2239 2474 2415 2518 enim-³0

209 2552 393 2592 venerat
430 2546 558 2592 illum
596 2545 787 2606 gluten?
835 2547 940 2606 quia
974 2545 1174 2592 nondum
1212 2551 1434 2593 mactatus
1472 2551 1571 2592 erat
1605 2544 1800 2596 vitulus,
1838 2558 1890 2591 ex
1928 2558 2020 2605 quo
2058 2543 2216 2605 gluten
2252 2543 2360 2590 faci·

130 2637 132 2640 ·
209 2624 309 2668 tur,
358 2616 438 2663 sed
475 2631 528 2662 ex
564 2623 686 2663 terra
724 2622 770 2662 et
805 2616 936 2668 limo,
985 2616 1083 2678 ipse
1120 2616 1318 2664 dicebat:
1365 2630 1447 2663 vos
1483 2616 1595 2662 estis
1631 2615 1822 2667 stultus,
1872 2614 1992 2677 quod
2030 2615 2118 2662 hoc
2153 2614 2358 2666 creditis;

208 2702 311 2735 nam
349 2689 386 2733 si
422 2688 558 2733 homo
597 2693 771 2734 tantum
808 2687 955 2734 sactus
991 2693 1062 2734 est
1099 2701 1151 2733 ex
1186 2687 1294 2734 limo
1333 2694 1380 2734 et
1415 2693 1559 2738 terra,
1606 2693 1653 2734 et
1688 2701 1781 2733 non
1817 2699 1872 2732 ex
1918 2685 2115 2745 glutine,
2163 2699 2247 2746 ego
2286 2700 2357 2732 me

209 2759 296 2805 iam
335 2771 473 2819 super
509 2758 781 2805 sententiam
817 2760 1012 2804 vestram
1047 2764 1197 2805 totum
1233 2760 1279 2805 in
1326 2758 1473 2805 frusta
1518 2765 1564 2804 et
1608 2759 1655 2804 in
1700 2757 1790 2803 duo
1838 2756 2065 2808 risissem‚
2115 2756 2358 2803 secundum

210 2829 346 2881 illud,
395 2829 624 2875 ‘Auditum
661 2829 845 2876 admissi
882 2830 1024 2875 risum
1061 2830 1253 2876 teneatis
1290 2829 1456 2876 amici’:
1504 2828 1732 2891 quomodo
1781 2829 1899 2874 enim
1935 2826 2070 2873 limus
2106 2833 2260 2889 potest
2297 2828 2414 2873 si-35

211 2900 304 2946 mul
344 2906 498 2945 tenere
534 2900 734 2947 terram?
773 2900 929 2961 gluten
966 2914 1072 2947 vero
1111 2906 1238 2947 tenet
1273 2907 1440 2946 terram
1477 2900 1532 2947 ad
1567 2900 1784 2950 invicem,
1822 2913 1880 2946 ne
1917 2903 2072 2960 potest
2095 2898 2151 2944 de
2174 2899 2359 2944 invicem

212 2971 399 3017 cadere:
448 2984 585 3031 super
631 2985 717 3032 qua
763 2978 893 3018 acuta
940 2971 1121 3032 quidem
1158 2971 1458 3032 responsione
1494 2984 1652 3018 omnes
1689 2970 2045 3022 admiraverunt;
2097 2969 2175 3015 sed
2211 2976 2359 3015 tamen

212 3046 510 3102 putaverunt,
549 3042 669 3102 quod
694 3056 784 3088 non
810 3043 951 3088 crevit
987 3043 1034 3088 in
1070 3043 1207 3089 horto
1245 3057 1355 3093 suo,
1393 3047 1471 3088 aut
1506 3041 1554 3087 in
1588 3040 1694 3088 fimo
1732 3054 1833 3087 suo.
1903 3040 2008 3086 Fuit
2044 3041 2178 3086 etiam
2214 3054 2361 3101 nuper

213 3111 271 3156 in‘
297 3110 562 3172 compagnia
599 3114 900 3164 rusticorum,
939 3119 985 3157 et
1021 3127 1123 3159 cum
1161 3111 1251 3158 illis
1287 3113 1520 3174 disputare
1556 3110 1724 3163 voluit,
1763 3111 1990 3173 quomodo
2029 3110 2162 3157 stilus
2199 3111 2244 3156 in
2281 3125 2360 3156 axe

213 3183 338 3242 prius
377 3183 485 3232 fuit,
524 3197 655 3243 quam
693 3184 786 3229 axis
823 3184 945 3245 ipsa,
983 3183 1064 3230 sed
1099 3183 1298 3230 rusticus
1334 3184 1512 3230 vinctus
1549 3188 1642 3234 est,
1681 3182 1805 3244 quod
1840 3180 1972 3228 stilus
1997 3181 2044 3227 in
2069 3195 2149 3228 axe
2174 3182 2356 3228 omnino
2373 3186 2417 3218 ⁴0

213 3252 393 3313 penitus
430 3266 522 3298 non
558 3255 687 3314 prius
726 3253 836 3305 suit,
886 3268 1018 3315 quam
1065 3256 1158 3300 axis
1195 3256 1317 3315 ipsa;
1365 3254 1444 3300 sed
1479 3269 1564 3315 per
1600 3266 1723 3300 axem
1761 3252 1956 3314 primum
1992 3251 2046 3298 ab
2084 3251 2247 3299 arbore
2284 3252 2359 3298 ab·

216 3323 390 3368 scinsus
429 3329 521 3374 est,
567 3330 614 3369 et
660 3326 698 3370 si
736 3339 785 3371 se
820 3339 912 3371 non
948 3325 1147 3371 dedisset
1182 3326 1373 3376 victum,
1421 3338 1547 3371 axem
1584 3324 1813 3371 dedissent
1847 3323 1935 3386 ipsi
1972 3323 2027 3369 ad
2063 3323 2359 3384 gustandum;

324 3470 344 3497 ²
373 3473 540 3514 Nescio
570 3473 650 3514 ubi
679 3474 874 3517 dicatur.
989 3475 1006 3502 ⁵
1035 3477 1127 3519 Hei
1157 3477 1289 3529 mihi,
1330 3476 1479 3530 qualis
1520 3479 1641 3528 erat,
1685 3477 1904 3529 quantum
1941 3477 2142 3516 mutatus
2181 3475 2240 3515 ab
2279 3473 2359 3515 illo

213 3544 429 3584 Hectore.
469 3544 597 3596 Ver-9.
619 3544 731 3584 Aen.
753 3545 812 3585 ΙΙ.
834 3546 931 3586 274.
953 3559 1018 3600 sq.
1105 3546 1122 3573 8
1151 3545 1388 3601 iuvencus]
1420 3560 1504 3600 pro
1533 3547 1730 3588 iuvenis.
1806 3545 1825 3571 ⁹
1853 3545 1982 3587 labia
2010 3543 2109 3599 eta]
2140 3558 2199 3587 ex
2227 3546 2358 3598 quod-

217 3614 369 3656 libetis,
486 3610 521 3637 ¹³
550 3613 682 3666 illud]
715 3614 894 3656 Cantic.
918 3616 954 3657 Ι.
978 3616 1046 3656 14.
1163 3614 1197 3642 ¹⁵
1225 3615 1468 3671 Magister]
1503 3617 1565 3658 cf.
1586 3618 1671 3671 Ep.
1694 3617 1756 3658 ΙΙ.
1778 3615 1848 3657 23.
1963 3614 1999 3642 ¹⁸
2027 3628 2109 3670 pro
2138 3628 2210 3656 me
2241 3613 2356 3669 fero]

216 3698 293 3727 vor
320 3685 426 3725 mielz
454 3683 613 3737 brinye,
647 3684 901 3738 proficiam.
990 3685 1197 3740 Obstup.]
1231 3687 1293 3728 cf.
1315 3688 1400 3740 Ep.
1422 3688 1459 3727 Ι.
1483 3687 1552 3728 92.
1640 3685 1676 3712 ¹⁹
1706 3683 1898 3739 Fessus]
1933 3684 2253 3738 „Conticuere
2287 3697 2358 3726 so-

217 3769 300 3810 por
328 3755 476 3797 fessos
509 3753 814 3807 conplectitur
846 3757 1009 3798 artus”.
1048 3757 1175 3808 Ver-9.
1199 3756 1314 3797 Aen.
1334 3757 1394 3796 11.
1417 3756 1514 3798 253.
1610 3755 1647 3782 ²³
1677 3755 1806 3810 illud]
1838 3758 1953 3798 Hor.
1975 3755 2058 3796 od.
2078 3755 2116 3795 Ι.
2139 3754 2206 3808 12,
2217 3762 2273 3798 47.
2289 3767 2355 3809 sq.

217 3823 255 3852 ²⁴
284 3828 421 3867 sterc.
442 3838 553 3866 mur.
576 3825 658 3867 int.
678 3822 789 3878 pip.]
825 3824 1096 3866 Germanice
1127 3826 1425 3867 Moeusedreck
1453 3828 1542 3867 und
1570 3827 1820 3869 Goriander.
1927 3823 1963 3852 ³¹
1993 3824 2135 3866 lutem
2161 3838 2197 3866 s.
2228 3824 2357 3867 luten

217 3896 315 3936 edd.
401 3893 439 3921 ³⁵
467 3893 597 3950 illud]
633 3895 745 3936 Hor.
770 3898 854 3935 art.
877 3899 998 3948 poet.
1019 3895 1060 3940 5,
1146 3893 1182 3919 ⁴¹
1212 3895 1310 3948 ipse
1341 3898 1408 3936 ed.
1438 3909 1474 3936 s.
1497 3910 1538 3937 α.
