2456 4264
227 227 344 285 134
512 250 606 279 10A.
630 250 947 279 PEPERICORNI
970 249 1202 279 DEFENSIO
1226 248 1408 278 CONTRA
1432 247 1644 277 FAMOSAS
1667 249 1710 278 Ο.
1732 250 1776 279 V.
1800 248 2070 281 EPISTOLAS.

217 382 391 442 ficari,
434 381 581 441 idque
622 394 718 442 pro
763 381 916 428 veteri
951 380 1081 428 inter
1109 392 1197 427 nos
1229 378 1701 440 predecessoresque
1737 382 1926 427 nostros
1970 383 2118 439 atque
2147 392 2228 427 eos
2261 381 2369 428 sin-

217 468 391 528 qulari
420 464 777 514 necessitudine
805 463 1019 511 libellum
1047 464 1452 525 prenominatum
1484 476 1581 523 per
1614 463 1812 523 sinqula
1842 462 1973 522 folia
2006 464 2191 512 notarii
2217 466 2375 513 nostri

221 564 372 599 manu
404 549 763 610 subsiqnatum‚
804 547 1095 607 quibusdam
1131 561 1197 595 ex
1230 546 1574 609 confratribus
1609 547 1788 595 nostris
1823 547 2146 605 visitandum,
2194 550 2370 609 leqen-

222 636 336 683 dum
361 610 844 691 examinandumque
876 631 1202 680 commisimus
1236 637 1284 680 et
1319 631 1498 680 deinde
1534 632 1632 692 ipsi
1666 643 1857 692 quoque
1891 644 2056 680 omnes
2077 626 2179 680 una
2204 633 2373 682 eodem

220 720 270 766 in
307 720 411 767 loco
446 717 757 777 conqreqati‚
806 729 907 776 qua
933 716 1183 776 potuimus
1216 716 1474 776 viqilantia
1513 716 1812 763 visitavimus
1858 720 1906 763 et
1950 717 2229 777 releqimu3‚
2262 719 2408 766 sin-5

218 804 338 863 qula
376 801 602 862 diliqenti
634 801 865 849 examine
898 800 1274 862 perpendentes.
1352 799 1494 857 Quod
1537 799 1734 860 quidem
1767 813 1880 849 cum
1913 799 2215 863 faceremus,
2253 803 2374 850 uni-

220 886 436 935 corditer
465 886 762 946 censuimu8‚
801 885 1016 938 libellum
1053 886 1212 947 ipsum
1247 886 1401 933 variis
1436 884 1691 933 erroribus
1726 888 1777 933 et
1804 885 2153 934 assertionibus
2188 887 2240 935 in
2272 887 2374 946 fide

219 984 316 1019 non
346 984 534 1033 parum
571 970 808 1031 suspectis
838 971 1033 1032 passim
1066 983 1168 1018 esse
1209 982 1491 1030 respersum
1537 972 1585 1017 et
1630 969 1859 1030 inprimis
1903 972 2156 1031 pertinaci
2185 970 2374 1031 Iudeo—

212 1055 331 1105 'rum
358 1055 568 1117 perfidie
598 1036 926 1104 consentanea
961 1055 1228 1103 continere.
1302 1054 1520 1115 Ideoque
1556 1054 1868 1103 concorditer
1903 1055 2223 1116 unanimique
2256 1056 2374 1116 suf-

215 1140 416 1200 fraqio‚
456 1144 654 1187 matura
691 1139 1043 1188 deliberatione
1076 1141 1283 1201 previa,
1324 1139 1653 1188 iudicavimus
1690 1139 1904 1188 libellum
1950 1153 2048 1188 non
2080 1141 2235 1188 solum
2267 1129 2373 1191 esse
2391 1158 2432 1191 ιο

220 1224 543 1274 reiiciendum
579 1237 642 1273 ac
677 1224 1063 1288 reprobandum,
1096 1225 1346 1285 ipsiusque
1382 1236 1524 1273 usum
1550 1224 1770 1273 omnibus
1799 1223 2132 1286 inhibendum,
2169 1238 2372 1275 verum—
2450 1244 2453 1247 ·

219 1311 367 1358 etiam
402 1313 548 1358 totum
577 1310 684 1369 iqni
716 1309 1055 1372 exurendum,
1103 1314 1157 1357 ut
1191 1322 1419 1358 errorum
1456 1309 1610 1370 ipsius
1654 1302 1798 1358 nulla
1844 1309 2002 1358 radix
2037 1314 2207 1371 exstet,
2239 1312 2372 1360 unde

217 1395 375 1443 eidem
415 1394 575 1443 denuo
618 1396 872 1455 pullulare
915 1395 1121 1455 possint.
1195 1394 1261 1442 In
1307 1394 1481 1442 horum
1532 1398 1696 1443 autem
1731 1395 2053 1444 testimonium
2087 1397 2374 1446 curavimus

218 1478 352 1527 hanc
391 1485 610 1527 nostram
651 1480 939 1528 sententiam
978 1492 1065 1527 seu
1109 1480 1466 1528 conclusionem
1502 1492 1602 1540 per
1647 1480 1896 1528 notarium
1942 1485 2163 1529 nostrum
2209 1481 2374 1530 libello

208 1563 440 1624 predicto
469 1563 678 1627 ascribi,
716 1577 778 1612 ac
813 1563 970 1611 eidem
1000 1562 1226 1623 Siqillum
1265 1576 1360 1624 quo
1400 1565 1451 1612 in
1486 1563 1722 1612 similibus
1757 1565 1944 1614 utimur
1973 1578 2069 1627 per
2109 1566 2370 1616 cordulam
2389 1582 2430 1616 1⁵

219 1647 453 1709 appendi.
527 1647 709 1696 Datum
745 1647 969 1695 Lovanii.
1006 1647 1148 1696 Anno
1183 1647 1283 1696 dni.
1312 1648 1565 1696 M.D..r111.
1597 1648 1783 1697 Mensis
1806 1648 1932 1698 Iulii
1959 1659 2145 1697 XXVIII.
2185 1664 2371 1700 memo·
2413 1677 2416 1680 ⁴

217 1737 326 1781 rato
361 1733 522 1793 siqillo
554 1736 718 1781 nostro
754 1733 806 1780 in
838 1733 1158 1781 testimonium
1188 1734 1544 1795 premissorum
1579 1733 1657 1782 his
1692 1746 1926 1796 appenso.
1989 1731 2011 1802 ΙΙ

141 1884 197 1935 &b
474 1886 516 1933 (Ι
554 1885 1273 1946 Sententia'facultatis
1309 1888 1664 1949 theoloqice
1700 1889 1901 1939 studii
1931 1889 2119 1940 Colo-

468 1972 703 2020 niensis
728 1976 950 2020 contra
974 1973 1292 2033 speculum
1316 1974 1574 2021 oculare
1591 1973 1854 2022 Ioannis
1873 1974 2119 2025 Reuch-

771 2057 864 2104 lin
900 2058 1014 2117 iqne
1049 2056 1432 2106 comburendum
1460 2059 1818 2119 pronunciata.
2386 2074 2430 2107 20

355 2168 397 2216 (Ι
439 2167 688 2217 Universis
719 2174 769 2217 et
802 2170 1011 2230 sinqulis
1043 2175 1298 2232 presentes
1333 2172 1527 2220 litteras
1572 2176 1768 2222 nostras
1810 2175 2012 2234 visuris,
2063 2177 2264 2225 lecturis
2298 2179 2374 2226 vel

215 2253 477 2302 audituris.
552 2254 784 2302 Becanus
822 2253 1088 2314 facultatis
1133 2269 1278 2316 sacre
1324 2256 1563 2317 theoloqie
1612 2257 1820 2319 insiqnis
1854 2259 2187 2321 universitatis
2221 2262 2374 2311 studii

216 2337 512 2386 Coloniensis
546 2341 791 2400 ceterique
828 2340 1061 2395 doctores>
1079 2345 1127 2389 et
1163 2342 1392 2401 maqistri
1422 2342 1474 2390 in
1509 2341 1683 2392 eadem
1715 2342 1965 2402 facultate
2001 2349 2117 2394 actu
2147 2352 2371 2407 repentes

214 2422 543 2483 obsequiosam
577 2425 1100 2474 recommendationem
1137 2438 1200 2474 ac
1237 2427 1446 2474 salutem
1480 2427 1532 2475 in
1567 2427 1777 2477 domino.
1856 2427 2068 2478 Tametsi
2103 2432 2370 2480 universa-

213 2508 325 2555 liter
362 2509 519 2568 quivis
566 2522 679 2558 vere
719 2509 1029 2559 Christianus
1062 2524 1128 2558 ex
1160 2510 1284 2570 fidei
1317 2511 1556 2571 catholice
1590 2514 1698 2562 zelo
1741 2517 1790 2561 et
1823 2513 1998 2562 christi
2029 2514 2147 2564 Iesu
2183 2516 2372 2566 domini
2383 2528 2427 2561 2⁵

214 2594 368 2639 nostri
393 2593 636 2642 charitate
671 2595 818 2643 etiam
855 2596 928 2643 ad
955 2597 1253 2656 sanquinem
1288 2608 1443 2656 usque
1476 2597 1528 2645 in
1565 2597 1733 2646 cordis
1766 2600 2065 2660 synceritate
2096 2602 2260 2662 operis
2282 2601 2370 2662 ef-

209 2675 497 2734 fectualiter
530 2679 828 2729 exhibitione
876 2685 927 2728 et
967 2681 1058 2740 vite
1101 2681 1379 2742 corporalis
1415 2681 1675 2744 dispendio
1711 2683 1923 2733 inimicis
1957 2697 2021 2733 ac
2055 2689 2369 2748 corruptori-—

215 2761 302 2808 bus
334 2762 457 2820 fidei
490 2769 807 2824 sacrosancte
853 2765 1082 2814 resistere
1121 2765 1295 2814 debeat
1338 2770 1387 2814 et
1429 2767 1694 2828 reluctari,
1727 2770 1977 2832 precipue
2023 2773 2186 2819 tamen
2223 2784 2369 2832 sacre

214 2845 448 2906 theoloqie
469 2847 856 2909 professoribus,
893 2850 1198 2910 eloquiorum
1225 2850 1503 2900 divinorum
1528 2853 1879 2903 tractatoribus
1903 2856 2159 2915 neqocium
2191 2856 2369 2905 huius·
2442 2900 2446 2905 .

214 2931 404 2979 cemodi
437 2933 692 2993 incumbit,
730 2939 973 2994 quatenus
1009 2940 1273 2983 armatura
1311 2936 1396 2984 dei
1427 2936 1602 2996 induti,
1639 2938 1824 2987 lumbos
1858 2939 2119 2988 charitatis
2146 2945 2195 2990 et
2229 2943 2426 2990 veri-3⁰

215 3016 328 3062 tatis
358 3018 630 3077 precincti,
670 3018 828 3067 lorica
866 3020 1052 3078 iusticie
1087 3020 1376 3068 circundati
1387 3059 1398 3080 ,
1436 3025 1571 3070 scuto
1602 3023 1727 3081 fidei
1756 3025 1961 3084 armati,
2007 3027 2161 3086 qalea
2194 3027 2368 3076 salutis

213 3101 431 3159 cooperti
464 3105 511 3148 et
545 3101 733 3163 bicipiti
766 3103 1073 3164 vibrantique
1100 3104 1274 3164 qladio
1309 3106 1446 3154 verbi
1473 3106 1557 3156 dei
1589 3109 1777 3169 muniti,
1811 3109 1883 3157 ad
1916 3110 2244 3160 reserandum
2275 3125 2366 3160 ve-

215 3183 332 3230 teris
357 3184 478 3243 leqis
502 3188 682 3246 typum,
715 3194 762 3235 et
795 3190 1076 3248 evanqelice
1113 3190 1333 3238 veritatis
1368 3193 1636 3241 misterium
1672 3194 1989 3243 inveniantur
2022 3195 2189 3245 idonei
2214 3203 2261 3245 et
2296 3197 2369 3245 ad

216 3267 539 3316 resistendum
563 3272 696 3319 omni
727 3272 934 3332 adverse
962 3275 1197 3335 potestati
1223 3278 1403 3335 parati
1424 3275 1674 3334 Quatenus
1701 3277 1884 3328 Christi
1915 3281 2177 3329 salvatoris
2212 3284 2370 3330 nostri
2413 3278 2426 3349 '7

212 3354 260 3398 et
296 3351 565 3413 orthodoxe
592 3356 716 3414 fidei
747 3359 1056 3407 inimicorum
1093 3361 1417 3418 emulatorum
1448 3367 1594 3423 atque
1622 3363 2066 3424 pseudodoctorum
2095 3367 2361 3427 molimina,
2378 3371 2421 3407 ³5

212 3449 410 3484 errores
443 3442 588 3498 atque
616 3447 864 3502 suspectas
899 3443 1152 3492 doctrinas
1190 3445 1252 3492 ab
1288 3459 1412 3494 area
1449 3449 1650 3507 ecclesie
1696 3448 2040 3498 doctrinaliter
2084 3450 2364 3510 definiendo
2443 3479 2446 3482 ·

216 3520 417 3568 valeant
447 3524 718 3584 extirpare.
794 3526 836 3572 (Ι
872 3527 976 3584 Quo
1012 3529 1150 3577 circa
1188 3529 1305 3578 dum
1352 3531 1540 3580 dudum
1585 3533 1776 3582 libellus
1816 3534 2021 3594 quidam
2059 3535 2168 3594 (cui
2194 3537 2363 3585 titulus

212 3605 405 3665 speculi
447 3608 664 3655 ocularis
710 3610 1020 3673 inscribitur)
1075 3613 1210 3661 nobis
1262 3615 1451 3663 oblatus
1493 3621 1541 3664 et
1583 3617 1656 3664 ad
1705 3619 2098 3668 examinandum
2147 3620 2363 3670 traditus

324 3841 360 3867 ³²
391 3844 678 3886 resarandum
711 3849 747 3886 1.
782 3848 1070 3889 reserandum
1102 3856 1166 3889 est
1195 3852 1237 3890 in
1271 3851 1446 3893 Orlwini
1474 3854 1825 3906 Prenolamentis.
