2456 4264
671 275 705 311 1.
728 279 955 310 mrumns
976 281 1143 312 mmm.
1230 277 1266 310 2.
1289 281 1520 311 mimmius
1542 282 1709 312 enarr.
2154 261 2173 317 l
2192 262 2267 319 87

106 410 294 479 gendo,
334 409 467 475 quod
505 409 635 460 istud
674 410 951 476 Epistolare
987 410 1275 460 Amicorum
1313 411 1530 476 Magistri
1570 411 1760 462 Ortvini
1798 428 1897 461 non
1936 421 2011 463 est
2047 395 2271 465 artificia·

106 495 216 548 liter
253 494 608 560 compositum,
647 496 761 560 quia
799 496 945 546 amici
970 494 1202 546 Iohannis
1227 495 1471 546 Reuchlin
1508 498 1559 546 in
1598 498 1694 547 vita
1732 513 1820 547 sua
1858 513 2110 563 nunquam
2138 516 2270 550 com-

105 585 350 649 ponerent
385 578 586 637 melius,
627 581 773 630 etiam
812 580 853 629 si
891 579 1132 631 deberent
1168 581 1382 645 perdere
1409 582 1564 646 capit-a
1592 598 1703 639 sua;
1744 583 1841 633 Sed
1867 589 2131 650 propterea
2158 586 2270 643 dixi,

105 666 216 733 quia
241 663 405 716 adhuc
429 669 596 715 tamen
623 664 975 716 excellentiora
1000 665 1188 716 habent
1212 673 1324 731 post
1360 682 1431 718 se.
1505 667 1566 716 Et
1603 668 1796 718 favente
1835 669 1927 719 deo
1965 685 2113 735 spero
2141 671 2270 736 quod

68 749 379 806 uidebimus
414 749 677 815 magnalia.
753 749 880 808 Quia
915 750 1150 814 Magister
1177 750 1410 801 Ortvinus
1448 766 1548 801 non
1576 758 1717 802 curat
1741 753 1803 804 de
1830 756 2081 820 pomposis
2106 755 2271 814 titulis,

102 835 167 889 Et
199 849 320 901 ergo
358 836 432 886 sic
470 835 614 886 dicit:
667 835 921 887 ‘Dominus
959 835 1249 886 illuminatio
1288 852 1397 886 mea
1437 842 1535 893 est,
1589 842 1636 886 et
1674 836 1806 887 salus
1844 854 1976 895 mea,
2029 855 2175 904 quem
2213 841 2272 889 ti-

106 919 285 974 mebo’.
358 920 482 980 Quia
520 922 612 971 scit
649 921 781 987 quod
819 920 1113 971 minorando
1152 936 1232 980 se,
1271 920 1594 971 maiorabitur
1632 919 1763 972 olim.
1840 922 1960 972 Nam
2001 924 2118 973 dicit
2153 926 2273 974 scri-

104 1010 274 1072 ptura:
323 1005 435 1066 ‘Qui
481 1021 535 1055 se
586 1004 791 1064 exaltat,
843 1004 1220 1056 humiliabitur’.
1294 1006 1354 1055 Et
1401 1005 1579 1070 legitur
1629 1005 1964 1056 Ecclesiastici
1993 1027 2120 1057 ‚xx.:
2175 1009 2275 1059 ‘Est

104 1095 308 1158 propter
354 1089 560 1156 gloriam
598 1092 887 1146 minoratio,
940 1096 989 1141 et
1035 1096 1111 1140 est
1155 1091 1239 1157 qui
1286 1090 1348 1140 ab
1386 1089 1660 1141 humilitate
1698 1091 1882 1141 levabit.
1920 1091 2098 1157 caput’.
2174 1092 2275 1158 Hec

49 1174 439 1243 ”prophetizata
477 1182 595 1226 sunt
629 1191 721 1242 per
758 1175 1059 1242 Prophetam
1097 1175 1239 1226 Naim
1279 1176 1528 1226 dicentem
1578 1182 1643 1224 ‘et
1688 1176 1915 1226 inimicos
1963 1178 2070 1226 eius
2107 1192 2274 1241 perse-

103 1265 318 1336 quentur
352 1255 593 1326 tenebre’.
668 1260 810 1315 Tunc
848 1273 942 1324 ego
979 1273 1081 1310 non
1119 1259 1289 1311 volens
1327 1260 1459 1326 quod
1498 1260 1741 1311 deberent
1786 1261 1894 1311 fieri
1940 1262 2148 1320 inimici,
2199 1263 2274 1312 vel

37 1392 40 1393 γ
104 1345 236 1412 quod
275 1358 403 1397 unus
441 1361 617 1397 eorum
656 1344 861 1396 deberet
897 1345 1021 1395 mihi
1058 1346 1227 1404 irasci,
1277 1347 1319 1395 si
1358 1346 1575 1397 dicerem
1616 1351 1686 1396 ‘tu
1722 1344 1799 1396 vel
1836 1346 1890 1396 tu
1928 1346 2153 1397 subtilior
2191 1349 2274 1406 es’,

104 1429 308 1496 allegavi
343 1431 604 1482 Horatium
650 1432 700 1481 in
750 1446 852 1482 uno
890 1445 1040 1497 passu
1080 1432 1166 1497 qui
1206 1431 1349 1480 dicit:
1399 1430 1476 1480 ‘Et
1523 1431 1686 1481 adhuc
1733 1430 1824 1481 sub
1874 1431 2034 1481 iudice
2072 1431 2132 1481 lis
2170 1432 2273 1483 est'.

109 1515 358 1568 ‘Scribens
395 1517 527 1567 enim
565 1516 781 1569 scribam
819 1517 1054 1582 Magistro
1094 1515 1324 1574 Ortvino‚
1373 1516 1505 1581 quod
1557 1517 1687 1567 dicat
1723 1516 1843 1566 mihi
1882 1518 2139 1567 rationem.
2216 1518 2276 1566 Et

36 1597 90 1651 'ts
106 1616 226 1667 ergo
262 1603 477 1667 parcatis
513 1602 658 1661 mihi,
707 1603 840 1668 quod
879 1603 972 1653 feci
1010 1601 1148 1652 vobis
1186 1600 1493 1653 molestiam'.
1570 1602 1628 1652 Et
1666 1601 1736 1651 sic
1774 1617 1872 1650 non
1913 1603 2276 1653 contenderunt

101 1685 333 1753 ampliuS,
381 1689 606 1754 quamvis
642 1688 874 1756 Magister
910 1686 1232 1737 Bernhardus
1282 1687 1492 1745 diceret,
1543 1687 1676 1752 quod
1723 1685 1868 1737 vellet
1915 1687 2166 1752 disputare
2216 1689 2274 1737 ad

99 1773 283 1838 ignem,
321 1773 453 1839 quod
490 1773 586 1839 hec
624 1780 699 1824 est
735 1773 901 1839 opinio
938 1778 1115 1822 vestra.
1179 1772 1338 1836 Erg0‚
1379 1771 1576 1822 domine
1615 1771 1831 1829 Ortvine,
1872 1786 1996 1835 rogo
2035 1787 2119 1821 vos
2156 1775 2276 1822 ami-

103 1855 300 1915 caliter,
350 1859 584 1923 quatinus
620 1857 777 1909 velitis
823 1857 944 1907 mihi
991 1857 1324 1929 respondere,
1374 1857 1492 1922 quid
1539 1862 1703 1907 tamen
1751 1856 1992 1906 habuistis
2041 1862 2152 1907 ante
2191 1873 2275 1906 vos

99 1941 395 1993 intitulando
432 1942 553 1994 illud
590 1942 867 2008 Epistolare
905 1941 1138 2007 ‘Epistole
1177 1941 1516 1993 Obscurorum
1554 1939 1832 1993 Virorum’?
1878 1941 1939 1991 Et
1971 1943 2041 1991 sic
2079 1941 2275 1992 valeatis

39 2040 220 2079 usaue
258 2033 308 2078 et
344 2043 458 2078 cum
494 2027 701 2078 honore.
777 2028 954 2078 Datum
992 2028 1042 2077 in
1070 2028 1214 2078 Curia
1252 2027 1489 2077 Romana.

1159 2236 1213 2295 2.

783 2364 826 2413 (1
874 2354 1272 2416 Iohannes
1321 2350 1592 2434 Grapp

856 2467 1189 2536 Magistro
1228 2466 1524 2519 Ortvino

103 2579 322 2633 Salutem
360 2581 639 2633 Cordialem
680 2599 792 2633 cum
833 2582 985 2632 multa
1024 2582 1288 2633 dilectione
1326 2587 1464 2664 optat
1501 2596 1724 2645 semper,
1777 2587 1824 2630 et
1874 2581 2186 2630 commendat
2223 2597 2275 2630 se

45 2661 339 2733 ”tanquam
375 2666 612 2718 humilem
650 2669 960 2727 servitorem,
999 2668 1176 2718 Frater
1215 2673 1264 2717 et
1290 2659 1555 2732 preceptor
1581 2665 1776 2723 dilecte,
1818 2664 1940 2722 Quia
1968 2680 2126 2730 nuper
2153 2666 2275 2714 scri-

100 2750 263 2818 petatis
298 2751 444 2812 mihi,
494 2753 629 2818 quod
677 2752 839 2805 debeo
885 2752 1027 2803 vobis
1073 2752 1226 2804 semel
1278 2767 1431 2803 unum
1483 2751 1729 2801 dictamen
1767 2766 1856 2800 seu
1893 2748 2164 2814 Epistolam
2203 2750 2274 2799 vel

101 2835 309 2889 Carmen
347 2838 608 2889 metricum
645 2838 895 2897 scribere,
946 2838 1081 2904 quod
1126 2838 1332 2903 potestis
1382 2837 1549 2887 videre
1605 2835 1719 2901 quid
1760 2835 1907 2885 didici
1944 2850 1971 2884 a
2011 2834 2148 2883 vobis
2185 2835 2275 2884 Co-

100 2921 230 2989 lonie
277 2930 328 2974 et
363 2923 649 2989 Daventrie,
700 2924 750 2973 in
798 2924 1086 2989 despectum
1125 2923 1355 2972 lobannis
1399 2919 1666 2977 Reuclilin‚
1714 2926 1763 2970 et
1810 2918 2274 2976 Reuclilinistaruin,

104 3008 187 3074 qui
223 3013 340 3059 sunt
374 3008 559 3059 inimici
600 3010 767 3060 vestri:
817 3010 992 3060 Sciatis
1043 3008 1175 3073 quod
1219 3008 1311 3058 feci
1350 3007 1668 3070 diligentiam.
1746 3005 1805 3053 Et
1842 3005 1980 3053 mitto
2023 3003 2158 3053 vobis
2198 3003 2276 3052 hic

46 3102 250 3143 tunam
288 3091 554 3158 Epistolam
582 3093 907 3145 Carminalem
945 3109 1036 3144 seu
1075 3099 1354 3151 metrosam,
1395 3093 1521 3141 sicut
1557 3095 1672 3140 sunt
1697 3087 1912 3152 Epistole
1953 3087 2122 3146 Ovidii,
2163 3089 2274 3152 quia

101 3179 204 3230 scio
253 3177 386 3245 quod
433 3178 647 3231 libenter
695 3180 854 3245 legitis
901 3186 1058 3230 metra
1111 3194 1258 3244 quarn
1307 3177 1547 3243 prosaica.
1623 3173 1716 3223 Sed
1758 3173 1945 3223 debetis
1984 3171 2274 3222 emendare:

101 3261 223 3323 Quia
260 3278 360 3315 non
401 3270 476 3317 est
512 3265 785 3332 discipulus
823 3280 972 3329 super
1000 3264 1303 3328 Magistrum.
1383 3261 1442 3310 Et
1479 3259 1669 3311 debetis
1707 3258 1971 3315 scandere,
2012 3257 2136 3317 Quia
2175 3272 2273 3306 non

101 3360 210 3399 sum
246 3348 409 3401 adhuc
445 3349 574 3401 bene
611 3351 819 3401 usitatus
858 3351 904 3399 in
945 3348 1026 3399 tali
1067 3355 1188 3398 arte.

211 3574 231 3603 ²
259 3577 450 3619 Ioannis
481 3582 521 3619 5.
610 3576 627 3601 ³
660 3606 671 3617 .
696 3576 786 3618 Sed
818 3581 858 3617 5.

212 3645 251 3674 ⁸⁸
281 3649 496 3691 semitozf:
527 3648 674 3689 frater
706 3650 799 3689 45.
915 3645 952 3672 ²⁸
983 3646 1173 3686 Ioannis
1204 3648 1245 3688 5.
1362 3642 1399 3670 2'
1434 3675 1445 3687 .
1468 3642 1641 3684 Sciatis
1676 3644 1769 3683 40¹5.
1867 3639 1900 3667 ⁸¹
1936 3640 2137 3681 libenter
2169 3639 2273 3690 (non

102 3713 342 3773 libentius)
374 3722 468 3763 4.5.
559 3716 597 3744 ⁸²
629 3748 640 3759 .
665 3718 788 3770 Quia
818 3722 859 3760 5.
893 3716 1141 3771 discipulos
1173 3718 1214 3756 4.
1306 3746 1317 3758 .
1341 3714 1462 3766 Quia
1493 3718 1533 3755 5.
