2456 4264
9 292 16 354 ζ
106 305 363 346 nulnum,
382 303 575 344 Ausum,
597 303 830 334 GRBGORH
852 300 1086 333 cAR'ruvs.
1110 303 1172 332 An
1193 302 1366 332 CAESAR.
1390 303 1620 335 LITTERAE.
1641 303 1854 337 Planum.
1877 306 2048 340 ADNOT.
2101 283 2215 341 107

46 439 310 496 victis'sime
338 435 548 495 Cesar-ee
582 435 854 496 maiestati,
900 433 1006 483 Sed
1047 437 1096 482 et
1132 434 1277 481 totius
1315 445 1461 492 sacre
1494 433 1620 492 fidei
1655 435 1937 498 Christiane
1971 441 2115 502 apud
2140 444 2219 490 le-

0 523 1 571 }
26 519 181 590 tm,
214 533 398 589 vanum
426 533 490 569 ac
526 520 932 582 contemptibilem
959 517 1231 578 Iudeorum
1266 520 1537 582 populum,
1589 519 1733 570 haud
1773 523 1975 573 dubium
2011 526 2216 586 confor-

0 599 19 634 ἶ
35 615 179 661 >caet
226 606 511 656 huiusmodi
550 606 834 654 intercessio
875 605 929 653 in
983 617 1078 654 sua
1124 603 1367 653 obstinata
1414 605 1619 664 cecitate
1665 605 1789 656 Eius
1835 614 2000 659 autem
2040 625 2222 673 perse-

45 694 218 759 quutio
250 694 356 742 sine
397 692 534 740 omni
574 691 864 751 hesitatione
911 689 1232 752 omnipotenti
1276 689 1370 738 deo
1412 691 1704 750 cratissima
1750 691 2023 745 cumulabit
2063 697 2222 746 eidem

170 788 173 790 ·
243 777 455 838 Cesaree
493 761 743 825 maiestati-
782 780 1005 836 eternum
1050 780 1100 824 et
1143 775 1538 824 incommutabile
1570 778 1818 838 premium
1863 781 1916 828 in
1962 783 2222 841 eternitate

53 878 60 893 ‹
132 886 141 909 .‹
214 884 217 888 ,
271 882 306 907 ἰ
326 864 448 924 tque
482 862 645 911 eidem
678 861 934 911 victoriam
969 865 1146 910 contra
1181 861 1406 910 inimicos
1439 873 1554 909 suos
1589 862 1642 909 in
1680 867 1910 925 tempore,
1949 865 2222 929 bonamque

47 926 246 1015 famam
278 949 331 998 in
363 952 660 1011 perpetuum
698 946 842 1009 apud
875 946 1109 995 homines.

716 1031 1037 1081 Hieronimus
1060 1031 1124 1080 de
1145 1031 1364 1080 leonibus
1393 1029 1555 1080 dictus
1573 1030 1828 1081 baldunclc
1844 1047 1991 1094 sacre
2010 1035 2151 1084 theo—

646 1117 775 1178 loyie
807 1115 1077 1179 professor
1112 1117 1296 1165 artium
1332 1121 1381 1164 et
1403 1116 1770 1166 medicinarum
1796 1118 1968 1169 doctor
1994 1119 2151 1180 Cesa-

644 1203 718 1251 ris
751 1203 1070 1251 consiliarius
1105 1214 1169 1251 ac
1213 1202 1513 1264 apostolicus
1548 1202 1956 1264 prothonotarius
1998 1219 2152 1254 manu

633 1288 859 1350 propria
895 1287 1111 1349 scripsit.
2060 1350 2064 1353 .

716 1371 936 1433 Anyelus
953 1408 964 1419 .
983 1386 1032 1420 u.
1059 1373 1186 1421 iuris
1211 1372 1383 1421 doctor
1402 1370 1543 1433 Alme
1567 1374 1901 1424 universitatis
1923 1375 2150 1433 Fribur-

638 1443 809 1520 oensis
841 1458 1135 1507 ordinarius
1166 1448 1321 1507 lector
1356 1471 1511 1507 manu
1539 1461 1760 1522 propria
1795 1462 2009 1523 scripsit.

717 1544 873 1593 Pater
909 1543 1181 1605 Greqorius
1207 1545 1355 1606 prior
1390 1545 1564 1593 domus
1600 1545 1965 1596 Cartbusiensis
1992 1561 2154 1609 prope

595 1630 597 1632 ’
644 1630 1035 1691 Friburqensem
1070 1630 1315 1679 civitatem
1349 1643 1504 1679 manu
1535 1633 1757 1694 propria
1793 1633 2009 1695 scripsit.
2037 1628 2058 1701 ΙΙ

0 1871 35 1960 '.
48 1878 116 1940 ac
151 1889 342 1940 ‘inutilis
376 1892 610 1952 reputata
623 1926 635 1949 ,
685 1887 869 1937 Verum
904 1899 1014 1936 eam
1050 1886 1113 1936 de
1149 1888 1363 1936 articulo
1404 1887 1478 1936 ad
1509 1890 1776 1938 articulum
1813 1892 2230 1952 transposuerunt

0 1954 8 1977 '¹
46 1992 82 2016 .’
127 1988 241 2024 eam
272 1974 444 2037 dicitis
473 1973 825 2023 scandalosam
862 1972 1172 2022 indicarunt.
1242 1971 1310 2021 Et
1339 1974 1391 2021 in
1429 1973 1577 2022 huius
1614 1975 1967 2024 testimonium:
2014 1976 2227 2025 habetur

39 2078 71 2104 ιι
130 2061 359 2110 articulis
386 2059 630 2109 Ioannem
657 2058 906 2108 Reuehlin
942 2071 1005 2107 ea
1042 2072 1136 2120 que
1170 2059 1318 2107 annis
1353 2061 1544 2107 exactis
1564 2060 1767 2108 cuidam
1793 2059 1945 2109 nobili
1966 2060 2030 2109 de
2054 2060 2227 2121 Iudeis

45 2207 49 2210 ,
64 2165 100 2190 «1
152 2149 342 2196 uestus
374 2146 462 2207 sit,
497 2146 756 2207 scripsisse
791 2148 1070 2193 atramento
1106 2145 1278 2205 niqro,
1315 2142 1418 2194 Illa
1454 2149 1617 2194 autem
1649 2159 1743 2210 quc
1773 2159 1906 2195 nunc
1928 2159 2030 2208 pro
2053 2145 2228 2207 Iudeis

0 2215 2 2236 ¹
65 2252 99 2273 »ι
127 2255 129 2259 ·
223 2231 429 2292 laverit,
461 2232 723 2293 scripsisse
755 2234 1035 2280 atramento
1067 2229 1236 2279 rubeo.

886 2358 930 2407 (Ι
977 2333 1146 2407 Nota·
1183 2359 1391 2408 lector

163 2473 238 2525 -ί
279 2471 440 2525 Unam
463 2471 747 2546 falsitatem
787 2477 838 2523 et
879 2473 1133 2538 sinistram
1168 2471 1629 2522 Reucltlinistarum
1671 2474 2048 2536 persuasionem
2061 2511 2074 2535 ‚
2124 2489 2224 2537 qua

127 2582 137 2606 t
164 2583 168 2588 ,
215 2561 359 2611 dolor
392 2561 538 2610 multi
567 2559 684 2609 boni
716 2558 992 2609 Christiani
1017 2560 1197 2608 misere
1241 2558 1439 2620 decepti
1479 2563 1609 2607 sunt.
1679 2559 1797 2622 Ipse
1843 2561 1974 2610 enim
2008 2560 2227 2611 Ioannes

247 2647 301 2697 in
331 2659 432 2696 non
467 2645 665 2697 erubuit
699 2646 891 2704 dicere,
933 2644 1070 2707 quod
1110 2644 1420 2694 Colonienses
1454 2657 1552 2694 non
1583 2645 1942 2696 intellexissent
1973 2649 2227 2710 speculum

82 2791 85 2793 Α
233 2733 442 2784 oculare
493 2730 846 2782 Theutonicum
881 2736 942 2782 >et
980 2735 1255 2794 propterea
1297 2731 1520 2793 ipsorum
1566 2731 1806 2781 iudicium
1861 2746 1966 2783 esse
2019 2735 2225 2786 nullum.

76 2845 81 2859 κ
136 2848 140 2850 -
222 2818 416 2882 aperite
451 2820 619 2868 oculos
650 2819 825 2868 mentis
861 2824 1033 2877 vestre,
1076 2831 1105 2866 o
1132 2829 1216 2866 vos
1240 2815 1526 2878 Christiani,
1564 2822 1614 2866 et
1645 2818 1941 2883 intueamini
1971 2821 2226 2870 veritatem

134 2903 326 2956 maristo
350 2902 526 2962 Ihesu,
559 2905 649 2966 qui
668 2917 758 2954 nos
779 2903 991 2953 redemit
1024 2904 1270 2965 sanquine
1305 2916 1394 2952 suo
1426 2904 1669 2965 precioso.
1739 2905 1898 2965 posito
1935 2917 2060 2954 casu
2095 2905 2230 2966 quod

154 3008 163 3030 ν
233 3029 237 3032 .
324 3001 363 3040 s
394 3003 495 3040 non
530 2991 887 3040 intellexissent
930 2988 1281 3039 Theutonicum
1317 2989 1475 3051 ipsius
1509 2990 1933 3050 superioristicum
1944 3026 1959 3053 ‚
2005 2990 2061 3038 id
2095 2991 2230 3051 quod

172 3111 177 3117 -
267 3077 321 3127 in
364 3089 418 3127 se
446 3074 779 3137 salsissimum
816 3081 911 3137 est,
959 3081 1059 3126 tres
1104 3080 1268 3125 tamen
1314 3075 1392 3125 illi
1434 3073 1716 3136 dionissimi
1743 3078 1792 3123 et
1823 3074 2093 3124 doctissimi
2130 3076 2230 3124 viri

69 3216 100 3235 ,ι
183 3231 187 3234 ⁷
236 3162 290 3212 in
324 3160 535 3211 diversis
563 3160 897 3221 facultatibus
924 3163 1085 3225 periti
1114 3160 1466 3211 Theutonicum
1501 3159 1631 3209 illud
1654 3161 1833 3221 optime
1858 3160 2225 3224 intellexerunt,

89 3279 92 3287 a
121 3273 126 3281 =
173 3259 273 3298 non
306 3249 360 3297 in
390 3246 677 3306 Brabantia
713 3249 815 3298 sive
843 3247 1120 3298 Hollandia
1155 3252 1245 3297 aut
1279 3248 1331 3296 in
1378 3245 1687 3307 Westpltalia
1721 3259 1808 3294 seu
1844 3245 2074 3296 Francia
2104 3248 2225 3303 nati,

128 3353 130 3358 ’
180 3333 236 3385 in
261 3333 383 3384 loeis
408 3331 584 3395 Suevie
624 3335 798 3384 vicinis
835 3339 886 3383 et
920 3336 990 3384 ita
1027 3335 1184 3397 ipsius
1211 3333 1555 3395 conterranei‚
1591 3337 1638 3380 et
1666 3344 1858 3380 summa
1882 3332 1983 3394 ipsi
2008 3332 2228 3382 amicitia

202 3419 216 3431 ‘
284 3418 415 3469 Nam
450 3421 678 3481 requisiti
698 3434 797 3482 per
823 3419 1080 3479 Cesariam
1120 3420 1426 3468 maiestatem
1442 3452 1456 3481 ‚
1489 3418 1744 3467 veritatem
1780 3418 2093 3480 supprimere
2129 3430 2226 3466 non

168 3521 177 3537 Ι
261 3543 263 3546 s
298 3511 333 3555 t.
403 3504 512 3565 Hec
550 3510 668 3554 sunt
704 3506 963 3555 verissima
1009 3510 1058 3555 et
1093 3506 1236 3554 totius
1272 3505 1470 3565 neqocii
1502 3516 1584 3552 res
1611 3508 1762 3564 peste.
1830 3505 1883 3554 in
1915 3504 2225 3553 cancellaria

162 3611 170 3629 ν
212 3603 269 3652 ee
301 3589 583 3641 Maiestatis
633 3592 962 3641 continentur.
1041 3590 1207 3650 Quare
1241 3589 1332 3639 sub
1354 3589 1587 3652 periculo
1616 3590 1710 3651 vite
1743 3597 1791 3639 et
1827 3593 1981 3639 morte
2015 3588 2221 3650 publica

275 3690 365 3727 ero
390 3681 614 3739 paratus
650 3678 744 3726 ista
772 3676 1012 3740 probare.
1087 3676 1130 3726 (1
1161 3675 1287 3734 Item
1318 3675 1454 3737 quod
1491 3680 1591 3725 tres
1629 3676 1706 3725 illi
1737 3677 1838 3725 viri
1872 3675 2143 3724 doctissimi
2175 3678 2224 3721 et

157 3761 169 3772 '
194 3762 513 3825 superioriste
549 3767 699 3824 atque
734 3764 889 3825 ipsius
920 3763 1073 3812 amici
1101 3761 1362 3827 fecerunt,
1412 3761 1505 3811 hoc
1546 3761 1742 3822 factum
1783 3761 1889 3821 fuit
1923 3762 2221 3823 priusquam

236 3862 274 3897 s
291 3848 538 3898 Reucltlin
562 3843 704 3898 suum
728 3850 983 3912 speculum
1006 3851 1210 3898 oculare
1241 3846 1590 3897 Theutonicum
1617 3847 1838 3910 imprimi
1855 3845 1982 3905 fecit
2004 3850 2051 3893 ct
2076 3849 2221 3891 ante-

78 3932 87 3939 '
143 3958 149 3969 s
195 3956 199 3965 ‹
235 3936 577 3985 universitates
610 3949 663 3984 se
688 3936 1059 3997 interponerent
1082 3934 1149 3985 Et
1165 3939 1437 3996 propterea
1459 3934 1662 3995 scripsit
1683 3934 1734 3981 in
1760 3933 1958 3994 speculo
1983 3943 2072 3977 suo
2097 3942 2219 3976 ocu—

188 1802 235 1852 (
269 1801 346 1852 Ab
379 1803 485 1852 istis
513 1801 759 1865 predictis
795 1800 951 1850 tribus
983 1802 1277 1851 consultatio
1312 1799 1560 1852 Reuchlin
1590 1816 1688 1852 non
1718 1805 1875 1853 solum
1913 1808 1987 1854 est
2018 1805 2204 1855 reiecta
2220 1806 2337 1862 (nub)
