2456 4264
249 269 366 330 332
705 289 1086 321 naam-:nummum
1108 287 1409 317 onscvnonvu
1430 287 1639 316 vnzonvu
1661 270 1915 328 humans}

560 930 563 933 ,
645 871 1344 932 LAMENTATIONES
1405 871 1610 930 OBSC
1622 870 1828 929 VROR
1846 869 1974 928 VM.

1282 1121 1331 1179 1.

839 1259 882 1305 (Ι
926 1243 1153 1300 Simon
1189 1241 1796 1299 Lutzbubularius

797 1357 1026 1412 Ioanni
1058 1355 1562 1416 Peltzfliclcerio
1600 1354 1652 1404 S.
1682 1355 1738 1404 P.
1767 1355 1828 1403 D.

634 1471 746 1519 Heu
782 1484 932 1532 quam
957 1471 1203 1533 precipiti
1234 1483 1397 1519 mersa
1423 1469 1693 1531 profundo
2392 1466 2435 1503 ⁵³

636 1556 781 1604 Mens
816 1556 978 1616 hebet,
1019 1560 1066 1604 et
1091 1556 1314 1618 propria
1350 1556 1461 1604 luce
1496 1539 1692 1605 relicta⁴

640 1640 819 1690 Tendit
854 1643 907 1690 in
942 1645 1182 1690 externas
1217 1642 1293 1689 ire
1328 1641 1589 1690 tenebras!
2056 1703 2058 1705 ι
2399 1680 2402 1681 ⁷
2436 1683 2441 1687 >a

243 1728 355 1776 Heu
399 1740 475 1775 me
526 1727 783 1786 miserum,
841 1726 938 1776 heu
982 1739 1071 1775 nos
1116 1725 1369 1786 infelices,
1429 1739 1577 1788 quam
1624 1725 1837 1774 obscura
1883 1723 2011 1772 nube
2056 1724 2220 1771 nostri
2261 1722 2381 1770 cali·

240 1817 369 1874 qant
405 1813 559 1872 oculi,
601 1815 649 1859 et
682 1812 856 1860 mentis
891 1813 1036 1873 viqor
1080 1812 1339 1872 elanquit!
1387 1811 1559 1860 Gavisi
1591 1810 1789 1872 quidem
1824 1822 2024 1858 eramus
2060 1821 2151 1857 nos
2188 1807 2388 1858 obscuri

241 1899 396 1946 solum
420 1896 755 1956 Reuchliniste
790 1901 837 1945 et
871 1897 1089 1946 iucundo
1124 1909 1359 1945 manuum
1385 1897 1591 1958 plausu,
1633 1897 1908 1945 amicorum
1943 1898 2226 1944 nostrorum
2258 1906 2380 1954 qra-
2398 1886 2438 1938 'w‘

244 1982 532 2031 tutabamur
567 1982 802 2043 epistolis.
877 1980 981 2031 Sed
1014 1983 1179 2032 nescio
1217 1981 1330 2041 (hei
1361 1982 1502 2031 nobis
1537 1983 1728 2031 miseris
1739 1983 1783 2043 l)
1832 1981 1956 2042 quid
1991 1980 2267 2041 obstreperi
2299 1993 2382 2028 ru·

242 2068 396 2116 moris
442 2067 671 2116 excitare
715 2067 856 2116 nobis
900 2068 1135 2116 videatur
1171 2066 1457 2116 Zacharias
1501 2067 1706 2128 quidam
1754 2069 2080 2127 coqnomento
2126 2065 2378 2125 Lucensis,

243 2154 330 2202 cui
360 2152 484 2201 mihi
516 2165 678 2213 nuper
713 2154 1057 2214 responsiones
1092 2152 1340 2214 quasdam
1376 2154 1428 2201 in
1465 2157 1665 2202 nostras
1689 2152 1941 2214 epistolas,
1982 2150 2142 2200 Musis
2180 2150 2261 2209 (ni
2275 2148 2382 2220 fal·v
2407 2136 2425 2219 ,ζ’

243 2238 350 2298 lar)
389 2241 436 2285 et
471 2236 707 2298 Apolline
753 2238 963 2299 diqnas,
1004 2238 1262 2299 proximis
1296 2238 1432 2287 hisce
1467 2238 1638 2287 diebus
1673 2236 1975 2286 revidendas
2009 2236 2202 2285 misisti.
2277 2231 2404 2283 Mea

241 2323 338 2371 lius
372 2326 445 2370 est
480 2322 556 2370 ire
590 2335 725 2371 nunc
761 2323 833 2371 ad
868 2323 1065 2372 domum
1100 2324 1276 2384 luctus,
1317 2336 1467 2385 quam
1503 2323 1576 2385 ad
1610 2323 1806 2372 domum
1841 2321 2082 2371 convivii:
2118 2307 2436 2369 Lamenta-1⁵⁵

243 2406 459 2455 tionibus
495 2419 621 2468 opus
656 2411 728 2455 est
765 2407 1027 2469 (quantum
1064 2408 1188 2457 mihi
1219 2407 1390 2458 videre
1425 2409 1622 2470 videor)
1660 2421 1760 2458 non
1797 2407 2134 2466 exultatione,
2183 2405 2382 2468 lachry-

243 2492 359 2551 mis,
398 2504 498 2539 non
536 2491 741 2541 deorum
775 2493 902 2542 cibo.
986 2493 1177 2543 Vereor
1213 2494 1505 2556 admodum,
1554 2507 1617 2543 ne
1652 2493 1769 2543 dum
1804 2493 2052 2555 simplices
2087 2504 2150 2540 ac
2185 2488 2394 2554 synceri‘

248 2575 599 2635 Christilideles
623 2578 777 2638 plene
812 2579 912 2627 iam
947 2591 1128 2641 sapere
1162 2580 1387 2642 ceperint
1421 2584 1596 2628 nostra
1630 2579 1885 2643 mysteria,
1926 2590 2054 2639 quas
2089 2578 2183 2626 alii
2215 2562 2423 2650 nequii}

246 2662 367 2721 tias,
417 2662 513 2710 alii
554 2661 910 2724 blasphemias,
960 2664 1053 2712 alii
1094 2678 1214 2713 vero
1257 2665 1556 2713 nebulonum
1602 2665 1846 2714 versutias
1883 2663 2074 2722 (nescio
2111 2676 2208 2724 quo
2245 2660 2411 2711 ductis

244 2745 452 2807 spiritu)
490 2748 817 2807 appellitant:
852 2761 1029 2797 vereor
1063 2750 1292 2811 inquam,
1332 2763 1395 2798 ne
1429 2754 1479 2799 et
1512 2750 1590 2811 hi,
1642 2763 1850 2812 quorum
1888 2747 2183 2808 defensione
2217 2751 2265 2795 et
2300 2742 2432 2796 asss‘zo

245 2830 468 2879 sistentia
509 2826 582 2898 [in
617 2831 753 2882 hunc
789 2847 943 2895 usque
978 2835 1133 2895 diem,
1184 2830 1503 2902 nequiquam]
1541 2836 1757 2897 ,qloriati
1787 2848 1970 2894 sumus,
2011 2835 2063 2882 in
2100 2833 2380 2882 contraria-

247 2919 348 2963 tum
372 2916 508 2964 versi
529 2916 703 2966 Crucis
725 2919 921 2979 siqnum
959 2932 1021 2969 ac
1057 2921 1398 2982 indulqentias
1433 2915 1492 2988 [a
1527 2920 1667 2970 nobis
1701 2913 2003 2987 impiissime]
2041 2917 2399 2981 permerdari,

252 2998 491 3048 Tunicam
516 2999 632 3050 Iesu
670 3002 856 3052 Christi
878 3005 1224 3065 pediculosam
1260 3007 1552 3068 nuncupari
1583 3011 1779 3066 vestem,
1818 3005 2012 3066 Requm
2047 3016 2268 3065 corpora
2295 3002 2402 3051 Co-‘

248 3084 378 3141 lonie
412 3086 650 3147 reposita,
691 3093 739 3135 et
773 3090 974 3138 summis
997 3090 1268 3139 honoribus
1292 3104 1324 3139 a
1348 3091 1584 3140 maximis
1607 3091 1877 3152 quibusque
1902 3091 1954 3138 in
1977 3090 2190 3138 ecclesia
2214 3088 2378 3137 hacte-
2410 3097 2414 3100 ’

249 3182 343 3216 nus
366 3174 619 3231 venerata,
660 3173 815 3222 veluti
835 3175 1047 3223 rusticos
1071 3188 1138 3224 ex
1167 3176 1233 3224 W
1231 3177 1480 3239 estphalia
1503 3176 1680 3237 rideri,
1721 3180 1768 3224 et
1794 3177 1900 3224 alia
1924 3174 2003 3223 his
2026 3175 2210 3223 similia
2246 3171 2380 3221 tristi
2388 3176 2428 3212 ²⁶

250 3253 416 3301 animo
444 3252 615 3316 ferre,
670 3257 934 3319 detestari,
978 3262 1238 3322 persequi,
1288 3262 1552 3324 debitaque
1586 3261 1788 3310 tandem
1824 3259 2257 3309 animadversione
2292 3256 2398 3305 ad*

362 3416 376 3444 ¹
407 3418 480 3460 Sic
510 3422 605 3466 1.2.
624 3423 936 3478 inscriptionem
964 3427 1129 3479 habent,
1162 3442 1258 3478 non,
1288 3435 1334 3470 ut
1360 3431 1635 3479 recentiores,
1668 3441 1978 3471 onscunonmae
2007 3439 2244 3468 EPISTOLAE
2276 3436 2377 3485 ειη

251 3501 651 3534 ιΑΜΕΝΤΑΤΙοΝΕε.
763 3492 782 3519 ²
817 3496 875 3536 In
912 3501 1209 3552 antiquissimis
1245 3501 1404 3541 duobus
1440 3503 1642 3554 eoeemplz‘s
1680 3503 1840 3540 numeri
1872 3499 2045 3552 singulis
2082 3498 2270 3552 epistolis
2298 3509 2379 3538 non

244 3560 601 3613 praescribuntur,
640 3577 743 3617 quos
780 3578 838 3606 eoe
872 3570 1194 3618 recentioribus,
1235 3573 1416 3624 quamvis
1451 3572 1751 3613 sordidissimis
1787 3569 2098 3623 eoeemplaribus
2125 3570 2377 3610 retinuimus.

249 3630 324 3656 5···⁷
354 3631 506 3674 Boeth.
528 3646 642 3673 cons.
660 3635 762 3686 phil.
784 3635 820 3675 Ι.
842 3642 958 3677 metr.
981 3638 1022 3678 2.
1111 3638 1146 3664 ¹²
1174 3640 1264 3681 Pro
1294 3642 1545 3682 Zacharias
1654 3641 1821 3682 Melius
1857 3642 1901 3681 in
1931 3643 1973 3683 2.
1993 3641 2056 3681 sic
2085 3645 2174 3680 est:
2203 3631 2391 3680 nostra?
2442 3651 2456 3701 b,¹

250 3715 347 3743 rum
386 3702 673 3756 depromptor
717 3703 1095 3747 lamentationum
1125 3708 1264 3750 Saere
1310 3724 1391 3752 nos
1437 3711 1619 3764 fugiunt
1656 3724 1781 3751 muse
1812 3710 1972 3763 Apollo
2011 3710 2182 3751 deserit
2222 3707 2375 3750 Chari-

250 3777 320 3814 tes
359 3774 659 3815 detestantur.
688 3773 852 3815 Melius
880 3775 1034 3829 itaque
1067 3778 1198 3819 nobis
1283 3779 1523 3832 Zaechan]
1545 3780 1616 3820 Cf.
1640 3781 1762 3821 infra
1792 3794 1861 3833 ep.
1883 3779 2121 3821 Zachariae
2142 3777 2374 3820 Lucensis.
2440 3784 2444 3834 ξ

253 3842 336 3869 ΗΜΘ
357 3844 784 3885 Lamentationibus
806 3848 846 3887 1.
876 3846 1139 3889 Eiulatione
1170 3851 1212 3889 2.
1279 3848 1316 3875 ²3
1345 3861 1607 3903 nuncupare
1641 3853 1680 3892 1.
1747 3848 1783 3875 ²⁵
1812 3851 1902 3891 Pro
1931 3850 2057 3890 tristi
2165 3845 2376 3901 persequi
2440 3863 2443 3904 2

250 3916 294 3954 in
324 3917 365 3955 2.
396 3920 483 3956 est:
514 3944 526 3958 .
549 3928 655 3969 egre
685 3916 777 3957 sint
804 3916 958 3958 laturi.
992 3916 995 3918 ’
