2456 4264
238 252 262 309 1
282 253 355 309 10
523 275 617 303 ΙΟΔ.
641 271 959 302 ΡΕΡΕΒῘΟΟΒΝΙ
982 270 1213 299 DEFENSIO
1235 269 1417 298 CONTRA
1440 267 1651 296 FAuosAs
1674 268 1716 295 0.
1738 268 1783 297 V.
1806 265 2076 297 EPIS'POLAS.

232 411 332 457 lum
387 417 619 466 maqnum
674 403 906 450 bonorem
953 414 1016 448 ac
1057 400 1257 448 laudem
1273 417 1288 447 .·
1339 398 1447 445 Hoc
1490 397 1729 456 suscipiat
1767 409 1800 443 a
1839 407 1915 444 me
1954 399 2117 443 vestra
2164 394 2378 454 Cesarea

232 493 463 539 maiestas
504 490 555 536 in
599 486 774 533 bonam
811 490 1024 545 partem.
1101 484 1279 532 Datum
1319 484 1371 531 in
1403 481 1662 541 Moquntia
1700 481 1853 529 Feria
1899 481 2044 528 tertia
2084 484 2201 541 post
2245 479 2379 527 diem

234 575 524 623 Paschalem
595 569 738 617 Anno
775 574 877 616 .ΧΙ.

1296 650 1533 699 Obediens
1576 647 1711 697 Uriel
1745 647 2160 710 Archiepiscopus
2192 647 2309 696 Mo-

1404 735 1642 794 quntinus
1676 737 1725 781 et
1755 734 1936 782 elector
1966 733 2218 794 princeps.
2412 748 2443 780 s.

371 909 639 968 Postquam
679 905 937 967 predictas
983 904 1174 952 litteras
1208 901 1414 961 Cesaree
1450 903 1700 950 maiestati
1728 901 2042 962 presentavi:
2089 904 2206 949 tunc
2238 900 2380 949 dice-

231 996 378 1043 batur
422 992 545 1041 milii
581 990 819 1051 quomodo
849 988 1064 1037 Ioannes
1097 986 1341 1035 Reucblin
1387 991 1512 1034 esset
1554 987 1606 1034 in
1642 987 1788 1034 curia
1823 984 2153 1046 Imperatoris
2185 986 2380 1054 maenis

226 1076 527 1138 factionibus
555 1082 602 1124 et
639 1081 813 1124 contra
845 1086 921 1122 me
947 1074 1172 1134 qraviter
1207 1075 1332 1120 esset
1365 1075 1682 1131 conquestus,
1718 1083 1932 1132 sperans
1967 1083 2043 1117 me
2071 1069 2380 1130 puniendum

230 1165 282 1210 in
314 1175 523 1223 corpore
557 1165 605 1208 et
648 1161 771 1218 vita,
810 1163 1085 1220 propterea
1124 1156 1258 1217 quod
1290 1168 1432 1203 suam
1474 1155 1773 1204 iniusticiam
1819 1156 1872 1203 in
1916 1155 2146 1202 manuali
2181 1155 2380 1214 speculo
2405 1195 2408 1199 .
2432 1142 2456 1186 Ψ

230 1248 434 1295 veritate
454 1245 652 1307 publice
671 1244 1012 1293 correxissem.
1036 1242 1251 1302 Cumque
1269 1240 1486 1289 volebam
1504 1239 1680 1300 eqredi
1697 1238 1893 1299 Cesaris
1899 1240 2196 1300 pallacium,
2211 1243 2379 1298 presto
2399 1234 2441 1295 ,ῥ’

231 1336 378 1380 erant
406 1329 680 1378 venerandi
712 1341 774 1377 ac
807 1328 1059 1376 benedocti
1092 1327 1299 1385 domini,
1348 1325 1518 1374 doctor
1554 1323 1705 1372 Zobel
1739 1324 1860 1382 bone
1896 1324 2152 1384 memorie,
2181 1335 2380 1384 prepo-

231 1418 354 1467 situs
380 1419 496 1464 tunc
518 1414 748 1475 temporis
771 1414 823 1461 in
841 1411 1144 1474 Nurmarclc,
1175 1416 1222 1459 et
1246 1410 1416 1459 doctor
1434 1409 1722 1469 Peudinqer
1749 1408 2073 1469 Auqustensis
2097 1407 2380 1456 adorientes

231 1515 307 1549 me
341 1500 498 1549 verbis
528 1498 708 1547 severis
743 1496 1151 1558 quemadmodum
1176 1496 1245 1544 eis
1270 1494 1521 1543 Iohannes
1541 1493 1787 1543 Reuchlin
1809 1494 2160 1555 inspiraverat.
2206 1490 2343 1542 Tunc
2365 1487 2380 1554 Η

166 1589 229 1637 eth
251 1586 459 1634 viriliter
493 1585 562 1632 eis
598 1583 857 1644 respondi,
897 1582 1066 1630 dicens
1102 1580 1235 1641 quod
1269 1593 1357 1628 nos
1389 1579 1511 1628 duos
1543 1579 1813 1628 secundum
1848 1590 2032 1626 morem
2064 1578 2189 1626 iuris
2216 1578 2379 1626 susci·
2406 1605 2439 1633 ,--,

224 1685 349 1732 pere
381 1683 442 1718 ac
465 1669 661 1730 penitus
685 1667 864 1715 audire
893 1668 1089 1725 vellent,
1130 1665 1198 1713 Et
1223 1664 1314 1712 hoc
1345 1663 1540 1723 sactum
1575 1664 1806 1712 iniustum
1830 1663 2084 1723 corriqere
2108 1662 2380 1711 secundum
2398 1659 2437 1714 13

230 1768 371 1804 suum
408 1754 648 1802 meritum.
719 1756 767 1798 et
804 1753 875 1800 sic
911 1752 1047 1799 exivi
1071 1751 1368 1811 pallacium.
1437 1753 1610 1811 postea
1643 1749 1775 1797 misit
1802 1749 2103 1810 prepostitus
2132 1746 2380 1806 famulum

229 1853 371 1888 suum
390 1838 461 1886 ad
482 1851 570 1896 me,
592 1837 805 1883 invitans
823 1848 899 1884 me
924 1836 995 1883 ad
1017 1848 1206 1885 cenam.
1245 1834 1330 1882 ubi
1347 1846 1472 1882 cena
1489 1840 1720 1896 peracta,
1736 1830 1923 1894 incepit
1940 1833 2235 1894 prepositus,
2255 1833 2384 1880 sicut
2418 1837 2422 1842 '

223 1924 452 1985 prudens
483 1927 530 1968 et
557 1921 782 1981 apprime
807 1921 976 1969 doctus
999 1922 1090 1977 vir,
1128 1931 1315 1968 mecum
1339 1920 1475 1979 loqui
1497 1918 1560 1966 de
1585 1917 1878 1978 quibusdam
1902 1919 2140 1978 articulis,
2171 1921 2381 1978 propter

231 2022 349 2069 quos
379 2007 594 2055 Ioannes
622 2004 867 2053 Reuchlin
914 2005 976 2053 de
1023 2019 1099 2054 me
1143 2008 1269 2053 esset
1310 2007 1623 2064 conquestus,
1668 2006 1724 2051 ut
1754 2004 1967 2051 alteram
1999 2004 2148 2051 etiam
2178 2006 2383 2065 partem
2406 2031 2432 2048 ν

230 2093 509 2154 quantotius
555 2089 770 2138 audiret.
850 2088 987 2138 Tunc
1022 2103 1112 2150 eqo
1167 2090 1324 2151 ipsius
1373 2088 1742 2147 honorificentie
1791 2092 1941 2136 totum
1987 2088 2078 2136 hoc
2121 2087 2375 2148 neeocium
2419 2082 2427 2157 J

229 2191 380 2226 unum
406 2189 518 2225 cum
540 2176 729 2235 reliquo
760 2175 885 2224 adeo
908 2176 1047 2224 ctare
1069 2176 1292 2237 exposui,
1321 2178 1375 2222 ut
1398 2173 1567 2233 dieitis
1594 2174 1696 2221 suis
1721 2177 1927 2234 tanqere
1953 2177 2129 2234 posset.
2189 2171 2382 2221 Deinde

228 2263 356 2311 dixit
386 2261 665 2323 prepositus
696 2258 768 2306 ad
799 2271 897 2320 me,
942 2260 1112 2308 merito
1149 2259 1367 2307 Ioannes
1395 2257 1642 2306 Reuclzlin
1684 2257 1833 2306 daret
1875 2259 2008 2307 mille
2051 2257 2256 2306 ducatos
2270 2294 2282 2317 ,
2327 2261 2382 2305 ut

228 2345 475 2395 commode
504 2344 756 2392 ethonore
787 2346 875 2391 suo
910 2345 1046 2392 salvo
1080 2347 1381 2392 exoneratus
1414 2342 1506 2391 hoc
1541 2343 1742 2402 neqocio
1765 2341 1917 2401 foret.
1991 2342 2244 2391 Iniciebat.
2260 2341 2383 2390 mihi

222 2436 454 2492 preterea
492 2429 667 2476 bonam
703 2441 861 2489 spem,
908 2429 1130 2489 quamvis
1166 2427 1421 2476 Beuchlin.
1442 2428 1636 2487 maqnis
1676 2426 1979 2486 factionibus
2011 2430 2224 2489 stipatus
2256 2433 2386 2482 esset

228 2518 279 2564 in
309 2515 454 2563 curia
489 2515 816 2578 imperatoris,
853 2517 1015 2562 tamen
1051 2513 1177 2561 nibil
1207 2518 1381 2561 contra
1413 2525 1489 2561 me
1524 2519 1612 2561 aut
1637 2513 1882 2573 perficere
1917 2513 2116 2562 deberet
2143 2517 2233 2561 aut
2253 2525 2379 2561 con-

228 2600 391 2660 sequi:
421 2598 519 2646 Illo
562 2600 714 2658 iqitur
749 2599 918 2647 eodem
956 2611 1155 2659 vespere
1189 2597 1480 2656 conferebat
1513 2611 1565 2646 se
1598 2598 1878 2659 prepositus
1913 2598 1984 2646 ad
2017 2599 2388 2659 imperatorem,

227 2685 315 2733 ubi
345 2683 467 2744 quid
493 2696 604 2731 cum
641 2696 734 2731 sua
772 2684 1024 2731 maiestate
1072 2683 1362 2731 tractaverit
1394 2684 1592 2744 penitus
1631 2684 1830 2743 iqnoro:
1877 2681 1981 2731 Sed
2019 2685 2160 2732 tertio
2197 2682 2379 2732 deinde

229 2770 311 2817 die
354 2781 494 2816 eram
538 2781 606 2817 ex
641 2767 878 2816 mandato
917 2767 1111 2825 Cesaris
1157 2780 1189 2814 a
1233 2769 1533 2816 consiliariis
1562 2769 1664 2816 suis
1699 2773 1898 2818 vocatus
1933 2772 1983 2816 et
2011 2771 2380 2830 proposuerunt

229 2853 349 2902 mihi
379 2853 726 2913 qravissimam
765 2853 1018 2912 querelam
1051 2851 1260 2900 Ioannis
1293 2852 1537 2901 Reuchlin
1551 2890 1562 2912 ,
1618 2854 1706 2913 qui
1739 2865 1838 2901 non
1880 2857 1994 2902 erat
2031 2867 2244 2915 presens
2257 2890 2271 2914 ,
2324 2855 2386 2903 ut

226 2937 576 2999 responderem
611 2937 682 2985 ad
706 2936 865 2984 hanc:
900 2950 967 2984 ex
999 2950 1097 2997 qua
1131 2937 1321 2985 ratione
1357 2937 1450 2986 boc
1483 2936 1731 2996 fecissem.
1797 2937 2056 3000 Respondi
2087 2951 2193 2999 eqo,
2230 2938 2377 2986 unius

228 3024 326 3071 viri
358 3035 518 3070 sermo
553 3026 625 3070 est
654 3021 868 3080 medius,
906 3023 1067 3070 altera
1104 3034 1294 3082 quoque
1327 3036 1453 3083 pars
1487 3023 1744 3071 audienda
1777 3028 1862 3072 est.
1936 3025 2062 3085 petii
2096 3036 2287 3084 quoque
2322 3028 2378 3072 ut

228 3107 369 3168 apud
401 3120 477 3155 me
511 3113 770 3156 vocaretur
792 3105 1007 3155 Ioannes
1031 3105 1275 3154 Reucblin
1308 3107 1380 3154 ad
1406 3107 1710 3156 audiendum
1745 3109 1933 3170 scripta
1969 3108 2048 3167 (ut
2087 3110 2157 3158 ita
2187 3109 2387 3170 dicam)x

228 3196 402 3241 contra
433 3192 646 3254 scripta,
677 3204 729 3239 os
756 3195 932 3240 contra
967 3203 1034 3239 os.
1111 3189 1288 3240 Adieci
1319 3205 1508 3252 quoque
1539 3196 1594 3240 ut
1628 3193 1867 3254 quicquid
1892 3206 2044 3243 essem
2071 3195 2262 3242 Iocutus
2291 3197 2381 3243 aut

227 3276 531 3337 scripsissem
545 3313 556 3335 ,
600 3276 730 3324 illud
767 3277 908 3324 velim
930 3302 937 3308 »ι
954 3288 1124 3324 coram
1164 3277 1582 3325 excellentissimis
1627 3279 1923 3327 consiliariis
1958 3279 2159 3340 scriptis
2186 3282 2235 3326 et
2267 3279 2382 3326 iure-

223 3361 455 3422 probare.
516 3359 583 3408 Et
625 3360 696 3407 ad
740 3361 1026 3421 leqittimam
1071 3362 1434 3422 responsionem
1480 3374 1642 3410 meam
1686 3363 1934 3412 iusserunt
1977 3374 2054 3412 me
2101 3362 2383 3413 consiliarii,

227 3445 480 3494 recedere.
555 3444 734 3493 deinde
779 3458 893 3494 vero
938 3445 1061 3506 quid
1105 3446 1232 3494 inter
1271 3460 1324 3495 se
1374 3447 1700 3496 tractaverint
1751 3448 1940 3508 iqnoro.
1972 3489 1974 3491 .
2017 3446 2120 3497 Sed
2165 3447 2383 3507 Cesarea

227 3529 496 3578 maiestatis
531 3527 868 3577 Cancellarius
903 3530 1127 3579 dominus
1162 3531 1267 3592 ipse
1299 3531 1614 3581 Serenteiner
1660 3533 1823 3581 attulit
1861 3531 1986 3582 mihi
2017 3545 2050 3580 a
2082 3533 2221 3592 curie
2250 3545 2381 3581 con—’-

226 3615 432 3663 sitiariis
465 3615 826 3674 responsionem
839 3650 851 3674 ‚
886 3615 1123 3674 quomodo
1152 3614 1366 3674 Cesarea
1396 3618 1628 3664 maiestas
1659 3618 1772 3665 velit
1801 3617 2055 3678 neeocium
2083 3617 2213 3666 illud
2233 3629 2375 3666 com-
2418 3680 2420 3682 Ι

226 3700 415 3747 mittere
450 3697 695 3759 Episcopo
733 3696 1049 3758 Auqustensi,
1097 3704 1146 3748 et
1188 3712 1277 3759 eqo
1323 3699 1546 3748 deberem
1590 3702 1714 3760 letus
1756 3701 1896 3750 abire
1928 3701 2125 3751 domum
2157 3702 2210 3751 in
2246 3701 2378 3752 bona

221 3796 374 3846 pace,
410 3796 500 3832 nec
528 3783 717 3832 interea
753 3784 981 3844 temporis
1014 3784 1300 3831 contristari
1332 3788 1421 3832 aut
1443 3784 1565 3845 quid
1593 3786 1716 3834 mali
1737 3791 1967 3836 metuere.
2033 3786 2177 3835 Nunc
2207 3790 2376 3838 autem.

222 3872 481 3932 postquam
515 3867 762 3918 Reucblin
798 3868 1062 3944 intelleccit,
1110 3853 1244 3929 quod
1274 3869 1467 3918 astucia
1500 3874 1549 3918 et
1576 3872 1807 3931 practica
1840 3885 1935 3922 sua
1972 3873 2045 3922 ad
2078 3874 2377 3935 opprimenw

2390 2530 2410 2565 04
