2456 4264
667 353 865 383 on'rvnu
886 352 1051 383 GRATn
1071 353 1300 383 EPISTOLA
1321 352 1663 385 APOLOGETICA.
2122 328 2237 388 41¹

416 481 698 545 Belliquias
731 486 913 534 summi
939 485 1099 534 brevis
1134 485 1227 544 hec
1260 486 1399 547 capit
1431 499 1565 534 urna
1600 487 1852 547 mayistri,

526 567 685 642 *Cuius
719 569 793 618 ad
823 571 1075 619 interitum
1111 583 1266 620 sacra
1305 570 1540 620 Minerva
1564 573 1731 632 qemit.

419 652 685 703 Gherardo
720 654 838 704 huic
875 667 1078 711 nomen,
1116 660 1165 705 et
1197 655 1296 705 huc
1333 655 1622 717 Zutphania
1651 657 1784 706 misit
1814 651 1822 722 Ι
2266 668 2353 723 biij

531 738 682 788 Dives
716 753 865 802 opum
896 742 1076 803 patria
1089 779 1101 800 ‚
1138 742 1307 803 sicque
1342 739 1615 803 Sycamber
1649 746 1776 790 erat.

421 821 556 872 Huic
585 825 733 874 simul
761 826 1014 886 ingenium
1045 825 1275 886 fervens,
1305 825 1533 884 sublime,
1561 825 1878 888 profundum
1894 864 1906 882 ,

531 907 703 958 Maius
743 908 945 983 Ulysseo
981 911 1291 972 Dedalioque
1324 909 1445 971 fuit.

415 992 580 1054 anea
615 995 688 1043 vis
721 996 872 1044 eliam
886 1033 899 1052 ‚
928 997 1083 1058 pleno
1118 996 1205 1044 cui
1240 994 1394 1056 Copia
1431 1007 1589 1043 cornu

533 1077 730 1141 Optima
766 1080 830 1129 de
866 1082 1054 1153 multis,
1091 1081 1183 1129 vel·
1203 1091 1351 1140 maye
1390 1084 1571 1128 cuncta
1606 1079 1760 1128 dedit.
1787 1075 1809 1146 ΙΙ
2266 1093 2344 1147 fiij

417 1162 590 1213 Aurea
628 1166 820 1214 coelesti
847 1167 958 1214 tulit
983 1165 1102 1214 hinc
1130 1167 1421 1227 propaqine
1457 1167 1620 1224 mata,

397 1238 401 1242 ’
533 1247 643 1298 Non
680 1251 807 1310 ayer
835 1249 1169 1312 Hesperidum
1182 1286 1195 1305 ,
1234 1263 1330 1322 que
1362 1262 1454 1299 nec
1491 1249 1730 1312 Hymetus
1760 1239 1921 1298 habet.

365 1386 372 1391 ,
417 1332 610 1395 Cespite
643 1335 707 1384 de
731 1336 838 1384 vivo
875 1336 1056 1399 violas,
1087 1336 1433 1396 menthamque
1461 1320 1759 1395 crocumque
1846 1335 1850 1339 ’

527 1418 696 1480 Leyit,
733 1425 783 1468 et
814 1421 1032 1474 aureolis
1061 1421 1172 1469 lilia
1209 1422 1355 1488 mista
1390 1421 1544 1477 νοεῖς,

327 1544 331 1545 ⁷
413 1503 761 1567 Dulcisluoque
794 1511 940 1554 satur
976 1506 1136 1555 divini
1163 1512 1367 1555 nectare
1401 1506 1535 1554 roris

532 1589 801 1653 Theoloqos
833 1592 964 1640 inter
1000 1593 1168 1641 lumen
1208 1591 1463 1652 honorque
1493 1589 1613 1650 fuit.

413 1673 714 1738 Multiplicis
746 1672 920 1725 rerum
951 1677 1178 1738 formas,
1211 1677 1539 1737 abstrusaque
1575 1678 1708 1725 novit

533 1759 745 1811 Condita
778 1770 986 1838 nature,
1029 1764 1362 1824 coelicolisque
1398 1762 1520 1811 deis.

416 1844 671 1896 Consullos
705 1848 836 1897 inter
869 1849 996 1898 iuris
1029 1848 1312 1910 Leyumque
1339 1848 1528 1909 peritos

530 1931 800 1982 Cordalum
836 1935 990 1995 yessit
1024 1933 1451 1994 doctiloquumque
1478 1933 1653 1980 virum.
1757 1997 1762 2001 Ι

413 2016 516 2066 Pro
553 2017 740 2067 Christi
766 2032 924 2080 ,areae
958 2020 1196 2069 sollicitus
1210 2055 1222 2078 ‚
1260 2019 1546 2079 viqitantior
1576 2018 1713 2078 Arqo
1724 2052 1739 2080 ,

526 2101 594 2151 Et
631 2102 912 2181 Capitolin‘e³
946 2105 1199 2154 maximus
1227 2104 1335 2176 edis
1367 2103 1534 2152 honos.
1561 2111 1563 2114 ’

410 2187 596 2238 Libera
630 2202 770 2238 mens
797 2191 1020 2251 rectique
1056 2195 1236 2251 tenax,
1274 2195 1324 2238 et
1359 2189 1527 2238 nescia
1559 2186 1692 2247 falsi
1701 2225 1714 2244 ,

538 2275 788 2325 Virtutum
824 2279 1033 2324 cunctas
1070 2276 1409 2324 accumulavit
1427 2274 1566 2335 opes.

411 2359 511 2410 Hic
545 2361 701 2422 iqitur
734 2365 901 2421 notus,
939 2373 1116 2410 croceo
1151 2374 1247 2422 quo
1283 2359 1496 2409 Phoebus
1532 2357 1597 2406 ab
1628 2361 1740 2407 ortu

527 2445 724 2507 Sumit,
765 2453 815 2495 et
848 2446 1088 2496 occiduas
1121 2458 1314 2508 pronus
1347 2444 1433 2494 ubi
1466 2445 1624 2493 intrat
1658 2439 1836 2504 aquas.

418 2530 586 2580 Huius
619 2536 669 2580 et
702 2532 783 2592 (ut
811 2532 1022 2594 dianum
1051 2534 1146 2594 est)
1178 2535 1372 2593 manet,
1411 2535 1734 2605 eternumque
1763 2529 1980 2577 manebit

530 2617 703 2666 Gloria
717 2653 729 2677 ,
767 2619 958 2667 victuro
976 2622 1285 2679 perpetuata
1320 2616 1419 2666 die.

414 2696 524 2752 Non
558 2707 723 2752 tamen
758 2702 877 2752 hinc
911 2702 1057 2751 abeat
1091 2703 1377 2771 quisquam,
1420 2701 1540 2763 quin
1572 2701 1760 2762 poplite
1792 2701 1930 2760 flexo

526 2788 630 2838 Pro
666 2788 866 2838 doctore
892 2789 1014 2850 pias
1047 2786 1244 2848 fundat
1280 2787 1352 2837 ad
1385 2793 1526 2836 astra
1557 2798 1752 2848 preceS.

327 2929 371 2979 ⁴1
400 2929 468 2980 In
501 2930 726 2994 perfidos
756 2929 940 2991 Iudeos
969 2931 1284 2992 epiqrammu
1319 2928 1540 2978 eiusdem
1581 2926 1793 2978 Ortwini
1803 2964 1814 2987 ,
1852 2927 1993 2975 cuius

744 3017 893 3066 etiam
930 3021 1004 3065 est
1033 3028 1242 3065 carmen
1275 3014 1572 3078 precedens.

412 3115 584 3180 Impia
612 3130 739 3178 qens
773 3115 1040 3176 hominum,
1073 3128 1201 3177 qens
1230 3113 1428 3175 ferrea,
1462 3126 1589 3175 qens
1612 3113 1742 3161 male
1769 3124 1981 3173 sperans

534 3200 715 3252 Tendit
747 3202 821 3251 ad
853 3201 1099 3261 obscuros,
1137 3206 1340 3250 tartara
1372 3201 1539 3261 niqra,
1578 3199 1738 3247 lacus.

416 3285 594 3337 Omnia
630 3289 896 3338 vincuntur
931 3285 1182 3346 manibus,
1221 3286 1295 3334 sic
1328 3297 1584 3334 marmora
1615 3282 1786 3343 ferro,

526 3372 770 3435 Saxaque
807 3373 870 3422 de
899 3370 1054 3432 facili
1082 3384 1200 3435 sepe
1236 3375 1483 3421 cavantur
1516 3382 1676 3430 aqua,

415 3443 675 3520 Sanquine
704 3458 944 3508 mollescit
976 3457 1213 3517 adamas,
1246 3457 1492 3518 qlacialia
1522 3453 1702 3516 phoebo

527 3543 749 3604 Friyora
762 3579 775 3604 ,
817 3547 867 3593 et
899 3556 932 3591 a
965 3541 1145 3605 phoebo
1174 3542 1379 3592 solvitur
1410 3552 1551 3589 omne
1578 3540 1712 3600 (selu.

412 3627 642 3678 Monstra
679 3634 796 3690 quot
832 3627 1031 3678 Alcides
1071 3622 1293 3677 domuit?
1329 3630 1446 3689 quot
1478 3625 1704 3675 carmine
1738 3636 1910 3673 manes

534 3712 821 3763 Thraiicius
860 3712 1087 3776 Orpheus
1120 3708 1303 3762 movit?
1337 3716 1386 3761 et
1415 3724 1502 3761 ore
1524 3705 1712 3771 seras?

413 3798 561 3848 Saxa
592 3803 709 3860 quot
746 3794 1029 3861 Amphion?
1066 3802 1181 3860 quot
1207 3795 1551 3861 Methymneus
1583 3795 1736 3844 Arion

529 3880 837 3947 Delphines?
879 3883 1144 3933 Thamiras
1181 3887 1299 3946 quot
1333 3884 1483 3932 miser
1513 3883 1619 3945 ipse
1655 3875 1815 3929 deas?

0 3996 4 4003 '
91 3999 118 4020 ·'
182 3992 278 4039 ,¹²⁸⁰
305 3997 437 4042 ouius
528 3996 800 4052 precedens.
823 3998 940 4040 omis.
962 3998 1004 4039 2.
