2456 4264
331 276 747 319 consvvrrrlomss
770 277 934 309 IAconl
955 281 1269 322 nocnsnum,
1294 282 1516 312 VICTORIS
1539 284 1598 312 DE
1622 284 1824 326 KARBEN,
1850 288 2127 317 REVCELINI.
2199 266 2305 324 101

138 408 346 468 rendos‚
390 406 452 456 Si
482 412 647 457 autem
685 396 924 460 articidos
959 413 1084 460 tales
1118 411 1444 472 defenderint
1477 418 1527 461 et
1560 414 1790 464 obstinati
1826 418 1878 464 in
1914 418 1987 465 eis
2011 432 2317 479 persevera-

141 495 318 557 verint,
351 498 486 543 certe
510 486 631 543 tunc'
645 498 831 557 poterit
855 496 1071 556 Cesarea
1098 496 1353 558 Maiestas,
1390 511 1541 559 quam
1579 500 1723 548 unice
1759 514 1914 563 super
1944 516 1996 551 se
2026 516 2197 552 coram
2223 507 2317 554 Pi—

145 581 248 628 lato
289 582 474 627 stantes
522 581 716 640 reqiam
767 581 953 630 habere
992 586 1282 644 potestatem
1335 583 1558 645 professi
1606 590 1741 647 sunt,
1796 591 2034 649 tanquam
2079 589 2318 649 hereticos

144 665 415 725 sacrileqos
452 665 507 713 in
538 665 711 715 divina
734 662 756 731 Η
781 670 831 715 et
855 668 1070 729 propria
1107 680 1277 716 eorum
1312 669 1421 729 leqe
1455 669 1707 731 condiqna
1734 673 2165 724 animadversione
2188 690 2298 738 pu-
2312 682 2430 737 (mh)

112 751 272 799 snire.
344 749 388 797 11
422 749 530 810 Hec
556 760 671 800 sunt
695 751 1017 801 Serenissime
1042 751 1212 813 Cesar,
1250 767 1344 814 que
1372 767 1476 813 mee
1506 756 1721 805 exilitati
1745 766 2075 808 occurrerunt
2101 775 2317 824 respon-

144 835 314 884 denda
351 839 510 896 vestre
543 838 858 901 celsitudini,
908 851 1060 899 quam
1103 851 1201 900 pro
1225 839 1353 899 fidei
1377 839 1620 900 catholice
1657 844 1962 907 reverentia,
2006 852 2055 893 et
2091 860 2194 907 pro
2228 861 2317 896 suo

127 921 350 984 >proprio
386 921 574 971 honore
588 960 600 983 ,
638 927 902 971 exoratam
939 924 1104 984 velim,
1143 929 1198 974 ut
1232 924 1366 973 istud
1394 925 1542 985 pium
1574 928 1847 987 neeocium‚
1884 930 2019 988 quod
2048 931 2179 979 inter
2207 931 2317 981 Ro-

138 1018 316 1055 manos
359 1007 688 1069 imperatores
723 1010 1032 1058 sanctissimo
1072 1010 1278 1058 consilio
1328 1015 1493 1057 vestra
1539 1011 1778 1059 celsitudo
1815 1013 2049 1073 primitus
2098 1020 2315 1081 tentavit,

136 1093 287 1146 etiam
321 1097 559 1142 strennue
586 1096 824 1156 perficiat
870 1094 939 1142 Et
968 1095 1167 1155 quidem
1201 1095 1249 1143 si
1282 1094 1600 1144 dissimulare
1642 1109 1741 1145 non
1789 1099 2013 1159 velimus,
2063 1114 2163 1149 non
2206 1115 2316 1150 mo-

15 1190 22 1234 ;
81 1189 126 1224 ιο
137 1178 255 1227 ἀίω
290 1179 366 1226 ad
390 1179 795 1240 prosequendum
826 1184 1022 1241 ceptum
1061 1181 1319 1241 neqocium
1365 1186 1524 1239 vestre
1559 1181 1820 1231 Maiestati
1859 1185 2094 1234 incumbit
2137 1201 2313 1236 neces—

17 1247 19 1251 ·
131 1265 256 1313 sitas
300 1262 361 1312 Si
398 1266 532 1312 enim
568 1265 874 1313 concedatur
904 1264 1079 1325 Iudeis
1125 1278 1208 1314 eos
1243 1266 1461 1314 retinere
1503 1266 1654 1315 libros
1684 1269 1773 1329 qui
1807 1270 2062 1330 imperiali
2101 1274 2314 1321 iussione

132 1350 205 1398 eis
234 1347 438 1409 suerint
469 1349 647 1412 ablati,
681 1363 782 1398 non
809 1363 996 1412 parum
1030 1351 1337 1400 roborantur
1374 1353 1473 1413 ipsi
1506 1353 1558 1400 in
1595 1365 1690 1400 sua
1722 1355 1967 1414 perfidia,
2006 1357 2313 1405 insultabunt

16 1424 19 1427 ’
44 1453 52 1456 ·
134 1434 455 1491 Christianis,
499 1435 806 1497 obicientque
840 1437 935 1499 eis,
984 1437 1086 1484 nisi
1118 1437 1239 1485 libri
1265 1450 1437 1485 eorum
1475 1439 1583 1486 veri
1609 1446 1770 1487 essent
1804 1445 1853 1488 et
1886 1443 2070 1498 sancti,
2111 1455 2209 1490 non
2240 1445 2311 1491 eis

127 1519 348 1581 suessent
385 1522 642 1583 imperiali
679 1522 879 1570 decreto
921 1523 1149 1571 restituti.
1242 1523 1561 1572 Vacillabunt
1593 1523 1866 1574 Christiani
1908 1527 2156 1588 simplices
2187 1530 2312 1576 talia

16 1599 31 1667 j*
76 1617 120 1651 ιι
134 1607 415 1666 audiente-5,
467 1606 810 1668 habebuntque
856 1609 988 1656 viros
1034 1609 1391 1658 ecclesiasticos
1436 1615 1688 1671 suspectos
1734 1612 1865 1659 velut
1903 1613 2134 1662 mendose
2170 1616 2313 1662 volu-

130 1704 243 1741 men
286 1691 668 1742 Thalmudicum
718 1695 1005 1743 incusantes
1053 1693 1120 1742 Et
1156 1695 1229 1742 sic
1265 1693 1540 1756 Synaqoqa
1582 1694 1807 1755 Sathane
1842 1698 2045 1746 tandem
2083 1699 2230 1747 stabit
2260 1702 2312 1748 in

130 1777 343 1834 honore,
389 1779 602 1827 ecclesia
649 1791 766 1827 vero
814 1775 1000 1828 Christi
1035 1781 1285 1840 sanquine
1325 1779 1554 1838 fundata
1603 1782 1854 1830 vacillabit
1900 1784 1952 1830 in
1997 1784 2307 1843 confusione.

143 1863 324 1913 Valeat
361 1868 411 1912 et
453 1865 508 1911 in
543 1867 766 1922 eternum
794 1865 1022 1924 ,aaudeat
1047 1864 1263 1924 Cesarea
1299 1866 1558 1929 maiestas,
1596 1879 1749 1927 quam
1787 1868 1910 1916 deus
1946 1871 2157 1931 optimus
2194 1884 2310 1919 ma-

128 1950 394 2010 ximusque
427 1962 516 2008 sue
543 1951 748 2008 ecclesie
777 1962 1077 1998 conservare
1106 1951 1341 2011 dianetur
1366 1964 1468 2012 per
1494 1952 1634 1999 milia
1665 1957 1888 2014 tempora
1907 1953 2129 2012 felicem.
2194 1956 2309 2005 Da·-

13 2087 21 2107 L
73 2047 122 2080 20
137 2040 240 2083 tum
271 2033 468 2094 Colonie
499 2046 632 2083 nono
671 2033 908 2084 Octobris.
982 2035 1127 2084 Anno
1163 2035 1429 2085 Millesimo
1465 2037 1851 2098 quinyentesimo
1887 2039 2092 2088 decimo,

13 2109 19 2117 ’
607 2109 615 2124 ’
1204 2121 1371 2180 Vestre
1406 2122 1715 2172 celsitudinis

581 2205 623 2253 (1
654 2205 873 2254 Humilis
905 2211 1076 2255 orator
1110 2211 1159 2255 et
1185 2209 1418 2262 ‚servulus
1453 2206 1627 2266 frater
1655 2208 1868 2258 Iacobus
1903 2209 2236 2260 Hochstraten

582 2291 774 2340 ordinis
795 2292 1173 2353 predicatorum
1204 2298 1252 2341 et
1280 2293 1494 2352 heretice
1516 2296 1783 2354 pravitatis
1806 2297 2081 2356 inquisitor,
2118 2303 2167 2346 et
2189 2313 2234 2347 c.

903 2376 946 2425 (I
983 2377 1171 2426 Frater
1194 2377 1275 2426 Ia.
1316 2378 1583 2428 Hochstra.
1619 2381 1709 2441 qui
1737 2394 1912 2443 supra;

11 2618 25 2628 .
70 2561 125 2595 2⁵⁷
274 2550 677 2600 Consultatio
713 2551 904 2599 domini
939 2551 1214 2601 Victoris
1252 2552 1323 2599 de
1355 2544 1636 2609 Karben'‚
1684 2553 1798 2600 olim
1829 2552 1981 2613 ludei
2026 2568 2159 2604 nunc
2195 2568 2310 2604 vero

131 2636 318 2688 Christi
349 2636 656 2700 sacerdotis,
706 2638 795 2698 qui
829 2650 944 2686 cum
978 2638 1299 2686 universitate
1334 2637 1612 2686 Coloniensi
1657 2639 1921 2703 conclusit,
1973 2638 2055 2687 hic
2096 2646 2308 2702 propter

38 2719 41 2721 ’
122 2724 462 2787 prolixitatem
475 2733 480 2737 ·
493 2723 690 2772 omissa.

269 2893 669 2961 Consultatio
697 2895 971 2945 Ioannis
999 2895 1344 2956 Reuchlin,
1377 2909 1528 2958 quam
1562 2897 1765 2958 scripsit
1786 2909 1890 2959 pro
1913 2897 2085 2957 Iudeis
2113 2904 2161 2947 et
2182 2911 2306 2948 con-

128 2986 211 3030 tra
234 2993 324 3031 nos
350 2979 660 3030 Christianos
696 2983 896 3030 illorum
922 2981 1075 3030 libros
1098 2980 1419 3041 defendendo
1432 3017 1444 3037 ‚
1483 2981 1575 3031 hoc
1599 2983 1706 3031 loco
1724 2987 1938 3044 propter
1960 2985 2304 3044 prolixitatem

71 3067 372 3117 mirimilium
391 3078 455 3115 ac
467 3068 794 3128 pessimorum
819 3068 1078 3117 verborum
1096 3047 1312 3116 omissas
1335 3067 1400 3116 Et
1417 3069 1587 3128 siquis
1600 3067 1960 3129 Philocapnion
1980 3069 2082 3116 sive
2097 3068 2304 3117 Reueh—

126 3154 299 3203 linista
330 3166 421 3202 nos
453 3154 726 3214 interroqet
762 3153 949 3211 ‘Quare
984 3160 1083 3203 non
1119 3154 1331 3214 posuisti
1373 3153 1466 3202 hoc
1508 3155 1613 3201 loco
1653 3154 2060 3203 consultationem
2096 3153 2305 3203 Ioannis

131 3237 372 3290 Reuchlin
397 3238 461 3287 de
484 3239 630 3288 verbo
651 3239 724 3287 ad
746 3239 946 3288 verbum
969 3239 1118 3287 sicuti
1143 3240 1363 3288 aliarum
1389 3240 1776 3287 universitatum.
1802 3243 1851 3287 et
1867 3253 1910 3288 c.
1926 3236 1965 3287 ?'
2005 3239 2302 3301 Respondeo

127 3323 208 3373 Ea
232 3337 331 3374 non
352 3338 459 3373 esse
489 3339 523 3374 a
549 3337 627 3372 me
642 3324 1035 3385 promuly'anda‚
1062 3319 1084 3393 ΙΙ
1111 3338 1205 3384 que
1229 3326 1282 3373 in
1311 3325 1609 3390 scandalum
1637 3325 1840 3384 ecclesie
1858 3338 1957 3386 pro
1982 3325 2154 3385 Iudeis
2177 3339 2301 3374 con—
2322 3336 2356 3386 13

126 3411 319 3473 scripta
353 3414 485 3472 sunt,
523 3411 669 3458 immo
702 3411 850 3457 etiam
889 3423 982 3471 que
1017 3410 1080 3458 ab
1116 3411 1437 3472 inclytissima
1464 3423 1669 3468 cesarea
1698 3395 2109 3473 maiestatespro
2135 3419 2189 3459 ut
2217 3413 2298 3459 in-

12 3504 18 3525 ⁸
79 3494 305 3556 asserius
338 3497 391 3545 in
429 3496 680 3544 mandatis
715 3498 826 3545 luce
860 3496 1052 3543 clarius
1084 3495 1295 3557 patebit)
1333 3500 1608 3552 arrestata,
1658 3502 1959 3559 contempta,
2006 3511 2068 3544 ac
2101 3497 2300 3544 tcmdem

130 3580 196 3630 ab
221 3583 358 3631 omni
391 3595 484 3629 usu
511 3582 719 3642 precisa
752 3587 800 3629 et
835 3582 887 3629 in
923 3580 1131 3629 nihilum
1165 3580 1472 3641 rediqenda‚
1509 3594 1604 3641 que
1637 3581 1841 3642 inquam
1880 3597 1912 3631 a
1946 3582 2151 3630 diversis
2180 3583 2298 3629 uni-

129 3666 442 3717 versitatibus
478 3666 834 3727 condemnata,
874 3666 938 3714 ab
973 3668 1217 3728 episcopis
1261 3667 1450 3727 aliquot
1495 3666 1773 3728 prohibita,
1823 3681 1855 3714 a
1903 3667 2057 3715 tribus
2095 3669 2299 3728 insuper

14 3757 15 3760 ’
131 3753 245 3801 aliis
278 3751 572 3801 doctissimis
610 3753 729 3800 viris
767 3752 880 3813 (qui
912 3751 1056 3811 infra
1103 3754 1446 3813 nominantur)
1489 3754 1699 3811 reiecta,
1749 3766 1811 3800 ac
1849 3766 1981 3801 nunc
2015 3753 2208 3800 demum
2246 3752 2295 3796 in

30 3891 35 3894 ‚
133 3836 254 3886 urbe
284 3836 515 3885 Romana
560 3850 732 3885 coram
769 3839 1076 3887 sanctissimo
1125 3852 1277 3899 super
1317 3837 1724 3896 manifestissima
1769 3837 1934 3896 heresi
1979 3837 2295 3898 pessimisque

80 3922 389 3973 &erroribus
429 3928 544 3971 sunt
588 3928 843 3972 accusata.
881 3929 927 3971 et
946 3935 988 3971 c.
1063 3922 1165 3974 Illa
1213 3925 1342 3972 enim
1388 3925 1686 3985 impuynare
1722 3936 1818 3969 non
1862 3930 1933 3970 est
1964 3923 2105 3970 modo
2141 3922 2297 3968 nostri
