2456 4264
275 237 391 295 108
574 259 667 288 ΙΟΑ.
693 256 1004 286 PEPERICORNI
1026 253 1257 284 DEFENSIO
1279 242 1463 285 G'ONTRA
1483 250 1692 280 FAMOSAS
1716 250 1758 282 0.
1780 251 1823 280 V·
1847 248 2112 278 EPISTOLAS.

268 393 371 440 lari
403 390 613 438 articulo
637 396 779 431 ‚XXIL
805 398 1009 435 suarum
1044 384 1434 433 declarationum
1468 385 1642 429 contra
1667 381 1804 427 illum
1834 378 2229 426 Carthusiensem
2264 392 2423 426 unum*

269 490 335 524 ex
375 475 529 523 tribus
566 474 661 521 illis
697 470 1067 532 prenominatis.
1134 472 1182 516 et
1215 469 1287 516 sic
1323 480 1416 514 nec
1450 466 1524 513 illi
1557 477 1649 512 nec
1685 464 1799 512 aliis
1831 477 1926 524 per
1969 462 2418 524 impudentissimas

268 573 386 607 suas
410 557 672 606 invectivas
700 554 953 615 pepercit,
993 553 1080 612 qui
1099 565 1213 600 suos
1238 564 1436 598 errores
1467 548 1614 607 ferre
1662 560 1759 595 non
1795 551 2066 608 potuerunt
2104 551 2152 595 et
2185 549 2291 595 sola
2329 561 2418 596 ve-

269 646 415 691 ritate
454 643 810 700 inpuqnarunt.
883 637 1065 684 Futilis
1101 637 1255 695 iqitur
1291 634 1504 691 obiectio,
1540 632 1675 692 quod
1709 643 1796 679 nos
1804 667 1819 694 ,
1865 631 2040 692 quibus
2076 631 2234 679 indies
2265 644 2418 679 man-

272 728 391 774 data
427 723 741 785 imperatoris
787 721 1072 783 mittuntur,
1121 720 1277 779 ipsius
1319 716 1670 765 Theutonicum
1713 705 1990 776 intelliyere
2033 729 2130 763 non
2169 717 2420 776 potuisse-
2437 730 2456 762 5

208 822 247 866 w
269 824 391 859 mus.
415 814 503 858 etc.
560 807 662 855 Sed
682 819 814 854 nunc
837 805 909 852 ad
930 799 1370 868 eonlfltinuationem
1396 799 1532 859 faeti
1557 800 1691 861 quod
1723 799 1878 848 tribus
1903 800 2002 848 illis
2027 813 2122 861 per
2153 799 2417 859 Cesaream

268 890 565 943 maiestatem
601 892 904 940 commissum
937 887 1045 947 fuit
1075 891 1396 935 revertamur.

410 977 451 1024 «1
486 976 747 1036 Neqocium
775 974 903 1023 illud
931 972 1064 1033 quod
1088 986 1186 1033 per
1219 976 1319 1020 tres
1352 972 1461 1020 illos
1494 969 1834 1019 celeberrimos
1858 969 1985 1016 vinos
2003 967 2199 1027 factum
2217 968 2411 1037 fuerat,

268 1076 378 1112 cum
414 1063 527 1110 aliis
560 1057 994 1108 consultationibus
1032 1057 1246 1116 Cesarea
1281 1058 1512 1104 maiestas
1547 1056 1599 1102 in
1634 1054 1762 1102 bona
1794 1054 2018 1102 custodia
2052 1066 2255 1101 servare
2284 1054 2412 1114 fecit

268 1161 328 1196 ac
357 1160 448 1194 sua
477 1145 714 1193 serenitas
747 1143 1039 1202 Moquntino
1075 1141 1461 1202 Archiepiscopo
1495 1139 1755 1202 respondit
1786 1143 1835 1188 et
1862 1152 1960 1201 per
1990 1140 2181 1187 litteras
2214 1143 2414 1205 scripsit
2436 1155 2456 1188 ι4

271 1245 396 1292 quas
433 1229 628 1291 quidem
665 1229 811 1275 attuli
842 1226 1132 1287 Reverentie
1170 1227 1338 1288 ipsius.

410 1356 473 1404 M
479 1357 590 1403 axi
598 1357 677 1403 mi
684 1355 704 1403 l
711 1355 730 1402 i
739 1368 898 1402 anus
925 1354 1009 1402 dei
1023 1355 1211 1414 qratia.
1238 1359 1284 1401 et
1302 1366 1345 1400 c.
1385 1351 1675 1399 Reverende
1690 1352 1946 1413 princeps,
1972 1363 2124 1411 nepos
2146 1357 2196 1400 et
2216 1356 2421 1404 elector.-

220 1446 227 1453 “
270 1449 347 1501 tue
384 1441 644 1490 charitatis
676 1440 1082 1487 consultationem
1117 1440 1217 1486 sive
1251 1438 1439 1498 scripta
1481 1450 1544 1484 ac
1586 1436 1794 1484 consilia
1843 1437 2127 1496 aliquarum
2171 1440 2422 1488 universi-

271 1533 422 1575 tatum
458 1527 509 1572 in
544 1537 700 1572 causa
738 1523 1009 1583 Iudeorum
1045 1529 1094 1571 et
1136 1523 1287 1570 libros
1337 1521 1591 1582 tangentia
1627 1520 1764 1568 nobis
1798 1533 1896 1582 per
1932 1519 2172 1569 Ioannem
2211 1523 2421 1584 Peperi-

267 1624 470 1660 cornum
503 1612 660 1658 allata
697 1609 817 1657 bene
852 1608 1208 1656 intelleximus:
1254 1611 1302 1655 et
1346 1610 1426 1665 tue
1461 1605 1750 1664 Reverentie
1795 1606 2049 1665 neqocium
2092 1606 2228 1655 nobis
2273 1613 2450 1657 totumn

268 1697 386 1744 bene
417 1696 640 1758 placuit,
677 1699 725 1742 et
758 1693 983 1741 similiter
1020 1694 1232 1741 aliorum
1266 1691 1580 1752 quorundam
1607 1695 1783 1752 preter
1817 1691 2187 1744 universitatum
2220 1696 2423 1741 consul—

269 1782 472 1829 tationes
509 1780 644 1827 nobis
675 1781 980 1839 placuerunt
1014 1777 1081 1825 Et
1111 1778 1182 1825 ita
1214 1790 1309 1838 per
1343 1781 1491 1824 totum
1528 1779 1582 1822 ut
1616 1775 1769 1823 bonus
1801 1779 1948 1835 atque
1992 1776 2260 1826 laudabilis
2295 1791 2424 1838 pro-

266 1879 429 1913 cessus
452 1866 560 1923 liat,
607 1865 726 1924 quia
761 1876 843 1911 res
882 1864 934 1910 in
974 1876 1026 1910 se
1063 1862 1365 1910 arduissima
1401 1866 1497 1924 est,
1542 1862 1763 1909 volumus
1800 1865 1849 1908 et
1893 1858 2008 1908 aliis
2041 1863 2179 1909 sacri
2210 1861 2429 1911 Romani

268 1950 466 2011 imperii
486 1948 686 1997 statibus
714 1961 891 1995 rursus
919 1946 980 1994 de
1004 1946 1102 1995 hac
1137 1959 1292 1994 causa
1316 1950 1536 1994 tractare
1560 1950 1608 1993 et
1628 1945 1853 2013 finaliter
1876 1945 2187 1994 concludere.
2242 1946 2423 1996 Datum

267 2036 319 2082 in
344 2034 563 2094 Fribury
600 2033 788 2081 decimo
823 2032 964 2080 tertio
995 2030 1245 2080 Ianuarii.
1321 2031 1479 2079 Anno.
1509 2036 1618 2079 etc.
2438 2048 2456 2083 ε

412 2163 454 2210 (ἱ
494 2161 579 2208 Ex
614 2161 717 2209 istis
753 2168 799 2208 et
831 2162 945 2209 aliis
973 2165 1114 2222 patet
1149 2173 1298 2222 quam
1335 2159 1631 2208 zelosissime
1665 2158 2004 2207 serenissimus
2053 2163 2218 2208 noster
2251 2160 2416 2222 Impe-

267 2253 410 2296 rator
447 2252 495 2295 et
528 2259 677 2307 quam
713 2250 945 2294 strennue
977 2248 1028 2295 in
1066 2246 1157 2294 hoc
1193 2245 1530 2308 sacratissimo
1571 2244 1776 2303 negocio
1813 2257 1918 2291 sese
1966 2243 2269 2302 exhibuerit,
2317 2237 2442 2294 rem*

268 2333 620 2381 arduissimam
654 2345 758 2380 esse
794 2331 963 2381 dicens
994 2336 1045 2380 et
1076 2335 1171 2379 toto
1206 2331 1412 2392 imperio
1450 2329 1671 2390 diqnam.
1748 2327 2061 2390 Quapropter
2084 2331 2431 2379 contemnendi

268 2422 405 2474 sunt,
454 2412 670 2465 maxime
719 2416 1011 2480 Christiani,
1064 2417 1152 2477 qui
1197 2416 1361 2463 nescio
1405 2427 1501 2476 quo
1544 2414 1725 2475 spiritu
1766 2414 1984 2473 maliqno
1996 2451 2011 2477 ,
2057 2415 2188 2462 illud
2237 2417 2426 2464 nullum

263 2506 459 2562 putant.
528 2500 632 2550 Sed
660 2515 793 2551 nunc
830 2502 903 2550 ad
931 2502 1345 2551 continuationem
1382 2500 1582 2558 historie
1616 2503 1858 2547 revertar.
2434 2516 2455 2550 ²

415 2586 456 2634 (11
493 2587 653 2635 Lectis
688 2587 765 2635 his
801 2587 976 2635 litteris
1007 2587 1245 2635 nunciavi
1274 2585 1630 2646 protiosissimo
1668 2584 1864 2633 domino
1890 2597 1996 2633 meo
2021 2584 2443 2652 Archiepiscopo‚'

272 2672 509 2732 quomodo
538 2671 752 2731 Cesarea
787 2673 1019 2721 maiestas
1047 2671 1119 2720 ad
1149 2672 1406 2731 neeocium
1442 2669 1534 2719 hoc
1569 2668 1962 2718 examinandum
1999 2673 2098 2717 tres
2127 2670 2427 2719 doctissimos

273 2743 402 2804 viros
427 2757 717 2816 ordinasset,
753 2763 801 2805 et
823 2758 922 2818 ipsi
939 2771 1038 2819 per
1064 2757 1436 2818 inspirationem
1466 2756 1631 2804 saneti
1662 2755 1869 2815 spiritus
1891 2767 2003 2803 cum
2031 2755 2426 2804 universitatibus

265 2842 625 2902 prenominatis
662 2847 709 2890 et
748 2843 960 2901 heretice
1006 2843 1275 2903 pravitatis
1321 2841 1609 2901 inquisitore
1661 2840 2034 2898 conclusissent,
2088 2845 2136 2888 et
2187 2842 2434 2902 quomodo⁴

271 2928 669 2974 consultationem
711 2926 917 2975 Ioannis
950 2926 1195 2976 Beuchlin
1243 2938 1342 2973 non
1377 2926 1533 2974 solum
1577 2924 1996 2988 contempsissent,
2058 2925 2235 2974 Verum
2271 2925 2456 2976 etiams

273 3011 334 3058 de
369 3012 577 3059 articulo
613 3012 685 3058 ad
719 3013 982 3060 articulum
1007 3014 1057 3060 in
1082 3012 1280 3073 scriptis
1304 3009 1626 3068 indicassent,
1659 3013 1965 3070 quapropter
1995 3010 2106 3070 ipsa
2130 3015 2255 3059 esset
2275 3024 2437 3072 sper-:2

275 3095 458 3141 nenda.
535 3094 671 3144 Tunc
719 3097 852 3145 dixit
887 3095 1261 3157 ‘Pepericorne,
1305 3095 1468 3141 omnia
1513 3094 1602 3152 hec
1637 3093 1757 3141 bene
1783 3094 2172 3155 perpendimus,
2220 3102 2270 3143 et
2292 3110 2425 3157 pre-

274 3180 439 3226 sertim
494 3182 894 3229 consultationem
944 3181 1152 3228 Ioannis
1204 3179 1473 3238 Reuchlin,
1532 3183 1582 3226 et
1632 3191 1796 3226 omnes
1847 3180 1935 3239 qui
1984 3179 2118 3229 hanc
2169 3182 2338 3241 leyunt
2380 3185 2428 3229 et

276 3263 510 3320 audiunt,
558 3277 654 3311 non
689 3267 837 3313 aliter
870 3266 1036 3315 dicere
1064 3268 1272 3325 possunt
1308 3276 1456 3324 quam
1491 3264 1625 3323 quod
1657 3263 1907 3311 immundo
1942 3266 2122 3325 spiritu
2151 3266 2216 3312 sit
2249 3274 2447 3313 macic-⁴

193 3353 256 3399 «ab
277 3344 415 3395 lata'.
483 3347 674 3395 Adiecit
697 3345 718 3415 ΙΙ
742 3350 889 3397 etiam
925 3349 1163 3410 quomodo
1198 3349 1249 3396 in
1284 3348 1377 3397 hoc
1412 3349 1611 3408 nepocio
1644 3349 1848 3397 ulterius
1876 3349 2088 3410 procedi
2118 3362 2217 3397 non
2247 3351 2456 3412 possit93

277 3431 370 3479 sed
419 3433 782 3491 expectandum
832 3447 935 3482 esse
988 3448 1140 3495 usque
1196 3434 1268 3482 ad
1313 3435 1601 3495 proximum
1649 3434 1780 3481 diem
1823 3438 2086 3483 conventus
2119 3435 2439 3495 principum:

284 3521 400 3564 tunc
434 3517 547 3563 velit
584 3516 845 3575 Cesaream
882 3520 1180 3567 maiestatem
1214 3524 1260 3567 et
1298 3519 1514 3578 reliquos
1540 3519 1803 3580 principes
1839 3518 2106 3570 adhortari
2131 3524 2185 3566 ut
2217 3532 2299 3567 res
2333 3520 2428 3566 ista

280 3601 456 3649 bonum
499 3601 759 3647 sortiretur
798 3603 963 3658 finem.
1024 3601 1125 3649 Sed
1169 3607 1284 3651 tunc
1331 3604 1563 3662 temporis
1599 3605 1764 3651 nullus
1794 3602 1901 3662 fuit
1934 3608 2198 3651 conventus
2223 3603 2428 3664 princi*

273 3698 416 3746 pum,
450 3690 752 3745 quapropter
783 3698 863 3732 res
896 3686 984 3733 itta
1017 3684 1122 3742 suit
1146 3690 1421 3745 protracta.
1483 3685 1640 3741 Quam
1665 3687 1721 3734 ob
1745 3701 1949 3736 causam
1980 3687 2130 3746 Iudei
2155 3699 2252 3735 non
2275 3689 2429 3735 solum
2454 3700 2456 3749 g

277 3783 329 3818 se
377 3767 734 3817 roboraverunt
780 3773 828 3815 et
868 3774 1042 3816 contra
1089 3782 1177 3816 nos
1213 3768 1516 3817 Christianos
1557 3784 1608 3817 se
1643 3776 2007 3830 opposuerunt,
2048 3772 2139 3819 sed
2170 3773 2317 3819 etiam
2352 3769 2425 3819 ad
2436 3757 2456 3828 4

276 3867 354 3912 ,me
389 3853 619 3901 dicebant
655 3852 913 3901 ‘Reuchlin
950 3854 1081 3901 novit
1110 3858 1155 3901 te
1189 3854 1429 3914 expedire
1462 3859 1510 3902 et
1542 3854 1630 3902 tibi
1662 3857 1920 3903 resistere.-
1970 3856 2104 3905 hunc
2140 3856 2214 3903 ad
2246 3829 2456 3943 defen-4
