2456 4264
622 316 818 347 omnm
840 316 1005 347 omoeu
1025 316 1253 346 amsa-om
1273 315 1616 347 APOLOGETIGA.
2081 292 2198 354 401

41 501 80 511 ,ᾗ
124 472 128 480 .
317 445 401 498 est'
425 449 479 497 in
513 450 760 508 scoriam,
801 454 850 498 et
885 450 1055 499 vinum
1097 448 1222 509 (non
1259 453 1316 498 ut
1351 449 1435 498 ille
1471 451 1546 498 ait
1568 447 1717 511 ‘aqua
1752 450 1988 512 mixtum)
2025 451 2117 500 sed
2154 453 2208 501 in

0 558 4 580 f
223 559 231 577 s
252 556 280 575 a
316 553 328 575 ι
426 535 789 593 maledicendi,
839 535 1138 595 mentiendi,
1187 547 1251 583 ac
1287 534 1678 596 blasphemandi
1707 538 1956 586 sentinam
1993 552 2209 589 commu-

86 608 94 610 ⁷
263 665 265 667 .
288 619 489 669 Bidetis
533 621 666 680 scio,
718 633 811 668 nec
857 621 1057 668 mirum·
1132 618 1390 681 Scriptum
1435 625 1511 668 est
1563 623 1720 681 enim,
1785 622 2052 682 ‘Letantur
2097 639 2211 675 cum

46 692 101 726 ³³³
199 705 420 764 ecerint,
467 708 519 752 et
560 705 794 754 excultant
840 706 894 753 in
938 705 1090 753 rebus
1122 703 1378 766 pessimis’.
1456 705 1526 754 Et
1544 690 1862 769 ¹Pytltaqora
1907 714 2051 770 teste,
2100 724 2214 760 sues

143 791 262 858 212·AE
308 791 363 859 in
397 803 543 839 coeno
579 803 732 851 quam
769 791 823 838 in
863 788 1014 849 fonte
1058 794 1344 838 versantur.
1420 789 1646 851 Ridetis,
1695 793 1925 854 inquam,
1978 799 2035 843 at
2079 797 2214 845 risus

68 859 70 861 V
96 856 282 935 ‚secto
317 880 482 925 vester
519 876 571 924 in
607 876 797 924 luctum
834 872 1261 939 comeutabitur,
1314 879 1363 923 et
1407 876 1509 923 nisi
1549 876 1815 925 subitanea
1859 884 2021 927 morte
2057 880 2219 941 (quod
2238 866 2326 919 “fij

99 1012 122 1016 ,,
143 983 177 1025 μ
215 962 444 1022 avertat)
486 961 826 1022 preoccupati
864 958 1103 1019 fueritis,
1164 960 1306 1007 illam
1332 953 1354 1026 ΙΙ
1370 960 1559 1020 procul
1604 960 1755 1009 dubio
1801 963 1974 1011 vivetis
2018 963 2214 1025 boram,
2239 964 2260 995 ²
2274 962 2295 994 ⁵

122 1057 242 1110 m
275 1059 403 1095 sera
431 1046 575 1095 ducti
596 1046 925 1108 penitudine,
975 1049 1137 1103 vestre
1183 1057 1271 1092 vos
1316 1045 1597 1105 iniquitatis
1627 1046 1885 1106 penitebit.
1961 1047 2054 1097 Est
2088 1051 2220 1098 enim

173 1122 176 1125 ’
220 1152 222 1154 ’
268 1131 517 1192 omnium,
562 1129 707 1180 ‘Sero
742 1131 950 1192 sapiunt
986 1127 1249 1192 Phryqes’.
1324 1128 1482 1177 Nobis
1508 1128 1751 1190 profecto
1789 1132 1848 1190 (a
1884 1133 2060 1193 quibus
2095 1149 2222 1184 nun-

117 1207 133 1226 ”
171 1255 174 1260 κ
252 1217 441 1279 offensi
481 1217 622 1277 estis)
671 1215 881 1276 indique
915 1219 965 1263 et
999 1214 1245 1262 immerito
1281 1213 1520 1273 illuditis,
1571 1219 1627 1262 at
1665 1215 1788 1264 deus
1823 1217 1930 1278 ipse
1966 1232 2066 1267 non
2104 1221 2222 1269 irri-

52 1295 82 1360 ζ’
107 1302 114 1309 ’
168 1285 170 1289 ’
203 1337 219 1351 .
292 1299 435 1350 Dicit
469 1301 640 1362 itaque
674 1314 788 1350 cum
815 1299 1077 1361 propbeta
1118 1299 1270 1346 ‘Gens
1307 1298 1496 1358 absque
1541 1300 1779 1360 consilio,
1831 1302 2028 1352 utinam
2074 1318 2221 1366 sape-

115 1395 128 1433 i
145 1406 153 1438 ς
194 1390 254 1437 et
286 1386 653 1446 intelligerent,
697 1398 761 1434 ac
796 1385 1067 1433 novissima
1092 1379 1471 1445 previderentl'
1507 1383 1616 1442 Hec
1644 1375 1888 1445 profecto
1924 1390 2116 1438 nemini
2135 1403 2222 1440 no-

160 1479 171 1485 “
205 1480 210 1481 ’
243 1471 477 1533 leyitime
512 1474 733 1532 possunt
779 1470 955 1529 obiici,
1005 1481 1156 1529 quum
1202 1468 1388 1516 similia
1435 1468 1747 1519 ediderimus
1790 1485 2069 1534 nunquam.
2146 1476 2224 1524 Eo

224 1556 534 1614 calamitatis
579 1555 707 1614 (beu
750 1567 843 1603 nos
887 1551 1147 1614 infelices)
1196 1557 1269 1601 est
1302 1566 1601 1615 processum
1647 1556 1700 1604 in
1747 1558 1962 1607 ecclesia
2009 1560 2117 1620 dei,
2169 1566 2226 1610 ut

28 1692 29 1695 ,
174 1639 306 1704 sere
340 1641 559 1691 omnium
597 1639 754 1701 (prob
787 1639 960 1702 pudor
995 1636 1149 1698 nefas
1184 1642 1259 1687 est
1295 1639 1492 1700 dicere)
1530 1640 1849 1691 ethnicorum
1885 1645 2050 1705 maqis
2074 1658 2224 1706 quam

60 1712 186 1784 *ζῷ4·
237 1729 250 1739 ·
318 1738 463 1778 orum
507 1725 767 1773 sententiis
812 1724 1085 1774 abundent.
1162 1723 1334 1773 Pluris
1369 1730 1556 1787 poetas
1593 1724 1803 1788 facitis,
1854 1742 2005 1790 quam
2051 1743 2230 1779 sacros

132 1839 137 1846 ·
168 1868 179 1873 .
212 1833 261 1875 tl
301 1812 559 1870 doctores,
609 1814 660 1858 et
705 1803 765 1858 in>
805 1810 917 1858 sola
953 1809 1219 1858 verborum
1246 1823 1446 1872 pompa
1483 1823 1675 1860 omnem
1712 1818 1872 1873 vestre
1908 1814 2231 1863 beatitudinis

113 1921 254 1968 „·‘.··.·‘
316 1896 598 1947 collocatis.
673 1894 814 1943 Hinc
849 1896 903 1944 in
933 1894 1157 1956 publicis
1195 1899 1297 1943 tum
1333 1896 1803 1957 declamationibus,
1844 1903 1949 1948 tum
1987 1901 2229 1949 orationi-

123 2046 127 2049 ·
160 2019 180 2047 ,
227 1994 408 2036 nomen
453 1981 571 2033 Iesu
616 1979 801 2029 christi
842 1981 1085 2029 invocare
1131 1979 1404 2029 ridiculum
1458 1981 1596 2030 vobis
1641 1996 1746 2031 esse
1801 1984 2017 2035 videtur.
2093 1986 2233 2035 Hinc

24 2055 25 2060 ¹
69 2069 97 2122 ’,
286 2068 299 2079 ·
365 2068 421 2116 in
457 2065 728 2128 reprobum
765 2053 1021 2128 exponitis
1054 2078 1278 2126 sensum,
1320 2071 1369 2115 et
1405 2068 1542 2115 omni
1575 2072 1677 2116 tum
1714 2069 1905 2129 vultus,
1947 2074 2050 2119 tum
2076 2071 2238 2120 animi

7 2154 27 2210 ’νζ
211 2153 298 2216 ‘ta
344 2153 636 2214 pravitate,
707 2149 1127 2212 irrefraqabilem
1190 2164 1462 2200 sacrarum
1528 2153 1819 2202 litterarum
1880 2157 2233 2205 auctoritatem

12 2235 23 2260 ³
68 2230 81 2263 Ψ
116 2291 118 2293 ,
208 2259 232 2275 »ι
270 2239 391 2291 atis.
470 2237 570 2296 ‘Vc
616 2237 794 2298 itaque
835 2236 975 2286 vobis
1023 2236 1234 2295 (Esaias
1270 2238 1368 2299 ait)
1416 2238 1506 2299 qui
1538 2238 1708 2287 dicitis
1743 2240 1932 2289 malum
1969 2240 2151 2290 bonum
2188 2246 2237 2289 et

172 2387 182 2391 ἢ
203 2322 210 2325 ‘⁷
282 2323 497 2383 malum,
529 2327 780 2384 ponentes
815 2321 1052 2370 tenebras
1086 2322 1249 2371 lucem
1275 2328 1323 2370 et
1345 2323 1507 2371 lucem
1532 2323 1791 2385 tenebras,
1823 2330 2073 2386 ponentes
2097 2338 2236 2375 ama·

133 2439 154 2459 μ
187 2408 275 2466 „in
309 2407 460 2459 dulce
494 2412 544 2456 et
580 2407 728 2456 dulce
763 2407 816 2456 in
854 2419 1114 2468 amarum,
1155 2407 1415 2456 trabentes
1451 2409 1767 2470 iniquitatem
1794 2410 1847 2458 in
1877 2409 2130 2470 funiculis
2152 2424 2238 2461 va-

0 2510 37 2555 ις
108 2518 148 2547 ψ.
181 2507 210 2531 ¹<
243 2546 246 2551 ,
284 2498 464 2554 vestre.
549 2493 622 2552 Vc
669 2493 759 2554 qui
798 2493 1052 2554 sapientes
1097 2493 1214 2541 estis
1249 2493 1302 2541 in
1342 2493 1499 2542 oculis
1534 2495 1738 2554 vestris,
1788 2499 1837 2543 et
1872 2508 2047 2545 coram
2085 2496 2240 2545 vobis·
2271 2499 2274 2509 '

55 2587 71 2640 ,ξ
120 2600 156 2631 ,4
178 2579 331 2644 ipsis
360 2575 666 2644 prudentes'.
746 2576 867 2635 Quis
902 2577 1040 2626 vobis
1069 2578 1197 2636 fidei
1228 2591 1438 2627 causam
1485 2581 1765 2629 commisit?
1814 2579 1934 2638 Quis
1969 2581 2120 2630 verbo
2158 2594 2244 2631 vos

56 2674 113 2734 [w
129 2677 132 2680 ·
146 2659 324 2729 eadit?
361 2662 518 2713 Nemo
553 2663 749 2725 hercle,
792 2676 951 2712 nemo.
1029 2662 1229 2712 Nostris
1264 2668 1402 2712 certe
1437 2663 1685 2726 theoloqis
1707 2666 1954 2724 heresium
1979 2668 2244 2729 extirpan-

61 2763 90 2822 ‘.
127 2773 134 2789 ι
211 2777 216 2783 -
305 2761 486 2799 munus
530 2761 564 2797 a
600 2747 751 2800 Sixto
778 2761 929 2811 papa
966 2754 1150 2809 quarto
1188 2748 1269 2807 (ut
1305 2749 1357 2797 in
1393 2751 1571 2799 vestris
1605 2764 1768 2813 supra
1803 2752 2248 2801 lamentationibus

59 2874 77 2902 ,
98 2858 134 2873 11
180 2836 265 2898 a).
278 2834 622 2898 peculiariter
667 2839 741 2882 est
786 2835 1117 2883 commissum.
1191 2833 1490 2884 Irascimini
1530 2848 1656 2897 erqo
1702 2841 1751 2885 et
1803 2837 1961 2886 nolite
2005 2850 2245 2899 peccare.

67 2920 137 2973 ‘js
160 2923 307 2971 mant
329 2919 455 2969 muli
473 2918 652 2979 mulos,
692 2923 742 2967 et
763 2920 1059 2980 sanquinem
1083 2919 1402 2969 innocentum
1439 2933 1540 2969 non
1577 2922 1803 2970 eliciant.
1879 2922 1975 2970 Ilis
2009 2921 2245 2980 moribus,

73 3014 118 3051 2:-
160 3072 163 3074 .
192 3005 464 3073 conviciis,
504 3003 584 3052 bis
619 3009 758 3052 certe
793 3005 1072 3059 mendaciis
1107 3009 1156 3053 et
1190 3005 1506 3054 contumeliis
1531 3001 1764 3067 Capnion
1802 3007 1908 3068 ipse
1944 3007 2132 3055 amicos
2155 3005 2255 3055 sibi

241 3102 272 3140 e
306 3102 409 3140 non
439 3093 632 3152 potest,
682 3089 885 3138 videtur
930 3090 1159 3139 inimicos
1204 3090 1345 3139 velle.
1423 3089 1466 3137 (ἱ
1502 3090 1776 3140 Irrisiones
1815 3096 2054 3153 preterea
2091 3095 2252 3149 vestre

74 3205 91 3221 ,κ
120 3181 204 3211 -ffl
250 3174 326 3224 ad
356 3173 744 3224 Reuchlinicam
775 3173 987 3234 faciunt
1033 3176 1414 3224 contentionem.
1490 3163 1553 3224 S'z·
1594 3176 1731 3225 vobis
1768 3181 1857 3225 aut
1893 3176 2008 3225 aliis
2044 3177 2134 3238 qui
2167 3188 2252 3225 no-

41 3294 54 3334 2
167 3291 170 3297 ·
197 3258 566 3320 adversantur,
602 3265 822 3322 peccata
858 3260 1204 3322 exprobrare,
1245 3265 1294 3309 et
1321 3253 1606 3319 sa‘lsissima
1643 3274 1837 3322 queque
1862 3261 2134 3324 offundere
2157 3261 2254 3310 vel-

157 3375 194 3402 ,κ
236 3384 238 3387 .
258 3381 276 3408 ,
324 3357 426 3395 non
463 3345 654 3394 deesset
689 3345 832 3395 nobis
860 3343 1090 3405 sortasse
1123 3344 1382 3394 scribendi
1413 3346 1654 3406 materia,
1702 3346 1794 3395 sed
1826 3346 1922 3396 boc
1960 3346 2256 3396 histrionum

135 3433 248 3499 get
279 3430 724 3491 muliercularum,
765 3444 867 3480 non
904 3430 1148 3479 bonorum
1186 3443 1349 3492 neque
1383 3431 1683 3492 sapientum.
1760 3431 2040 3494 Propterea
2078 3431 2259 3480 doctis-

139 3500 149 3531 *
170 3572 194 3587 ,Ι
229 3555 231 3557 .
277 3515 365 3565 ille
401 3514 646 3565 Erasmus
683 3515 1082 3575 Boterodamus,
1125 3514 1471 3576 theoloqorum
1508 3515 1891 3577 disertissimus,
1934 3521 1983 3565 et
2020 3529 2119 3565 non
2157 3514 2259 3564 vul-

138 3609 146 3616 ’
249 3600 437 3663 dianus
472 3600 691 3661 bonore,
741 3615 828 3650 vos
878 3600 1117 3650 obscuros
1153 3600 1532 3650 Beuclzlinistas
1575 3606 1820 3663 tanquam
1858 3606 2052 3663 pestem
2105 3613 2260 3661 quan-

166 3716 170 3717 ff
250 3685 529 3736 detestatur
565 3686 799 3748 doletque
833 3699 898 3736 ac
935 3686 1100 3748 plane
1143 3686 1448 3747 inqemiscit,
1497 3699 1604 3735 sese
1650 3687 1703 3736 in
1750 3688 1928 3736 vestris
1974 3685 2194 3747 epistolis
2230 3695 2262 3728 a

212 3878 230 3909 ¹
257 3879 357 3938 ille]
390 3882 500 3925 lsai.
524 3884 560 3928 1.
581 3884 652 3924 22.
758 3883 775 3910 ³
808 3882 1060 3939 Scriptum]
1094 3883 1314 3926 Proverb.
1338 3883 1397 3925 11.
1423 3882 1490 3926 14.
1599 3881 1630 3910 ¹¹
1664 3883 1916 3925 Deuteron.
1940 3880 2080 3922 XXX.
2104 3879 2173 3919 28.
2198 3890 2263 3930 sq.

113 3943 165 3983 ’Β
192 3963 263 3995 211·
294 3967 324 3996 a
354 3966 466 4009 sque
499 3953 694 3996 consilio
727 3958 799 3996 est
830 3959 879 3996 et
907 3956 1009 3997 sine
1040 3955 1300 4009 prudentia.
1332 3955 1519 3996 Utinam
1551 3961 1632 3995 ete.
1721 3952 1757 3979 ²²
1788 3953 1895 3994 lsai.
1919 3952 1970 3992 V.
1991 3950 2060 3990 20.
2084 3962 2151 4001 sq.

85 4055 117 4101 κε
203 4022 318 4070 Em’.
341 4038 598 4069 onscvnon.
623 4039 783 4068 vmon.
1828 4027 1894 4075 26
