2456 4264
839 287 1128 323 PASQVILLVS
1151 285 1396 317 MARRANVS
1418 286 1555 317 Exvn.
2151 262 2272 322 507

120 424 206 473 lari
242 421 523 475 existiment,
563 436 702 484 quum
739 427 933 484 propter
972 429 1203 484 torporem
1240 428 1287 468 et
1323 422 1492 483 ingenii
1530 422 1786 469 tarditatem
1822 436 1906 470 nec
1942 437 2043 484 quae
2068 428 2171 470 ante
2197 437 2275 486 pe-

121 496 202 543 des
238 501 347 543 sunt
382 494 533 541 videre
570 500 752 556 queant,
790 493 880 540 illis
919 495 1123 556 inprimis
1160 494 1343 541 Thomae
1379 508 1430 541 ac
1467 493 1591 541 Scoti
1632 493 1884 541 adimantur
1920 494 2114 547 codices,
2153 494 2275 557 quod

119 566 258 628 longe
292 565 449 613 utilius
486 572 533 613 et
569 565 901 614 conducibilius
938 580 1071 626 quam
1109 567 1148 612 si
1183 565 1343 612 ludaeis
1380 564 1657 613 Thalmudici
1694 565 1956 613 auferantur
1979 565 2099 613 libri.

962 637 1092 689 „Fiat
1128 643 1181 683 ut
1218 636 1432 699 petitur”.

82 805 105 839 ⁵
144 780 149 783 ’
834 790 1099 841 Decretum
1137 790 1186 840 S.
1228 791 1282 841 D.
1324 790 1382 841 N.
1421 790 1566 856 Papae

570 893 710 942 super
747 878 1082 943 supplicatione
1116 878 1335 940 Pasquilli
1370 876 1489 925 lecta
1525 883 1571 925 et
1607 877 1833 941 publicata

868 965 953 1013 per
987 951 1020 997 D
1040 987 1051 998 .
1070 945 1180 1014 Efim
1198 986 1209 998 .
1228 949 1525 997 Sutriensem.

261 1049 488 1099 Sanctitas
510 1051 557 1098 D.
584 1049 637 1097 N.
660 1051 807 1113 Papae,
845 1057 1024 1099 maturo
1061 1051 1215 1098 habito
1254 1049 1463 1102 concilio,
1501 1049 1556 1096 ad
1593 1051 1851 1097 universum
1876 1049 2177 1099 Christianum
2203 1068 2277 1100 or-

119 1121 224 1169 bem
268 1119 447 1183 legatos
494 1122 618 1170 viros
664 1123 836 1170 scilicet
880 1123 1169 1171 doctissimos
1215 1122 1396 1168 mittere
1441 1120 1663 1172 decrevit,
1711 1122 1790 1182 qui
1828 1121 2033 1182 diligenti
2069 1123 2277 1185 indagine

65 1203 107 1237 10
123 1194 395 1256 perquirant
439 1199 486 1241 et
530 1195 786 1241 examinent
833 1208 912 1241 eos
958 1195 1036 1256 qui
1083 1207 1133 1240 se
1180 1192 1437 1253 theologico
1483 1193 1666 1238 nomine
1711 1192 1874 1254 dignos
1911 1207 2012 1241 esse
2048 1202 2277 1247 censeant,

27 1262 33 1267 ’
121 1279 239 1327 quos
276 1265 316 1312 si
353 1271 444 1312 tam
478 1265 628 1312 verbis
666 1280 801 1327 quam
838 1265 1053 1328 operibus
1074 1264 1292 1326 legitime
1328 1263 1656 1326 philosophari,
1693 1262 1972 1324 Evangelicae
2008 1267 2185 1313 veritati
2210 1281 2279 1313 se-

121 1335 230 1383 dulo
267 1336 517 1390 inhaerere,
554 1336 753 1383 Paulinae
790 1351 841 1384 ac
877 1338 1135 1399 priscorum
1175 1335 1496 1396 theologorum
1533 1335 1751 1382 doctrinae
1793 1350 1979 1398 operam
2022 1337 2278 1399 impendere

120 1408 400 1461 invenerint,
437 1422 519 1455 eos
555 1409 797 1471 praeconiis
835 1415 880 1454 et
915 1407 1124 1455 laudibus
1162 1406 1380 1455 extollant
1404 1406 1759 1468 muneribusque
1785 1407 2024 1460 honorent,
2063 1423 2114 1456 ac
2138 1415 2190 1455 ut
2215 1409 2280 1456 se-

120 1478 276 1527 liciter
312 1493 498 1542 quoque
534 1486 728 1542 pergant
765 1486 811 1526 et
847 1478 1192 1527 successoribus
1227 1492 1310 1540 per
1345 1493 1505 1525 manus
1542 1483 1666 1525 recte
1691 1478 1864 1525 vivendi
1890 1484 1935 1526 et
1959 1479 2148 1527 docendi
2173 1495 2280 1527 nor-

65 1560 107 1595 15
121 1565 240 1599 mam
279 1550 458 1599 tradant
493 1552 809 1604 exhortentur;
851 1565 968 1613 quos
1005 1564 1111 1597 vero
1151 1565 1242 1598 non
1280 1564 1345 1602 re,
1384 1550 1464 1596 sed
1501 1549 1650 1597 verbis
1688 1555 1866 1597 tantum
1903 1551 2112 1599 inanibus
2138 1551 2279 1614 digla-

119 1622 256 1676 diari,
301 1621 616 1684 Evangelicam
652 1628 802 1670 autem
851 1629 897 1669 et
940 1623 1137 1685 priscam
1187 1621 1462 1684 theologiam
1507 1622 1757 1683 sophistica
1792 1622 2059 1683 garrulitate
2097 1630 2143 1670 et
2178 1638 2279 1671 cor-

117 1700 255 1757 rupta
290 1693 524 1742 dialectica
568 1707 887 1756 corrumpere,
933 1694 1136 1742 moribus
1184 1708 1290 1741 vero
1337 1699 1497 1741 contra
1543 1707 1593 1740 ac
1639 1694 1725 1755 ipsi
1771 1695 2038 1756 praecipiant
2083 1697 2280 1757 pessime

118 1767 291 1822 vivere,
335 1765 536 1828 linguam
573 1765 770 1827 denique
805 1766 1006 1814 Latinam
1045 1769 1226 1828 penitus
1264 1765 1476 1827 ignorare
1513 1765 1764 1827 reperient,
1804 1779 1884 1811 eos
1920 1765 2280 1813 comminationi·

117 1836 203 1884 bus
248 1836 506 1884 deterreant
554 1837 941 1901 competentibus,
995 1852 1085 1899 quo
1125 1838 1275 1883 minus
1320 1836 1540 1899 improbis
1578 1842 1625 1882 et
1661 1836 1899 1897 flagitiosis
1937 1837 2140 1885 moribus
2177 1852 2278 1892 cum

60 1917 275 1958 zocrassa
310 1915 358 1956 et
394 1910 557 1972 supina
595 1925 677 1958 sua
712 1909 971 1972 ignorantia
1007 1909 1361 1957 sacratissimum
1400 1907 1644 1968 theologiae
1680 1921 1846 1954 nomen
1884 1908 2094 1971 deinceps
2131 1909 2279 1971 inqui-

115 1994 228 2033 nare
264 1980 482 2038 audeant,
520 1987 793 2043 perpetuum
818 1981 1098 2042 garrulitatis
1124 1995 1175 2028 ac
1201 1980 1410 2027 vanitatis
1437 1995 1530 2026 suae
1556 1981 1789 2040 imponant
1815 1978 2059 2027 silentium.
2116 1981 2277 2042 quodsi

115 2051 164 2099 in
199 2053 447 2114 pertinacia
483 2067 565 2102 sua
601 2052 738 2100 solita
773 2045 916 2101 instar
953 2052 1229 2115 perfidorum
1253 2051 1493 2113 ludeorum
1531 2064 1821 2112 perseverare
1847 2050 2031 2112 dignum
2057 2052 2277 2104 duxerint,

116 2129 166 2171 et
199 2125 443 2175 temerario
479 2125 585 2171 nisu
621 2125 794 2171 monita
830 2140 882 2172 ac
918 2124 1126 2171 mandata
1164 2130 1254 2170 tam
1292 2124 1411 2170 iusta
1448 2137 1499 2170 ac
1544 2123 1620 2183 pia
1666 2122 1900 2184 negligere
1945 2123 2043 2170 ausi
2091 2123 2276 2176 fuerint,

118 2201 235 2258 post·
260 2194 516 2243 debitarum
551 2210 786 2258 poenarum
825 2198 1104 2244 exactionem
1143 2194 1402 2242 simulatum
1442 2194 1530 2240 illis
1570 2199 1617 2239 et
1663 2194 1994 2255 hypocriticam
2041 2194 2279 2242 detrahant

59 2277 105 2312 25
122 2273 461 2320 ornamentum,
499 2274 552 2315 ut
588 2267 736 2330 palam
773 2267 946 2330 liqueat
984 2267 1068 2315 sub
1106 2267 1286 2314 leonina
1323 2265 1442 2328 pelle
1478 2265 1659 2312 minime
1699 2265 1990 2327 theologum,
2030 2266 2108 2313 sed
2146 2266 2277 2329 plane

118 2345 208 2386 tam
243 2339 320 2390 diu
357 2338 532 2387 asinum
569 2339 819 2387 delituisse.

172 2459 180 2466 ,
254 2410 380 2458 Flete
417 2410 583 2472 igitur,
621 2410 967 2472 Theologastri‚
1007 2424 1110 2459 nam
1149 2409 1409 2471 ignorantia
1447 2415 1597 2456 vestra
1634 2422 1685 2456 ac
1721 2409 1924 2471 perversi
1951 2423 2102 2457 mores
2127 2409 2276 2474 palam

114 2481 227 2530 fient
259 2496 315 2531 ac
347 2482 774 2531 manifestabuntur.

764 2634 1026 2686 Publius
1076 2633 1615 2700 Schnarregallus

58 2720 103 2755 ao
501 2710 719 2758 Maironis
757 2711 1075 2773 Imperatoris,
1112 2711 1274 2757 summi
1311 2708 1546 2757 Pontificis
1585 2708 1902 2761 Cancellarius,

987 2783 1234 2831 reverendo
1271 2781 1400 2830 fratri

522 2850 576 2901 P.
613 2849 970 2914 Augustino
1007 2850 1370 2902 Alveldiano
1408 2849 1852 2907 Franciscano,

777 2925 1003 2987 regularis
1029 2925 1329 2973 observantiae
1356 2925 1401 2972 S.
1430 2924 1586 2971 Crucis
1603 2960 1613 2976 ,

185 2997 303 3046 sacri
328 2995 578 3044 Bibliorum
616 2997 802 3044 canonis
840 2998 1130 3045 miseratione
1167 2998 1315 3045 divina
1352 3004 1397 3043 et
1422 2996 1698 3043 authoritate
1724 2995 1976 3057 apostolica
1999 2996 2202 3050 Lectori,

58 3076 102 3111 35
633 3074 679 3114 et
716 3070 760 3115 in
799 3069 988 3116 summis
1026 3069 1350 3117 festivitatibus
1389 3067 1759 3130 Viceguardiano,

438 3138 622 3187 habitus
647 3139 959 3188 Cardinalatus
985 3141 1028 3188 S.
1057 3141 1315 3202 Hieronymi
1355 3139 1584 3187 defensori
1624 3138 1947 3201 imperterrito.

681 3218 727 3258 et
765 3211 810 3258 in
848 3212 976 3260 Caena
1014 3212 1183 3259 domini
1223 3212 1400 3259 Oratori
1438 3211 1492 3257 de
1530 3210 1707 3272 Synaxi.

876 3284 1148 3331 Romanistae
1187 3284 1516 3334 romanissimo‚

402 3352 568 3401 bonam
604 3359 800 3401 mentem
838 3362 883 3401 et
921 3355 1157 3403 duodecim
1195 3354 1415 3401 chiliades
1454 3353 1728 3401 talentorum
1765 3353 1984 3402 hellebori

54 3433 99 3468 40
1094 3433 1295 3488 exoptat.

253 3523 493 3572 Miraberis,
532 3524 754 3577 sortasse,
804 3524 1164 3572 alveldialissime
1211 3524 1405 3577 Alveldi,
1455 3540 1537 3573 cur
1584 3525 1843 3588 syngrapha
1894 3525 1974 3573 tihi
2022 3526 2270 3588 Imperator

115 3610 317 3645 summus
363 3596 569 3659 pontifex
615 3611 708 3643 non
756 3597 1066 3659 rescripserit,
1117 3612 1205 3660 qua
1253 3597 1339 3643 iam
1378 3597 1550 3659 pridem
1596 3597 1640 3644 S.
1687 3596 1912 3645 Michaelis
1963 3597 2119 3644 literas
2168 3611 2267 3643 csse

223 3721 244 3750 ⁴
271 3724 372 3765 Hoc
397 3723 590 3777 pontifici
615 3722 825 3763 tribuitur.

225 3794 244 3821 ⁸
273 3807 456 3837 nzc‘rvu
487 3807 544 3835 m·
576 3806 872 3837 rvnmcmvu
901 3793 1031 3836 scribi
1059 3793 1253 3836 debebat.
1359 3792 1396 3820 ²²
1425 3792 1680 3836 Iudaeorum
1711 3795 1753 3834 2.
1861 3792 1897 3819 ²⁶
1928 3792 2155 3845 Sequentia
2185 3804 2265 3831 mm

113 3865 239 3908 habet
268 3868 311 3907 2.

225 3934 264 3963 ⁸⁰
290 3934 527 3991 Maii-onis]
560 3950 616 3978 an
643 3949 725 3991 pro
755 3936 984 3979 Matronis
1013 3950 1071 3975 ==
1099 3937 1302 3990 Marani,
1334 3940 1574 3985 exsecrati,
1605 3936 1876 3990 deceptoris?
1913 3934 2028 3976 Nam
2060 3932 2134 3974 vix
2166 3945 2261 3975 cre—
