<?xml version="1.0" encoding="UTF-8"?>
<!DOCTYPE html PUBLIC "-//W3C//DTD XHTML 1.0 Transitional//EN"
    "http://www.w3.org/TR/xhtml1/DTD/xhtml1-transitional.dtd">
<html xmlns="http://www.w3.org/1999/xhtml" xml:lang="en" lang="en">
 <head>
  <title>
</title>
<meta http-equiv="Content-Type" content="text/html;charset=utf-8" />
  <meta name='ocr-system' content='tesseract 3.04.00' />
  <meta name='ocr-capabilities' content='ocr_page ocr_carea ocr_par ocr_line ocrx_word'/>
</head>
<body>
  <div class='ocr_page' id='page_1' title='image "./supoperaquaerepe01huttuoft_0509.png"; bbox 0 0 2456 4264; ppageno 0'>
   <div class='ocr_carea' id='block_1_1' title="bbox 855 262 2316 323">
    <p class='ocr_par' dir='ltr' id='par_1_1' title="bbox 855 262 2316 323">
     <span class='ocr_line' id='line_1_1' title="bbox 855 262 2316 323; baseline 0.005 -8"><span class='ocrx_word' id='word_1_1' title='bbox 855 284 1191 316; x_wconf 66' lang='lat' dir='ltr'><strong>nocnsnuwvs</strong></span> <span class='ocrx_word' id='word_1_2' title='bbox 1213 284 1363 316; x_wconf 73' lang='lat' dir='ltr'><strong>ovAns</strong></span> <span class='ocrx_word' id='word_1_3' title='bbox 1385 284 1634 316; x_wconf 65' lang='lat' dir='ltr'><strong>nnnoavs.</strong></span> <span class='ocrx_word' id='word_1_4' title='bbox 2194 262 2316 323; x_wconf 78' lang='grc'><strong>469</strong></span> 
     </span>
    </p>
   </div>
   <div class='ocr_carea' id='block_1_2' title="bbox 79 418 2427 3492">
    <p class='ocr_par' dir='ltr' id='par_1_2' title="bbox 158 418 2318 696">
     <span class='ocr_line' id='line_1_2' title="bbox 160 418 2318 484; baseline 0 -15"><span class='ocrx_word' id='word_1_5' title='bbox 160 422 257 469; x_wconf 83' lang='lat' dir='ltr'><strong>tuis</strong></span> <span class='ocrx_word' id='word_1_6' title='bbox 290 425 566 484; x_wconf 64' lang='lat' dir='ltr'><strong>prasentem</strong></span> <span class='ocrx_word' id='word_1_7' title='bbox 604 422 779 481; x_wconf 81' lang='lat' dir='ltr'>rogasti</span> <span class='ocrx_word' id='word_1_8' title='bbox 814 419 1196 473; x_wconf 86' lang='lat' dir='ltr'><strong>Ecmundensem,</strong></span> <span class='ocrx_word' id='word_1_9' title='bbox 1242 418 1483 468; x_wconf 85' lang='lat' dir='ltr'><strong>Nestorem</strong></span> <span class='ocrx_word' id='word_1_10' title='bbox 1528 420 1658 468; x_wconf 90' lang='lat' dir='ltr'><strong>illum</strong></span> <span class='ocrx_word' id='word_1_11' title='bbox 1704 436 1972 483; x_wconf 87' lang='lat' dir='ltr'><strong>perversum</strong></span> <span class='ocrx_word' id='word_1_12' title='bbox 2021 436 2171 469; x_wconf 87' lang='lat' dir='ltr'><strong>senem</strong></span> <span class='ocrx_word' id='word_1_13' title='bbox 2209 423 2318 470; x_wconf 89' lang='lat' dir='ltr'><strong>deli-</strong></span> 
     </span>
     <span class='ocr_line' id='line_1_3' title="bbox 161 491 2316 554; baseline 0.001 -15"><span class='ocrx_word' id='word_1_14' title='bbox 161 506 290 544; x_wconf 83' lang='lat' dir='ltr'><strong>rum,</strong></span> <span class='ocrx_word' id='word_1_15' title='bbox 326 491 560 547; x_wconf 83' lang='lat' dir='ltr'><strong>odiosum,</strong></span> <span class='ocrx_word' id='word_1_16' title='bbox 598 491 866 544; x_wconf 89' lang='lat' dir='ltr'><strong>barbarum,</strong></span> <span class='ocrx_word' id='word_1_17' title='bbox 905 492 1124 554; x_wconf 83' lang='lat' dir='ltr'><strong>aequalem</strong></span> <span class='ocrx_word' id='word_1_18' title='bbox 1163 491 1271 544; x_wconf 90' lang='lat' dir='ltr'><strong>tibi,</strong></span> <span class='ocrx_word' id='word_1_19' title='bbox 1310 493 1441 539; x_wconf 90' lang='lat' dir='ltr'><strong>cuius</strong></span> <span class='ocrx_word' id='word_1_20' title='bbox 1479 505 1532 539; x_wconf 87' lang='lat' dir='ltr'><strong>ex</strong></span> <span class='ocrx_word' id='word_1_21' title='bbox 1558 507 1638 540; x_wconf 90' lang='lat' dir='ltr'><strong>ore</strong></span> <span class='ocrx_word' id='word_1_22' title='bbox 1675 494 1873 541; x_wconf 90' lang='lat' dir='ltr'><strong>amarior</strong></span> <span class='ocrx_word' id='word_1_23' title='bbox 1897 493 2003 541; x_wconf 86' lang='lat' dir='ltr'><strong>felle</strong></span> <span class='ocrx_word' id='word_1_24' title='bbox 2029 494 2130 540; x_wconf 87' lang='lat' dir='ltr'><strong>fluit</strong></span> <span class='ocrx_word' id='word_1_25' title='bbox 2156 497 2316 547; x_wconf 88' lang='lat' dir='ltr'><strong>oratio,</strong></span> 
     </span>
     <span class='ocr_line' id='line_1_4' title="bbox 161 563 2318 626; baseline 0.001 -16"><span class='ocrx_word' id='word_1_26' title='bbox 161 577 296 626; x_wconf 86' lang='lat' dir='ltr'><strong>quem</strong></span> <span class='ocrx_word' id='word_1_27' title='bbox 332 563 486 610; x_wconf 75' lang='lat' dir='ltr'><strong>ferunt</strong></span> <span class='ocrx_word' id='word_1_28' title='bbox 522 577 576 610; x_wconf 82' lang='lat' dir='ltr'><strong>ex</strong></span> <span class='ocrx_word' id='word_1_29' title='bbox 611 563 803 616; x_wconf 91' lang='lat' dir='ltr'><strong>Invidia,</strong></span> <span class='ocrx_word' id='word_1_30' title='bbox 850 564 1097 611; x_wconf 89' lang='lat' dir='ltr'><strong>deterrima</strong></span> <span class='ocrx_word' id='word_1_31' title='bbox 1133 563 1238 616; x_wconf 91' lang='lat' dir='ltr'><strong>dea,</strong></span> <span class='ocrx_word' id='word_1_32' title='bbox 1287 563 1534 611; x_wconf 85' lang='lat' dir='ltr'><strong>Cerberum</strong></span> <span class='ocrx_word' id='word_1_33' title='bbox 1571 564 1840 617; x_wconf 86' lang='lat' dir='ltr'><strong>sustulisse,</strong></span> <span class='ocrx_word' id='word_1_34' title='bbox 1888 572 1934 612; x_wconf 90' lang='lat' dir='ltr'><strong>et</strong></span> <span class='ocrx_word' id='word_1_35' title='bbox 1981 579 2082 612; x_wconf 91' lang='lat' dir='ltr'><strong>eum</strong></span> <span class='ocrx_word' id='word_1_36' title='bbox 2119 567 2165 612; x_wconf 92' lang='lat' dir='ltr'><strong>in</strong></span> <span class='ocrx_word' id='word_1_37' title='bbox 2202 566 2318 613; x_wconf 90' lang='lat' dir='ltr'><strong>hanc</strong></span> 
     </span>
     <span class='ocr_line' id='line_1_5' title="bbox 158 635 2317 696; baseline 0.001 -14"><span class='ocrx_word' id='word_1_38' title='bbox 158 635 308 682; x_wconf 88' lang='lat' dir='ltr'><strong>lucem</strong></span> <span class='ocrx_word' id='word_1_39' title='bbox 342 636 610 696; x_wconf 86' lang='lat' dir='ltr'><strong>exposuisse</strong></span> <span class='ocrx_word' id='word_1_40' title='bbox 648 641 855 696; x_wconf 82' lang='lat' dir='ltr'><strong>quartam</strong></span> <span class='ocrx_word' id='word_1_41' title='bbox 879 635 1062 682; x_wconf 80' lang='lat' dir='ltr'><strong>Furiam</strong></span> <span class='ocrx_word' id='word_1_42' title='bbox 1098 635 1153 683; x_wconf 92' lang='lat' dir='ltr'><strong>ad</strong></span> <span class='ocrx_word' id='word_1_43' title='bbox 1190 635 1411 683; x_wconf 87' lang='lat' dir='ltr'><strong>vexandas</strong></span> <span class='ocrx_word' id='word_1_44' title='bbox 1449 650 1524 684; x_wconf 89' lang='lat' dir='ltr'><strong>res</strong></span> <span class='ocrx_word' id='word_1_45' title='bbox 1560 637 1779 684; x_wconf 90' lang='lat' dir='ltr'><strong>humanas</strong></span> <span class='ocrx_word' id='word_1_46' title='bbox 1804 636 1935 685; x_wconf 82' lang='lat' dir='ltr'><strong>ferali</strong></span> <span class='ocrx_word' id='word_1_47' title='bbox 1960 637 2146 685; x_wconf 85' lang='lat' dir='ltr'><strong>latratu.</strong></span> <span class='ocrx_word' id='word_1_48' title='bbox 2203 637 2317 685; x_wconf 87' lang='lat' dir='ltr'><strong>Sunt</strong></span> 
     </span>
    </p>

    <p class='ocr_par' dir='ltr' id='par_1_3' title="bbox 115 705 2366 968">
     <span class='ocr_line' id='line_1_6' title="bbox 115 705 2316 786; baseline 0.003 -36"><span class='ocrx_word' id='word_1_49' title='bbox 115 717 137 750; x_wconf 74' lang='lat'>⁵</span> <span class='ocrx_word' id='word_1_50' title='bbox 161 706 240 786; x_wconf 79' lang='lat' dir='ltr'><strong>qui</strong></span> <span class='ocrx_word' id='word_1_51' title='bbox 275 705 413 754; x_wconf 79' lang='lat' dir='ltr'><strong>hujus</strong></span> <span class='ocrx_word' id='word_1_52' title='bbox 452 711 495 752; x_wconf 92' lang='lat' dir='ltr'><strong>te</strong></span> <span class='ocrx_word' id='word_1_53' title='bbox 533 719 798 767; x_wconf 89' lang='lat' dir='ltr'><strong>germanum</strong></span> <span class='ocrx_word' id='word_1_54' title='bbox 834 713 1095 758; x_wconf 83' lang='lat' dir='ltr'><strong>autument,</strong></span> <span class='ocrx_word' id='word_1_55' title='bbox 1134 707 1292 754; x_wconf 90' lang='lat' dir='ltr'><strong>eodem</strong></span> <span class='ocrx_word' id='word_1_56' title='bbox 1329 707 1384 754; x_wconf 88' lang='lat' dir='ltr'><strong>ab</strong></span> <span class='ocrx_word' id='word_1_57' title='bbox 1421 707 1500 754; x_wconf 92' lang='lat' dir='ltr'><strong>illo</strong></span> <span class='ocrx_word' id='word_1_58' title='bbox 1538 714 1674 770; x_wconf 89' lang='lat' dir='ltr'><strong>partu</strong></span> <span class='ocrx_word' id='word_1_59' title='bbox 1712 708 1847 755; x_wconf 92' lang='lat' dir='ltr'><strong>simul</strong></span> <span class='ocrx_word' id='word_1_60' title='bbox 1885 708 2101 762; x_wconf 83' lang='lat' dir='ltr'><strong>effusum,</strong></span> <span class='ocrx_word' id='word_1_61' title='bbox 2139 715 2316 772; x_wconf 89' lang='lat' dir='ltr'><strong>pestem</strong></span> 
     </span>
     <span class='ocr_line' id='line_1_7' title="bbox 156 777 2348 842; baseline 0.002 -18"><span class='ocrx_word' id='word_1_62' title='bbox 156 777 370 824; x_wconf 88' lang='lat' dir='ltr'><strong>nimirum</strong></span> <span class='ocrx_word' id='word_1_63' title='bbox 394 778 631 825; x_wconf 83' lang='lat' dir='ltr'><strong>maximam</strong></span> <span class='ocrx_word' id='word_1_64' title='bbox 655 777 789 824; x_wconf 91' lang='lat' dir='ltr'><strong>bonis</strong></span> <span class='ocrx_word' id='word_1_65' title='bbox 826 778 991 825; x_wconf 87' lang='lat' dir='ltr'><strong>studiis</strong></span> <span class='ocrx_word' id='word_1_66' title='bbox 1015 778 1376 840; x_wconf 88' lang='lat' dir='ltr'><strong>Christianisque</strong></span> <span class='ocrx_word' id='word_1_67' title='bbox 1413 778 1639 832; x_wconf 89' lang='lat' dir='ltr'><strong>moribus,</strong></span> <span class='ocrx_word' id='word_1_68' title='bbox 1678 794 1934 841; x_wconf 87' lang='lat' dir='ltr'><strong>quanquam</strong></span> <span class='ocrx_word' id='word_1_69' title='bbox 1961 794 2073 842; x_wconf 87' lang='lat' dir='ltr'><strong>ego,</strong></span> <span class='ocrx_word' id='word_1_70' title='bbox 2112 795 2170 829; x_wconf 89' lang='lat' dir='ltr'><strong>ne</strong></span> <span class='ocrx_word' id='word_1_71' title='bbox 2194 795 2317 828; x_wconf 91' lang='lat' dir='ltr'><strong>men·</strong></span> <span class='ocrx_word' id='word_1_72' title='bbox 2346 820 2348 822; x_wconf 89' lang='lat'><em>.</em></span> 
     </span>
     <span class='ocr_line' id='line_1_8' title="bbox 158 849 2366 912; baseline 0.003 -17"><span class='ocrx_word' id='word_1_73' title='bbox 158 850 267 901; x_wconf 88' lang='lat' dir='ltr'><strong>tiar‚</strong></span> <span class='ocrx_word' id='word_1_74' title='bbox 317 849 438 896; x_wconf 89' lang='lat' dir='ltr'><strong>haud</strong></span> <span class='ocrx_word' id='word_1_75' title='bbox 481 863 646 911; x_wconf 88' lang='lat' dir='ltr'><strong>parum</strong></span> <span class='ocrx_word' id='word_1_76' title='bbox 691 851 911 897; x_wconf 87' lang='lat' dir='ltr'><strong>momenti</strong></span> <span class='ocrx_word' id='word_1_77' title='bbox 955 850 1012 897; x_wconf 88' lang='lat' dir='ltr'><strong>ad</strong></span> <span class='ocrx_word' id='word_1_78' title='bbox 1055 856 1297 911; x_wconf 89' lang='lat' dir='ltr'><strong>utramque</strong></span> <span class='ocrx_word' id='word_1_79' title='bbox 1345 863 1439 897; x_wconf 91' lang='lat' dir='ltr'><strong>rem</strong></span> <span class='ocrx_word' id='word_1_80' title='bbox 1476 850 1791 912; x_wconf 84' lang='lat' dir='ltr'><strong>dissipandam</strong></span> <span class='ocrx_word' id='word_1_81' title='bbox 1819 851 2018 904; x_wconf 92' lang='lat' dir='ltr'><strong>contuli,</strong></span> <span class='ocrx_word' id='word_1_82' title='bbox 2069 867 2225 900; x_wconf 89' lang='lat' dir='ltr'><strong>verum</strong></span> <span class='ocrx_word' id='word_1_83' title='bbox 2262 854 2317 901; x_wconf 90' lang='lat' dir='ltr'><strong>ad</strong></span> <span class='ocrx_word' id='word_1_84' title='bbox 2364 874 2366 876; x_wconf 90' lang='lat'>·</span> 
     </span>
     <span class='ocr_line' id='line_1_9' title="bbox 156 921 574 968; baseline 0 -1"><span class='ocrx_word' id='word_1_85' title='bbox 156 921 224 967; x_wconf 87' lang='lat' dir='ltr'><strong>tui</strong></span> <span class='ocrx_word' id='word_1_86' title='bbox 258 921 574 968; x_wconf 88' lang='lat' dir='ltr'><strong>imitationem.</strong></span> 
     </span>
    </p>

    <p class='ocr_par' dir='ltr' id='par_1_4' title="bbox 293 992 2427 1058">
     <span class='ocr_line' id='line_1_10' title="bbox 293 992 2427 1058; baseline 0.003 -20"><span class='ocrx_word' id='word_1_87' title='bbox 293 1005 584 1042; x_wconf 74' lang='lat' dir='ltr'><strong>nvPonnvs.</strong></span> <span class='ocrx_word' id='word_1_88' title='bbox 658 992 918 1054; x_wconf 88' lang='lat' dir='ltr'><strong>Digrederis</strong></span> <span class='ocrx_word' id='word_1_89' title='bbox 955 992 1167 1045; x_wconf 88' lang='lat' dir='ltr'><strong>nimium,</strong></span> <span class='ocrx_word' id='word_1_90' title='bbox 1215 1006 1376 1040; x_wconf 89' lang='lat' dir='ltr'><strong>revoca</strong></span> <span class='ocrx_word' id='word_1_91' title='bbox 1425 999 1469 1039; x_wconf 90' lang='lat' dir='ltr'><strong>te</strong></span> <span class='ocrx_word' id='word_1_92' title='bbox 1507 994 1554 1039; x_wconf 92' lang='lat' dir='ltr'><strong>in</strong></span> <span class='ocrx_word' id='word_1_93' title='bbox 1592 994 1732 1044; x_wconf 90' lang='lat' dir='ltr'><strong>viam,</strong></span> <span class='ocrx_word' id='word_1_94' title='bbox 1772 999 1818 1039; x_wconf 90' lang='lat' dir='ltr'><strong>et</strong></span> <span class='ocrx_word' id='word_1_95' title='bbox 1856 994 2047 1042; x_wconf 90' lang='lat' dir='ltr'><strong>ostende</strong></span> <span class='ocrx_word' id='word_1_96' title='bbox 2084 997 2312 1058; x_wconf 89' lang='lat' dir='ltr'><strong>quomodo</strong></span> <span class='ocrx_word' id='word_1_97' title='bbox 2330 997 2427 1038; x_wconf 47' lang='lat' dir='ltr'><strong>§AS-</strong></span> 
     </span>
    </p>

    <p class='ocr_par' dir='ltr' id='par_1_5' title="bbox 99 1063 1781 1126">
     <span class='ocr_line' id='line_1_11' title="bbox 99 1063 1781 1126; baseline 0.001 -16"><span class='ocrx_word' id='word_1_98' title='bbox 99 1070 141 1104; x_wconf 83' lang='lat'><strong>¹⁰</strong></span> <span class='ocrx_word' id='word_1_99' title='bbox 158 1063 421 1110; x_wconf 83' lang='lat' dir='ltr'><strong>Reverendo</strong></span> <span class='ocrx_word' id='word_1_100' title='bbox 457 1065 580 1126; x_wconf 91' lang='lat' dir='ltr'><strong>patri</strong></span> <span class='ocrx_word' id='word_1_101' title='bbox 616 1063 748 1111; x_wconf 77' lang='lat' dir='ltr'><strong>fratri</strong></span> <span class='ocrx_word' id='word_1_102' title='bbox 784 1063 949 1111; x_wconf 87' lang='lat' dir='ltr'><strong>Iacobo</strong></span> <span class='ocrx_word' id='word_1_103' title='bbox 987 1064 1291 1111; x_wconf 89' lang='lat' dir='ltr'><strong>Hochstraten</strong></span> <span class='ocrx_word' id='word_1_104' title='bbox 1327 1063 1560 1126; x_wconf 83' lang='lat' dir='ltr'><strong>profueris</strong></span> <span class='ocrx_word' id='word_1_105' title='bbox 1595 1078 1781 1126; x_wconf 81' lang='lat' dir='ltr'><strong>porcus,</strong></span> 
     </span>
    </p>

    <p class='ocr_par' dir='ltr' id='par_1_6' title="bbox 151 1134 2313 1413">
     <span class='ocr_line' id='line_1_12' title="bbox 294 1134 2313 1199; baseline 0 -15"><span class='ocrx_word' id='word_1_106' title='bbox 294 1147 443 1184; x_wconf 67' lang='grc' dir='ltr'><strong>ΗΠΒ.</strong></span> <span class='ocrx_word' id='word_1_107' title='bbox 514 1135 579 1182; x_wconf 88' lang='lat' dir='ltr'><strong>Eo</strong></span> <span class='ocrx_word' id='word_1_108' title='bbox 632 1134 895 1182; x_wconf 90' lang='lat' dir='ltr'><strong>tendebam:</strong></span> <span class='ocrx_word' id='word_1_109' title='bbox 943 1134 1147 1183; x_wconf 83' lang='lat' dir='ltr'><strong>intellexi</strong></span> <span class='ocrx_word' id='word_1_110' title='bbox 1182 1135 1328 1197; x_wconf 87' lang='lat' dir='ltr'><strong>probe</strong></span> <span class='ocrx_word' id='word_1_111' title='bbox 1373 1149 1525 1182; x_wconf 90' lang='lat' dir='ltr'><strong>meum</strong></span> <span class='ocrx_word' id='word_1_112' title='bbox 1563 1150 1747 1197; x_wconf 89' lang='lat' dir='ltr'><strong>quoque</strong></span> <span class='ocrx_word' id='word_1_113' title='bbox 1783 1135 1957 1183; x_wconf 78' lang='lat' dir='ltr'><strong>serrum</strong></span> <span class='ocrx_word' id='word_1_114' title='bbox 1994 1135 2135 1199; x_wconf 91' lang='lat' dir='ltr'><strong>(quod</strong></span> <span class='ocrx_word' id='word_1_115' title='bbox 2172 1138 2313 1199; x_wconf 92' lang='lat' dir='ltr'><strong>aiunt)</strong></span> 
     </span>
     <span class='ocr_line' id='line_1_13' title="bbox 153 1198 2312 1269; baseline 0.002 -17"><span class='ocrx_word' id='word_1_116' title='bbox 153 1207 200 1252; x_wconf 91' lang='lat' dir='ltr'><strong>in</strong></span> <span class='ocrx_word' id='word_1_117' title='bbox 244 1205 353 1267; x_wconf 84' lang='lat' dir='ltr'><strong>igne</strong></span> <span class='ocrx_word' id='word_1_118' title='bbox 399 1221 524 1259; x_wconf 88' lang='lat' dir='ltr'><strong>esse,</strong></span> <span class='ocrx_word' id='word_1_119' title='bbox 584 1198 681 1253; x_wconf 75' lang='lat' dir='ltr'><strong>rem</strong></span> <span class='ocrx_word' id='word_1_120' title='bbox 727 1207 801 1268; x_wconf 88' lang='lat' dir='ltr'><strong>agi</strong></span> <span class='ocrx_word' id='word_1_121' title='bbox 849 1220 1160 1254; x_wconf 87' lang='lat' dir='ltr'><strong>communem:</strong></span> <span class='ocrx_word' id='word_1_122' title='bbox 1207 1220 1305 1253; x_wconf 88' lang='lat' dir='ltr'><strong>mea</strong></span> <span class='ocrx_word' id='word_1_123' title='bbox 1352 1207 1472 1253; x_wconf 93' lang='lat' dir='ltr'><strong>enim</strong></span> <span class='ocrx_word' id='word_1_124' title='bbox 1519 1206 1799 1269; x_wconf 87' lang='lat' dir='ltr'><strong>permultum</strong></span> <span class='ocrx_word' id='word_1_125' title='bbox 1856 1208 2048 1255; x_wconf 91' lang='lat' dir='ltr'><strong>interest</strong></span> <span class='ocrx_word' id='word_1_126' title='bbox 2094 1210 2312 1258; x_wconf 89' lang='lat' dir='ltr'><strong>victorem</strong></span> 
     </span>
     <span class='ocr_line' id='line_1_14' title="bbox 152 1277 2314 1344; baseline 0.002 -20"><span class='ocrx_word' id='word_1_127' title='bbox 152 1277 343 1325; x_wconf 80' lang='lat' dir='ltr'><strong>evadere</strong></span> <span class='ocrx_word' id='word_1_128' title='bbox 368 1277 634 1326; x_wconf 88' lang='lat' dir='ltr'><strong>barbariem</strong></span> <span class='ocrx_word' id='word_1_129' title='bbox 670 1284 718 1324; x_wconf 92' lang='lat' dir='ltr'><strong>et</strong></span> <span class='ocrx_word' id='word_1_130' title='bbox 751 1277 1061 1325; x_wconf 88' lang='lat' dir='ltr'><strong>Fraternalem</strong></span> <span class='ocrx_word' id='word_1_131' title='bbox 1098 1277 1499 1341; x_wconf 86' lang='lat' dir='ltr'><strong>superstitionem,</strong></span> <span class='ocrx_word' id='word_1_132' title='bbox 1538 1279 1611 1326; x_wconf 91' lang='lat' dir='ltr'><strong>cui</strong></span> <span class='ocrx_word' id='word_1_133' title='bbox 1647 1293 1748 1325; x_wconf 91' lang='lat' dir='ltr'><strong>sum</strong></span> <span class='ocrx_word' id='word_1_134' title='bbox 1774 1279 1986 1326; x_wconf 89' lang='lat' dir='ltr'><strong>lacessito</strong></span> <span class='ocrx_word' id='word_1_135' title='bbox 2010 1280 2197 1328; x_wconf 91' lang='lat' dir='ltr'><strong>Erasmo</strong></span> <span class='ocrx_word' id='word_1_136' title='bbox 2235 1297 2314 1344; x_wconf 89' lang='lat' dir='ltr'><strong>pa·</strong></span> 
     </span>
     <span class='ocr_line' id='line_1_15' title="bbox 151 1348 2312 1413; baseline 0.002 -18"><span class='ocrx_word' id='word_1_137' title='bbox 151 1350 430 1396; x_wconf 88' lang='lat' dir='ltr'><strong>trocinatus:</strong></span> <span class='ocrx_word' id='word_1_138' title='bbox 478 1351 597 1411; x_wconf 84' lang='lat' dir='ltr'><strong>coepi</strong></span> <span class='ocrx_word' id='word_1_139' title='bbox 633 1348 832 1396; x_wconf 88' lang='lat' dir='ltr'><strong>animum</strong></span> <span class='ocrx_word' id='word_1_140' title='bbox 868 1364 955 1411; x_wconf 88' lang='lat' dir='ltr'><strong>pro</strong></span> <span class='ocrx_word' id='word_1_141' title='bbox 992 1356 1129 1412; x_wconf 87' lang='lat' dir='ltr'><strong>captu</strong></span> <span class='ocrx_word' id='word_1_142' title='bbox 1166 1363 1268 1396; x_wconf 92' lang='lat' dir='ltr'><strong>meo</strong></span> <span class='ocrx_word' id='word_1_143' title='bbox 1316 1349 1494 1396; x_wconf 88' lang='lat' dir='ltr'><strong>ferendi</strong></span> <span class='ocrx_word' id='word_1_144' title='bbox 1540 1349 1668 1397; x_wconf 91' lang='lat' dir='ltr'><strong>vobis</strong></span> <span class='ocrx_word' id='word_1_145' title='bbox 1704 1351 1962 1413; x_wconf 87' lang='lat' dir='ltr'><strong>suppetias,</strong></span> <span class='ocrx_word' id='word_1_146' title='bbox 2013 1359 2059 1398; x_wconf 87' lang='lat' dir='ltr'><strong>et</strong></span> <span class='ocrx_word' id='word_1_147' title='bbox 2094 1356 2312 1413; x_wconf 86' lang='lat' dir='ltr'><strong>grunnitu</strong></span> 
     </span>
    </p>

    <p class='ocr_par' dir='ltr' id='par_1_7' title="bbox 97 1420 2354 1699">
     <span class='ocr_line' id='line_1_16' title="bbox 97 1420 2314 1487; baseline 0.002 -20"><span class='ocrx_word' id='word_1_148' title='bbox 97 1429 136 1462; x_wconf 71' lang='lat'><strong>⁸⁵</strong></span> <span class='ocrx_word' id='word_1_149' title='bbox 151 1433 324 1468; x_wconf 87' lang='lat' dir='ltr'><strong>sonoro</strong></span> <span class='ocrx_word' id='word_1_150' title='bbox 371 1427 553 1468; x_wconf 89' lang='lat' dir='ltr'><strong>noctem</strong></span> <span class='ocrx_word' id='word_1_151' title='bbox 599 1427 793 1468; x_wconf 90' lang='lat' dir='ltr'><strong>conatus</strong></span> <span class='ocrx_word' id='word_1_152' title='bbox 841 1435 942 1467; x_wconf 93' lang='lat' dir='ltr'><strong>sum</strong></span> <span class='ocrx_word' id='word_1_153' title='bbox 992 1421 1047 1467; x_wconf 90' lang='lat' dir='ltr'><strong>ab</strong></span> <span class='ocrx_word' id='word_1_154' title='bbox 1096 1420 1242 1468; x_wconf 90' lang='lat' dir='ltr'><strong>oculis</strong></span> <span class='ocrx_word' id='word_1_155' title='bbox 1279 1428 1541 1468; x_wconf 90' lang='lat' dir='ltr'><strong>senatorum</strong></span> <span class='ocrx_word' id='word_1_156' title='bbox 1577 1421 1763 1469; x_wconf 90' lang='lat' dir='ltr'><strong>illorum</strong></span> <span class='ocrx_word' id='word_1_157' title='bbox 1801 1423 2062 1485; x_wconf 87' lang='lat' dir='ltr'><strong>detergere,</strong></span> <span class='ocrx_word' id='word_1_158' title='bbox 2110 1438 2167 1471; x_wconf 90' lang='lat' dir='ltr'><strong>ne</strong></span> <span class='ocrx_word' id='word_1_159' title='bbox 2206 1425 2314 1487; x_wconf 92' lang='lat' dir='ltr'><strong>quid</strong></span> 
     </span>
     <span class='ocr_line' id='line_1_17' title="bbox 150 1490 2311 1558; baseline 0.002 -19"><span class='ocrx_word' id='word_1_160' title='bbox 150 1491 395 1545; x_wconf 80' lang='lat' dir='ltr'><strong>iniuriose,</strong></span> <span class='ocrx_word' id='word_1_161' title='bbox 430 1505 489 1538; x_wconf 91' lang='lat' dir='ltr'><strong>ne</strong></span> <span class='ocrx_word' id='word_1_162' title='bbox 526 1491 637 1554; x_wconf 92' lang='lat' dir='ltr'><strong>quid</strong></span> <span class='ocrx_word' id='word_1_163' title='bbox 672 1492 972 1540; x_wconf 89' lang='lat' dir='ltr'><strong>dormitanter</strong></span> <span class='ocrx_word' id='word_1_164' title='bbox 1009 1499 1087 1540; x_wconf 92' lang='lat' dir='ltr'><strong>aut</strong></span> <span class='ocrx_word' id='word_1_165' title='bbox 1122 1493 1283 1552; x_wconf 88' lang='lat' dir='ltr'><strong>ignave</strong></span> <span class='ocrx_word' id='word_1_166' title='bbox 1321 1499 1399 1540; x_wconf 88' lang='lat' dir='ltr'><strong>aut</strong></span> <span class='ocrx_word' id='word_1_167' title='bbox 1436 1493 1561 1556; x_wconf 90' lang='lat' dir='ltr'><strong>quod</strong></span> <span class='ocrx_word' id='word_1_168' title='bbox 1595 1490 1756 1556; x_wconf 85' lang='lat' dir='ltr'><strong>parum</strong></span> <span class='ocrx_word' id='word_1_169' title='bbox 1785 1493 2029 1547; x_wconf 90' lang='lat' dir='ltr'><strong>subsistat,</strong></span> <span class='ocrx_word' id='word_1_170' title='bbox 2069 1495 2311 1558; x_wconf 89' lang='lat' dir='ltr'><strong>inexpensa</strong></span> 
     </span>
     <span class='ocr_line' id='line_1_18' title="bbox 149 1563 2354 1627; baseline 0.002 -16"><span class='ocrx_word' id='word_1_171' title='bbox 149 1569 195 1611; x_wconf 87' lang='lat' dir='ltr'><strong>et</strong></span> <span class='ocrx_word' id='word_1_172' title='bbox 230 1563 539 1612; x_wconf 82' lang='lat' dir='ltr'><strong>somniculosa</strong></span> <span class='ocrx_word' id='word_1_173' title='bbox 576 1563 694 1612; x_wconf 91' lang='lat' dir='ltr'><strong>ratio</strong></span> <span class='ocrx_word' id='word_1_174' title='bbox 733 1570 977 1626; x_wconf 86' lang='lat' dir='ltr'><strong>suggeret:</strong></span> <span class='ocrx_word' id='word_1_175' title='bbox 1017 1564 1199 1612; x_wconf 89' lang='lat' dir='ltr'><strong>assidua</strong></span> <span class='ocrx_word' id='word_1_176' title='bbox 1236 1566 1353 1611; x_wconf 92' lang='lat' dir='ltr'><strong>enim</strong></span> <span class='ocrx_word' id='word_1_177' title='bbox 1391 1572 1437 1612; x_wconf 89' lang='lat' dir='ltr'><strong>et</strong></span> <span class='ocrx_word' id='word_1_178' title='bbox 1471 1565 1648 1612; x_wconf 89' lang='lat' dir='ltr'><strong>diutina</strong></span> <span class='ocrx_word' id='word_1_179' title='bbox 1686 1566 1906 1627; x_wconf 87' lang='lat' dir='ltr'><strong>cogitatio</strong></span> <span class='ocrx_word' id='word_1_180' title='bbox 1945 1568 2065 1613; x_wconf 90' lang='lat' dir='ltr'><strong>eruit</strong></span> <span class='ocrx_word' id='word_1_181' title='bbox 2103 1567 2311 1615; x_wconf 88' lang='lat' dir='ltr'><strong>abstrusa</strong></span> <span class='ocrx_word' id='word_1_182' title='bbox 2352 1576 2354 1581; x_wconf 83' lang='grc'>’</span> 
     </span>
     <span class='ocr_line' id='line_1_19' title="bbox 146 1635 325 1699; baseline -0.017 -16"><span class='ocrx_word' id='word_1_183' title='bbox 146 1635 325 1699; x_wconf 88' lang='lat' dir='ltr'><strong>procul.</strong></span> 
     </span>
    </p>

    <p class='ocr_par' dir='ltr' id='par_1_8' title="bbox 286 1706 2424 1771">
     <span class='ocr_line' id='line_1_20' title="bbox 286 1706 2424 1771; baseline 0 -16"><span class='ocrx_word' id='word_1_184' title='bbox 286 1719 680 1757; x_wconf 75' lang='lat' dir='ltr'><strong>noons&#39;rRATvs.</strong></span> <span class='ocrx_word' id='word_1_185' title='bbox 756 1706 1009 1755; x_wconf 90' lang='lat' dir='ltr'><strong>Sedulitate</strong></span> <span class='ocrx_word' id='word_1_186' title='bbox 1045 1708 1270 1761; x_wconf 90' lang='lat' dir='ltr'><strong>nocuisti,</strong></span> <span class='ocrx_word' id='word_1_187' title='bbox 1310 1708 1474 1755; x_wconf 87' lang='lat' dir='ltr'><strong>frater:</strong></span> <span class='ocrx_word' id='word_1_188' title='bbox 1522 1722 1625 1755; x_wconf 88' lang='lat' dir='ltr'><strong>nam</strong></span> <span class='ocrx_word' id='word_1_189' title='bbox 1673 1708 1874 1757; x_wconf 87' lang='lat' dir='ltr'><strong>conclavi</strong></span> <span class='ocrx_word' id='word_1_190' title='bbox 1923 1710 2118 1771; x_wconf 90' lang='lat' dir='ltr'><strong>quodam</strong></span> <span class='ocrx_word' id='word_1_191' title='bbox 2153 1712 2307 1758; x_wconf 70' lang='lat' dir='ltr'><strong>intro·</strong></span> <span class='ocrx_word' id='word_1_192' title='bbox 2327 1717 2424 1758; x_wconf 75' lang='lat'><strong>§.¹9.</strong></span> 
     </span>
    </p>

    <p class='ocr_par' dir='ltr' id='par_1_9' title="bbox 90 1776 2311 2132">
     <span class='ocr_line' id='line_1_21' title="bbox 90 1776 2311 1843; baseline 0.003 -20"><span class='ocrx_word' id='word_1_193' title='bbox 90 1776 267 1827; x_wconf 71' lang='lat' dir='ltr'><strong>zoclusi</strong></span> <span class='ocrx_word' id='word_1_194' title='bbox 302 1778 499 1842; x_wconf 90' lang='lat' dir='ltr'><strong>quisque</strong></span> <span class='ocrx_word' id='word_1_195' title='bbox 537 1793 622 1826; x_wconf 91' lang='lat' dir='ltr'><strong>suo</strong></span> <span class='ocrx_word' id='word_1_196' title='bbox 661 1779 845 1841; x_wconf 88' lang='lat' dir='ltr'><strong>ingenio</strong></span> <span class='ocrx_word' id='word_1_197' title='bbox 884 1781 1069 1827; x_wconf 89' lang='lat' dir='ltr'><strong>attoniti</strong></span> <span class='ocrx_word' id='word_1_198' title='bbox 1105 1779 1456 1835; x_wconf 89' lang='lat' dir='ltr'><strong>meditabamur;</strong></span> <span class='ocrx_word' id='word_1_199' title='bbox 1494 1780 1711 1828; x_wconf 90' lang='lat' dir='ltr'><strong>Latomus</strong></span> <span class='ocrx_word' id='word_1_200' title='bbox 1737 1780 1930 1843; x_wconf 87' lang='lat' dir='ltr'><strong>genibus</strong></span> <span class='ocrx_word' id='word_1_201' title='bbox 1957 1784 2176 1829; x_wconf 86' lang='lat' dir='ltr'><strong>connixus</strong></span> <span class='ocrx_word' id='word_1_202' title='bbox 2202 1797 2311 1830; x_wconf 86' lang='lat' dir='ltr'><strong>aure</strong></span> 
     </span>
     <span class='ocr_line' id='line_1_22' title="bbox 145 1850 2310 1916; baseline 0.002 -19"><span class='ocrx_word' id='word_1_203' title='bbox 145 1850 333 1898; x_wconf 84' lang='lat' dir='ltr'><strong>sinistra</strong></span> <span class='ocrx_word' id='word_1_204' title='bbox 368 1852 494 1898; x_wconf 90' lang='lat' dir='ltr'><strong>humi</strong></span> <span class='ocrx_word' id='word_1_205' title='bbox 519 1850 678 1903; x_wconf 86' lang='lat' dir='ltr'><strong>haesit,</strong></span> <span class='ocrx_word' id='word_1_206' title='bbox 716 1851 877 1913; x_wconf 90' lang='lat' dir='ltr'><strong>podice</strong></span> <span class='ocrx_word' id='word_1_207' title='bbox 902 1858 1064 1899; x_wconf 74' lang='lat' dir='ltr'><strong>‘versus</strong></span> <span class='ocrx_word' id='word_1_208' title='bbox 1089 1851 1253 1899; x_wconf 83' lang='lat' dir='ltr'><strong>coelum</strong></span> <span class='ocrx_word' id='word_1_209' title='bbox 1279 1851 1483 1905; x_wconf 90' lang='lat' dir='ltr'><strong>sublato,</strong></span> <span class='ocrx_word' id='word_1_210' title='bbox 1522 1852 1746 1915; x_wconf 91' lang='lat' dir='ltr'><strong>siquidem</strong></span> <span class='ocrx_word' id='word_1_211' title='bbox 1773 1853 2009 1900; x_wconf 88' lang='lat' dir='ltr'><strong>circularis</strong></span> <span class='ocrx_word' id='word_1_212' title='bbox 2035 1853 2180 1915; x_wconf 87' lang='lat' dir='ltr'><strong>figura</strong></span> <span class='ocrx_word' id='word_1_213' title='bbox 2205 1870 2310 1916; x_wconf 90' lang='lat' dir='ltr'><strong>per·</strong></span> 
     </span>
     <span class='ocr_line' id='line_1_23' title="bbox 143 1921 2308 1986; baseline 0.002 -17"><span class='ocrx_word' id='word_1_214' title='bbox 143 1921 394 1970; x_wconf 70' lang='lat' dir='ltr'><strong>rectissima</strong></span> <span class='ocrx_word' id='word_1_215' title='bbox 426 1922 563 1971; x_wconf 87' lang='lat' dir='ltr'><strong>nobis</strong></span> <span class='ocrx_word' id='word_1_216' title='bbox 598 1922 846 1984; x_wconf 90' lang='lat' dir='ltr'><strong>plurimum</strong></span> <span class='ocrx_word' id='word_1_217' title='bbox 883 1923 1103 1984; x_wconf 86' lang='lat' dir='ltr'><strong>diligitur.</strong></span> <span class='ocrx_word' id='word_1_218' title='bbox 1149 1937 1349 1985; x_wconf 87' lang='lat' dir='ltr'><strong>superne</strong></span> <span class='ocrx_word' id='word_1_219' title='bbox 1373 1923 1576 1971; x_wconf 78' lang='lat' dir='ltr'><strong>afflatum</strong></span> <span class='ocrx_word' id='word_1_220' title='bbox 1602 1924 1669 1971; x_wconf 91' lang='lat' dir='ltr'><strong>sic</strong></span> <span class='ocrx_word' id='word_1_221' title='bbox 1693 1926 1965 1986; x_wconf 86' lang='lat' dir='ltr'><strong>expectavit,</strong></span> <span class='ocrx_word' id='word_1_222' title='bbox 2005 1927 2064 1971; x_wconf 88' lang='lat' dir='ltr'><strong>mi</strong></span> <span class='ocrx_word' id='word_1_223' title='bbox 2090 1926 2308 1980; x_wconf 90' lang='lat' dir='ltr'><strong>Eduarde,</strong></span> 
     </span>
     <span class='ocr_line' id='line_1_24' title="bbox 145 1993 2307 2060; baseline 0.001 -18"><span class='ocrx_word' id='word_1_224' title='bbox 145 2000 194 2042; x_wconf 86' lang='lat' dir='ltr'><strong>et</strong></span> <span class='ocrx_word' id='word_1_225' title='bbox 226 1993 446 2057; x_wconf 70' lang='lat' dir='ltr'><strong>Megaera,</strong></span> <span class='ocrx_word' id='word_1_226' title='bbox 494 1994 533 2041; x_wconf 90' lang='lat' dir='ltr'><strong>si</strong></span> <span class='ocrx_word' id='word_1_227' title='bbox 569 2001 694 2041; x_wconf 89' lang='lat' dir='ltr'><strong>recte</strong></span> <span class='ocrx_word' id='word_1_228' title='bbox 731 1994 1040 2048; x_wconf 90' lang='lat' dir='ltr'><strong>commemini,</strong></span> <span class='ocrx_word' id='word_1_229' title='bbox 1086 1994 1133 2041; x_wconf 92' lang='lat' dir='ltr'><strong>in</strong></span> <span class='ocrx_word' id='word_1_230' title='bbox 1178 2009 1334 2042; x_wconf 91' lang='lat' dir='ltr'><strong>aurem</strong></span> <span class='ocrx_word' id='word_1_231' title='bbox 1379 1995 1447 2042; x_wconf 90' lang='lat' dir='ltr'><strong>illi</strong></span> <span class='ocrx_word' id='word_1_232' title='bbox 1483 2002 1581 2043; x_wconf 89' lang='lat' dir='ltr'><strong>tum</strong></span> <span class='ocrx_word' id='word_1_233' title='bbox 1618 1995 1967 2059; x_wconf 89' lang='lat' dir='ltr'><strong>colloquebatur</strong></span> <span class='ocrx_word' id='word_1_234' title='bbox 2004 1999 2159 2044; x_wconf 89' lang='lat' dir='ltr'><strong>nescio</strong></span> <span class='ocrx_word' id='word_1_235' title='bbox 2199 1999 2307 2060; x_wconf 91' lang='lat' dir='ltr'><strong>quid</strong></span> 
     </span>
     <span class='ocr_line' id='line_1_25' title="bbox 143 2065 2308 2132; baseline 0.001 -19"><span class='ocrx_word' id='word_1_236' title='bbox 143 2065 200 2113; x_wconf 82' lang='lat' dir='ltr'><strong>ad</strong></span> <span class='ocrx_word' id='word_1_237' title='bbox 234 2073 439 2113; x_wconf 86' lang='lat' dir='ltr'><strong>nostram</strong></span> <span class='ocrx_word' id='word_1_238' title='bbox 474 2066 717 2113; x_wconf 88' lang='lat' dir='ltr'><strong>utilitatem</strong></span> <span class='ocrx_word' id='word_1_239' title='bbox 756 2073 993 2129; x_wconf 89' lang='lat' dir='ltr'><strong>spectans;</strong></span> <span class='ocrx_word' id='word_1_240' title='bbox 1030 2066 1379 2120; x_wconf 88' lang='lat' dir='ltr'><strong>Ecmundensis,</strong></span> <span class='ocrx_word' id='word_1_241' title='bbox 1417 2073 1470 2114; x_wconf 89' lang='lat' dir='ltr'><strong>ut</strong></span> <span class='ocrx_word' id='word_1_242' title='bbox 1507 2073 1579 2114; x_wconf 89' lang='lat' dir='ltr'><strong>est</strong></span> <span class='ocrx_word' id='word_1_243' title='bbox 1615 2082 1707 2115; x_wconf 91' lang='lat' dir='ltr'><strong>non</strong></span> <span class='ocrx_word' id='word_1_244' title='bbox 1745 2067 1856 2115; x_wconf 91' lang='lat' dir='ltr'><strong>satis</strong></span> <span class='ocrx_word' id='word_1_245' title='bbox 1894 2083 2054 2121; x_wconf 92' lang='lat' dir='ltr'><strong>sanus,</strong></span> <span class='ocrx_word' id='word_1_246' title='bbox 2091 2071 2308 2132; x_wconf 88' lang='lat' dir='ltr'><strong>utrinque</strong></span> 
     </span>
    </p>

    <p class='ocr_par' dir='ltr' id='par_1_10' title="bbox 87 2137 2306 2489">
     <span class='ocr_line' id='line_1_26' title="bbox 87 2137 2306 2201; baseline 0.001 -16"><span class='ocrx_word' id='word_1_247' title='bbox 87 2145 130 2179; x_wconf 78' lang='lat'><strong>²⁵</strong></span> <span class='ocrx_word' id='word_1_248' title='bbox 143 2144 283 2200; x_wconf 89' lang='lat' dir='ltr'><strong>caput</strong></span> <span class='ocrx_word' id='word_1_249' title='bbox 330 2137 495 2186; x_wconf 86' lang='lat' dir='ltr'><strong>crebro</strong></span> <span class='ocrx_word' id='word_1_250' title='bbox 538 2138 743 2190; x_wconf 88' lang='lat' dir='ltr'><strong>iactavit,</strong></span> <span class='ocrx_word' id='word_1_251' title='bbox 790 2138 1026 2186; x_wconf 90' lang='lat' dir='ltr'><strong>concussis</strong></span> <span class='ocrx_word' id='word_1_252' title='bbox 1074 2139 1211 2185; x_wconf 91' lang='lat' dir='ltr'><strong>etiam</strong></span> <span class='ocrx_word' id='word_1_253' title='bbox 1249 2152 1574 2201; x_wconf 21' lang='lat' dir='ltr'><strong>*saepenumero</strong></span> <span class='ocrx_word' id='word_1_254' title='bbox 1622 2140 1848 2191; x_wconf 84' lang='lat' dir='ltr'><strong>humeris,</strong></span> <span class='ocrx_word' id='word_1_255' title='bbox 1905 2140 2040 2187; x_wconf 88' lang='lat' dir='ltr'><strong>modo</strong></span> <span class='ocrx_word' id='word_1_256' title='bbox 2087 2155 2306 2195; x_wconf 84' lang='lat' dir='ltr'><strong>annuens,</strong></span> 
     </span>
     <span class='ocr_line' id='line_1_27' title="bbox 142 2208 2306 2273; baseline 0.002 -18"><span class='ocrx_word' id='word_1_257' title='bbox 142 2208 279 2256; x_wconf 91' lang='lat' dir='ltr'><strong>modo</strong></span> <span class='ocrx_word' id='word_1_258' title='bbox 315 2222 535 2262; x_wconf 87' lang='lat' dir='ltr'><strong>renuens,</strong></span> <span class='ocrx_word' id='word_1_259' title='bbox 573 2210 862 2257; x_wconf 89' lang='lat' dir='ltr'><strong>commutatis</strong></span> <span class='ocrx_word' id='word_1_260' title='bbox 899 2210 1145 2258; x_wconf 89' lang='lat' dir='ltr'><strong>identidem</strong></span> <span class='ocrx_word' id='word_1_261' title='bbox 1181 2209 1376 2264; x_wconf 78' lang='lat' dir='ltr'><strong>vicibus:</strong></span> <span class='ocrx_word' id='word_1_262' title='bbox 1426 2225 1511 2272; x_wconf 89' lang='lat' dir='ltr'><strong>ego</strong></span> <span class='ocrx_word' id='word_1_263' title='bbox 1551 2216 1724 2264; x_wconf 89' lang='lat' dir='ltr'><strong>autem,</strong></span> <span class='ocrx_word' id='word_1_264' title='bbox 1763 2211 1976 2273; x_wconf 89' lang='lat' dir='ltr'><strong>quoniam</strong></span> <span class='ocrx_word' id='word_1_265' title='bbox 2013 2218 2166 2259; x_wconf 87' lang='lat' dir='ltr'><strong>vertex</strong></span> <span class='ocrx_word' id='word_1_266' title='bbox 2206 2227 2306 2261; x_wconf 93' lang='lat' dir='ltr'><strong>sum</strong></span> 
     </span>
     <span class='ocr_line' id='line_1_28' title="bbox 142 2280 2303 2346; baseline 0.002 -19"><span class='ocrx_word' id='word_1_267' title='bbox 142 2280 504 2343; x_wconf 84' lang='lat' dir='ltr'><strong>Theologorum,</strong></span> <span class='ocrx_word' id='word_1_268' title='bbox 541 2281 679 2343; x_wconf 90' lang='lat' dir='ltr'><strong>paulo</strong></span> <span class='ocrx_word' id='word_1_269' title='bbox 717 2288 825 2343; x_wconf 93' lang='lat' dir='ltr'><strong>post</strong></span> <span class='ocrx_word' id='word_1_270' title='bbox 862 2295 1076 2344; x_wconf 86' lang='lat' dir='ltr'><strong>egressus</strong></span> <span class='ocrx_word' id='word_1_271' title='bbox 1102 2282 1360 2330; x_wconf 90' lang='lat' dir='ltr'><strong>cubiculum</strong></span> <span class='ocrx_word' id='word_1_272' title='bbox 1388 2283 1570 2330; x_wconf 90' lang='lat' dir='ltr'><strong>ascendi</strong></span> <span class='ocrx_word' id='word_1_273' title='bbox 1594 2284 1813 2345; x_wconf 89' lang='lat' dir='ltr'><strong>perticam</strong></span> <span class='ocrx_word' id='word_1_274' title='bbox 1839 2282 1984 2335; x_wconf 90' lang='lat' dir='ltr'><strong>illam,</strong></span> <span class='ocrx_word' id='word_1_275' title='bbox 2022 2284 2094 2331; x_wconf 91' lang='lat' dir='ltr'><strong>cui</strong></span> <span class='ocrx_word' id='word_1_276' title='bbox 2121 2284 2303 2346; x_wconf 82' lang='lat' dir='ltr'><strong>gallinae</strong></span> 
     </span>
     <span class='ocr_line' id='line_1_29' title="bbox 142 2351 2304 2417; baseline 0.002 -18"><span class='ocrx_word' id='word_1_277' title='bbox 142 2351 426 2406; x_wconf 81' lang='lat' dir='ltr'><strong>insidebant,</strong></span> <span class='ocrx_word' id='word_1_278' title='bbox 463 2367 602 2415; x_wconf 88' lang='lat' dir='ltr'><strong>supra</strong></span> <span class='ocrx_word' id='word_1_279' title='bbox 641 2352 812 2415; x_wconf 89' lang='lat' dir='ltr'><strong>gallum</strong></span> <span class='ocrx_word' id='word_1_280' title='bbox 850 2353 1165 2415; x_wconf 87' lang='lat' dir='ltr'><strong>gallinacium,</strong></span> <span class='ocrx_word' id='word_1_281' title='bbox 1206 2354 1327 2416; x_wconf 92' lang='lat' dir='ltr'><strong>quod</strong></span> <span class='ocrx_word' id='word_1_282' title='bbox 1365 2354 1542 2407; x_wconf 89' lang='lat' dir='ltr'><strong>decuit,</strong></span> <span class='ocrx_word' id='word_1_283' title='bbox 1582 2357 1688 2416; x_wconf 91' lang='lat' dir='ltr'><strong>quia</strong></span> <span class='ocrx_word' id='word_1_284' title='bbox 1726 2369 1825 2402; x_wconf 92' lang='lat' dir='ltr'><strong>sum</strong></span> <span class='ocrx_word' id='word_1_285' title='bbox 1862 2355 2031 2417; x_wconf 89' lang='lat' dir='ltr'><strong>primas</strong></span> <span class='ocrx_word' id='word_1_286' title='bbox 2070 2355 2304 2404; x_wconf 85' lang='lat' dir='ltr'><strong>facilitatis</strong></span> 
     </span>
     <span class='ocr_line' id='line_1_30' title="bbox 141 2424 2304 2489; baseline 0.002 -18"><span class='ocrx_word' id='word_1_287' title='bbox 141 2429 337 2477; x_wconf 82' lang='lat' dir='ltr'><strong>nostrae,</strong></span> <span class='ocrx_word' id='word_1_288' title='bbox 384 2424 598 2472; x_wconf 88' lang='lat' dir='ltr'><strong>demissis</strong></span> <span class='ocrx_word' id='word_1_289' title='bbox 645 2427 860 2487; x_wconf 90' lang='lat' dir='ltr'><strong>utrinque</strong></span> <span class='ocrx_word' id='word_1_290' title='bbox 897 2425 1090 2488; x_wconf 90' lang='lat' dir='ltr'><strong>pedihus</strong></span> <span class='ocrx_word' id='word_1_291' title='bbox 1129 2439 1183 2472; x_wconf 91' lang='lat' dir='ltr'><strong>eo</strong></span> <span class='ocrx_word' id='word_1_292' title='bbox 1222 2426 1312 2473; x_wconf 91' lang='lat' dir='ltr'><strong>loci</strong></span> <span class='ocrx_word' id='word_1_293' title='bbox 1349 2439 1420 2472; x_wconf 91' lang='lat' dir='ltr'><strong>me</strong></span> <span class='ocrx_word' id='word_1_294' title='bbox 1456 2426 1738 2481; x_wconf 86' lang='lat' dir='ltr'><strong>confirmavi;</strong></span> <span class='ocrx_word' id='word_1_295' title='bbox 1786 2426 1853 2474; x_wconf 89' lang='lat' dir='ltr'><strong>sic</strong></span> <span class='ocrx_word' id='word_1_296' title='bbox 1898 2428 2087 2474; x_wconf 89' lang='lat' dir='ltr'><strong>vicinior</strong></span> <span class='ocrx_word' id='word_1_297' title='bbox 2125 2430 2304 2489; x_wconf 89' lang='lat' dir='ltr'><strong>superis</strong></span> 
     </span>
    </p>

    <p class='ocr_par' dir='ltr' id='par_1_11' title="bbox 84 2495 2415 2839">
     <span class='ocr_line' id='line_1_31' title="bbox 84 2495 2305 2560; baseline 0.001 -18"><span class='ocrx_word' id='word_1_298' title='bbox 84 2497 315 2558; x_wconf 75' lang='lat' dir='ltr'><strong>warripui</strong></span> <span class='ocrx_word' id='word_1_299' title='bbox 354 2495 623 2544; x_wconf 84' lang='lat' dir='ltr'><strong>diviniorem</strong></span> <span class='ocrx_word' id='word_1_300' title='bbox 661 2497 904 2550; x_wconf 85' lang='lat' dir='ltr'><strong>inssuxum,</strong></span> <span class='ocrx_word' id='word_1_301' title='bbox 943 2511 1026 2545; x_wconf 89' lang='lat' dir='ltr'><strong>nec</strong></span> <span class='ocrx_word' id='word_1_302' title='bbox 1065 2503 1237 2545; x_wconf 89' lang='lat' dir='ltr'><strong>attactu</strong></span> <span class='ocrx_word' id='word_1_303' title='bbox 1275 2497 1457 2545; x_wconf 88' lang='lat' dir='ltr'><strong>obstitit</strong></span> <span class='ocrx_word' id='word_1_304' title='bbox 1494 2498 1663 2546; x_wconf 90' lang='lat' dir='ltr'><strong>malitia</strong></span> <span class='ocrx_word' id='word_1_305' title='bbox 1688 2504 1850 2551; x_wconf 80' lang='lat' dir='ltr'><strong>terrae,</strong></span> <span class='ocrx_word' id='word_1_306' title='bbox 1891 2513 1991 2560; x_wconf 85' lang='lat' dir='ltr'><strong>quae</strong></span> <span class='ocrx_word' id='word_1_307' title='bbox 2018 2498 2138 2546; x_wconf 85' lang='lat' dir='ltr'><strong>solet</strong></span> <span class='ocrx_word' id='word_1_308' title='bbox 2163 2498 2305 2546; x_wconf 84' lang='lat' dir='ltr'><strong>subli-</strong></span> 
     </span>
     <span class='ocr_line' id='line_1_32' title="bbox 139 2568 2302 2631; baseline 0.002 -17"><span class='ocrx_word' id='word_1_309' title='bbox 139 2568 230 2615; x_wconf 82' lang='lat' dir='ltr'><strong>mia</strong></span> <span class='ocrx_word' id='word_1_310' title='bbox 275 2568 691 2631; x_wconf 88' lang='lat' dir='ltr'><strong>contemplantibus</strong></span> <span class='ocrx_word' id='word_1_311' title='bbox 730 2569 999 2630; x_wconf 85' lang='lat' dir='ltr'><strong>Theologis,</strong></span> <span class='ocrx_word' id='word_1_312' title='bbox 1055 2571 1094 2616; x_wconf 87' lang='lat' dir='ltr'><strong>si</strong></span> <span class='ocrx_word' id='word_1_313' title='bbox 1138 2569 1244 2616; x_wconf 91' lang='lat' dir='ltr'><strong>huic</strong></span> <span class='ocrx_word' id='word_1_314' title='bbox 1296 2570 1579 2624; x_wconf 83' lang='lat' dir='ltr'><strong>inhaeserint,</strong></span> <span class='ocrx_word' id='word_1_315' title='bbox 1637 2570 1780 2618; x_wconf 83' lang='lat' dir='ltr'><strong>ferme</strong></span> <span class='ocrx_word' id='word_1_316' title='bbox 1827 2585 2032 2618; x_wconf 88' lang='lat' dir='ltr'><strong>crassum</strong></span> <span class='ocrx_word' id='word_1_317' title='bbox 2077 2570 2302 2619; x_wconf 89' lang='lat' dir='ltr'><strong>instillare</strong></span> 
     </span>
     <span class='ocr_line' id='line_1_33' title="bbox 139 2640 2415 2704; baseline 0.003 -19"><span class='ocrx_word' id='word_1_318' title='bbox 139 2651 348 2694; x_wconf 89' lang='lat' dir='ltr'><strong>sensum;</strong></span> <span class='ocrx_word' id='word_1_319' title='bbox 395 2640 774 2703; x_wconf 88' lang='lat' dir='ltr'><strong>quemadmodum</strong></span> <span class='ocrx_word' id='word_1_320' title='bbox 821 2656 897 2688; x_wconf 89' lang='lat' dir='ltr'><strong>vas</strong></span> <span class='ocrx_word' id='word_1_321' title='bbox 934 2643 1163 2703; x_wconf 89' lang='lat' dir='ltr'><strong>impurum</strong></span> <span class='ocrx_word' id='word_1_322' title='bbox 1198 2642 1287 2688; x_wconf 89' lang='lat' dir='ltr'><strong>vini</strong></span> <span class='ocrx_word' id='word_1_323' title='bbox 1325 2643 1412 2687; x_wconf 92' lang='lat' dir='ltr'><strong>vim</strong></span> <span class='ocrx_word' id='word_1_324' title='bbox 1451 2644 1704 2704; x_wconf 89' lang='lat' dir='ltr'><strong>corrumpit</strong></span> <span class='ocrx_word' id='word_1_325' title='bbox 1749 2648 1796 2689; x_wconf 91' lang='lat' dir='ltr'><strong>et</strong></span> <span class='ocrx_word' id='word_1_326' title='bbox 1840 2642 1895 2690; x_wconf 92' lang='lat' dir='ltr'><strong>ad</strong></span> <span class='ocrx_word' id='word_1_327' title='bbox 1940 2656 1990 2690; x_wconf 90' lang='lat' dir='ltr'><strong>se</strong></span> <span class='ocrx_word' id='word_1_328' title='bbox 2026 2642 2188 2695; x_wconf 88' lang='lat' dir='ltr'><strong>trahit,</strong></span> <span class='ocrx_word' id='word_1_329' title='bbox 2235 2644 2300 2690; x_wconf 90' lang='lat' dir='ltr'><strong>ita</strong></span> <span class='ocrx_word' id='word_1_330' title='bbox 2318 2652 2415 2694; x_wconf 67' lang='lat' dir='ltr'><strong>mo.</strong></span> 
     </span>
     <span class='ocr_line' id='line_1_34' title="bbox 139 2712 2302 2776; baseline 0.002 -18"><span class='ocrx_word' id='word_1_331' title='bbox 139 2716 262 2758; x_wconf 82' lang='lat' dir='ltr'><strong>terra</strong></span> <span class='ocrx_word' id='word_1_332' title='bbox 299 2725 460 2758; x_wconf 90' lang='lat' dir='ltr'><strong>eorum</strong></span> <span class='ocrx_word' id='word_1_333' title='bbox 497 2713 576 2775; x_wconf 89' lang='lat' dir='ltr'><strong>qui</strong></span> <span class='ocrx_word' id='word_1_334' title='bbox 614 2713 656 2759; x_wconf 92' lang='lat' dir='ltr'><strong>ei</strong></span> <span class='ocrx_word' id='word_1_335' title='bbox 691 2713 935 2764; x_wconf 87' lang='lat' dir='ltr'><strong>insistunt,</strong></span> <span class='ocrx_word' id='word_1_336' title='bbox 987 2712 1125 2760; x_wconf 89' lang='lat' dir='ltr'><strong>aciem</strong></span> <span class='ocrx_word' id='word_1_337' title='bbox 1174 2712 1386 2760; x_wconf 89' lang='lat' dir='ltr'><strong>obtundit</strong></span> <span class='ocrx_word' id='word_1_338' title='bbox 1423 2720 1470 2760; x_wconf 89' lang='lat' dir='ltr'><strong>et</strong></span> <span class='ocrx_word' id='word_1_339' title='bbox 1507 2721 1650 2760; x_wconf 90' lang='lat' dir='ltr'><strong>semet</strong></span> <span class='ocrx_word' id='word_1_340' title='bbox 1687 2714 1856 2776; x_wconf 88' lang='lat' dir='ltr'><strong>abripit</strong></span> <span class='ocrx_word' id='word_1_341' title='bbox 1893 2714 1947 2761; x_wconf 90' lang='lat' dir='ltr'><strong>ad</strong></span> <span class='ocrx_word' id='word_1_342' title='bbox 1983 2719 2189 2762; x_wconf 88' lang='lat' dir='ltr'><strong>terrena:</strong></span> <span class='ocrx_word' id='word_1_343' title='bbox 2240 2716 2302 2763; x_wconf 89' lang='lat' dir='ltr'><strong>ic-</strong></span> 
     </span>
     <span class='ocr_line' id='line_1_35' title="bbox 138 2782 2301 2839; baseline 0.001 -9"><span class='ocrx_word' id='word_1_344' title='bbox 138 2782 261 2831; x_wconf 84' lang='lat' dir='ltr'><strong>circo</strong></span> <span class='ocrx_word' id='word_1_345' title='bbox 297 2783 470 2831; x_wconf 85' lang='lat' dir='ltr'><strong>dictum</strong></span> <span class='ocrx_word' id='word_1_346' title='bbox 505 2783 685 2831; x_wconf 89' lang='lat' dir='ltr'><strong>videtur</strong></span> <span class='ocrx_word' id='word_1_347' title='bbox 722 2784 778 2831; x_wconf 90' lang='lat' dir='ltr'><strong>ad</strong></span> <span class='ocrx_word' id='word_1_348' title='bbox 815 2785 1072 2831; x_wconf 88' lang='lat' dir='ltr'><strong>huiusmodi</strong></span> <span class='ocrx_word' id='word_1_349' title='bbox 1111 2785 1317 2832; x_wconf 89' lang='lat' dir='ltr'><strong>homines</strong></span> <span class='ocrx_word' id='word_1_350' title='bbox 1367 2786 1520 2832; x_wconf 84' lang='lat' dir='ltr'><strong>‘Terra</strong></span> <span class='ocrx_word' id='word_1_351' title='bbox 1568 2799 1617 2832; x_wconf 90' lang='lat' dir='ltr'><strong>es</strong></span> <span class='ocrx_word' id='word_1_352' title='bbox 1655 2792 1701 2832; x_wconf 91' lang='lat' dir='ltr'><strong>et</strong></span> <span class='ocrx_word' id='word_1_353' title='bbox 1737 2787 1783 2833; x_wconf 89' lang='lat' dir='ltr'><strong>in</strong></span> <span class='ocrx_word' id='word_1_354' title='bbox 1823 2794 1986 2833; x_wconf 83' lang='lat' dir='ltr'><strong>terram</strong></span> <span class='ocrx_word' id='word_1_355' title='bbox 2026 2784 2301 2839; x_wconf 88' lang='lat' dir='ltr'><strong>reverteris’,</strong></span> 
     </span>
    </p>

    <p class='ocr_par' dir='ltr' id='par_1_12' title="bbox 83 2854 2299 2919">
     <span class='ocr_line' id='line_1_36' title="bbox 83 2854 2299 2919; baseline 0.001 -17"><span class='ocrx_word' id='word_1_356' title='bbox 83 2858 229 2902; x_wconf 75' lang='lat' dir='ltr'><strong>³⁵nos</strong></span> <span class='ocrx_word' id='word_1_357' title='bbox 252 2867 362 2902; x_wconf 79' lang='lat' dir='ltr'><strong>vero</strong></span> <span class='ocrx_word' id='word_1_358' title='bbox 388 2854 607 2916; x_wconf 85' lang='lat' dir='ltr'><strong>Theologi</strong></span> <span class='ocrx_word' id='word_1_359' title='bbox 644 2855 808 2903; x_wconf 81' lang='lat' dir='ltr'><strong>coelum</strong></span> <span class='ocrx_word' id='word_1_360' title='bbox 847 2870 1019 2909; x_wconf 88' lang='lat' dir='ltr'><strong>sumus,</strong></span> <span class='ocrx_word' id='word_1_361' title='bbox 1058 2858 1179 2904; x_wconf 91' lang='lat' dir='ltr'><strong>sicut</strong></span> <span class='ocrx_word' id='word_1_362' title='bbox 1214 2859 1434 2919; x_wconf 87' lang='lat' dir='ltr'><strong>scriptum</strong></span> <span class='ocrx_word' id='word_1_363' title='bbox 1471 2864 1542 2904; x_wconf 87' lang='lat' dir='ltr'><strong>est</strong></span> <span class='ocrx_word' id='word_1_364' title='bbox 1580 2856 1701 2905; x_wconf 80' lang='lat' dir='ltr'><strong>‘Coeli</strong></span> <span class='ocrx_word' id='word_1_365' title='bbox 1741 2864 1953 2905; x_wconf 89' lang='lat' dir='ltr'><strong>enarrant</strong></span> <span class='ocrx_word' id='word_1_366' title='bbox 1978 2857 2170 2918; x_wconf 85' lang='lat' dir='ltr'><strong>gloriam</strong></span> <span class='ocrx_word' id='word_1_367' title='bbox 2196 2857 2299 2912; x_wconf 85' lang='lat' dir='ltr'><strong>dei&#39;.</strong></span> 
     </span>
    </p>

    <p class='ocr_par' dir='ltr' id='par_1_13' title="bbox 277 2926 1827 2991">
     <span class='ocr_line' id='line_1_37' title="bbox 277 2926 1827 2991; baseline 0.001 -18"><span class='ocrx_word' id='word_1_368' title='bbox 277 2938 428 2975; x_wconf 69' lang='lat' dir='ltr'><strong>mvn.</strong></span> <span class='ocrx_word' id='word_1_369' title='bbox 504 2926 592 2973; x_wconf 90' lang='lat' dir='ltr'><strong>Sed</strong></span> <span class='ocrx_word' id='word_1_370' title='bbox 630 2934 778 2974; x_wconf 89' lang='lat' dir='ltr'><strong>atrum</strong></span> <span class='ocrx_word' id='word_1_371' title='bbox 815 2927 943 2974; x_wconf 88' lang='lat' dir='ltr'><strong>sidus</strong></span> <span class='ocrx_word' id='word_1_372' title='bbox 980 2927 1123 2975; x_wconf 83' lang='lat' dir='ltr'><strong>erexit</strong></span> <span class='ocrx_word' id='word_1_373' title='bbox 1158 2928 1334 2976; x_wconf 89' lang='lat' dir='ltr'><strong>medius</strong></span> <span class='ocrx_word' id='word_1_374' title='bbox 1369 2928 1607 2982; x_wconf 91' lang='lat' dir='ltr'><strong>Latomus,</strong></span> <span class='ocrx_word' id='word_1_375' title='bbox 1648 2931 1827 2991; x_wconf 88' lang='lat' dir='ltr'><strong>opinor.</strong></span> 
     </span>
    </p>

    <p class='ocr_par' dir='ltr' id='par_1_14' title="bbox 136 2998 2300 3117">
     <span class='ocr_line' id='line_1_38' title="bbox 277 2998 2300 3063; baseline 0.001 -18"><span class='ocrx_word' id='word_1_376' title='bbox 277 3010 567 3047; x_wconf 69' lang='lat' dir='ltr'><strong>vaonnvs.</strong></span> <span class='ocrx_word' id='word_1_377' title='bbox 641 2998 842 3051; x_wconf 89' lang='lat' dir='ltr'><strong>Utinam,</strong></span> <span class='ocrx_word' id='word_1_378' title='bbox 880 2998 991 3052; x_wconf 88' lang='lat' dir='ltr'><strong>Lee‚</strong></span> <span class='ocrx_word' id='word_1_379' title='bbox 1030 3006 1252 3048; x_wconf 89' lang='lat' dir='ltr'><strong>cometam</strong></span> <span class='ocrx_word' id='word_1_380' title='bbox 1289 3000 1415 3047; x_wconf 91' lang='lat' dir='ltr'><strong>illum</strong></span> <span class='ocrx_word' id='word_1_381' title='bbox 1455 3001 1651 3063; x_wconf 87' lang='lat' dir='ltr'><strong>pilosum</strong></span> <span class='ocrx_word' id='word_1_382' title='bbox 1690 3000 1845 3062; x_wconf 85' lang='lat' dir='ltr'><strong>lingua</strong></span> <span class='ocrx_word' id='word_1_383' title='bbox 1882 3008 1979 3047; x_wconf 91' lang='lat' dir='ltr'><strong>tum</strong></span> <span class='ocrx_word' id='word_1_384' title='bbox 2017 3000 2107 3048; x_wconf 88' lang='lat' dir='ltr'><strong>late</strong></span> <span class='ocrx_word' id='word_1_385' title='bbox 2144 2999 2300 3063; x_wconf 86' lang='lat' dir='ltr'><strong>explo-</strong></span> 
     </span>
     <span class='ocr_line' id='line_1_39' title="bbox 136 3082 307 3117; baseline -0.006 -1"><span class='ocrx_word' id='word_1_386' title='bbox 136 3082 307 3117; x_wconf 86' lang='lat' dir='ltr'><strong>rasses.</strong></span> 
     </span>
    </p>

    <p class='ocr_par' dir='ltr' id='par_1_15' title="bbox 275 3139 2298 3206">
     <span class='ocr_line' id='line_1_40' title="bbox 275 3139 2298 3206; baseline 0.001 -18"><span class='ocrx_word' id='word_1_387' title='bbox 275 3152 424 3190; x_wconf 75' lang='lat' dir='ltr'><strong>mm.</strong></span> <span class='ocrx_word' id='word_1_388' title='bbox 498 3139 676 3203; x_wconf 86' lang='lat' dir='ltr'><strong>Optarit</strong></span> <span class='ocrx_word' id='word_1_389' title='bbox 713 3142 802 3190; x_wconf 90' lang='lat' dir='ltr'><strong>hoc</strong></span> <span class='ocrx_word' id='word_1_390' title='bbox 839 3144 1046 3205; x_wconf 87' lang='lat' dir='ltr'><strong>poeticus</strong></span> <span class='ocrx_word' id='word_1_391' title='bbox 1084 3143 1300 3206; x_wconf 89' lang='lat' dir='ltr'><strong>populus.</strong></span> <span class='ocrx_word' id='word_1_392' title='bbox 1374 3143 1461 3191; x_wconf 90' lang='lat' dir='ltr'><strong>Sed</strong></span> <span class='ocrx_word' id='word_1_393' title='bbox 1500 3143 1607 3206; x_wconf 91' lang='lat' dir='ltr'><strong>quid</strong></span> <span class='ocrx_word' id='word_1_394' title='bbox 1646 3143 1712 3190; x_wconf 90' lang='lat' dir='ltr'><strong>sic</strong></span> <span class='ocrx_word' id='word_1_395' title='bbox 1748 3143 1920 3206; x_wconf 85' lang='lat' dir='ltr'><strong>paratis</strong></span> <span class='ocrx_word' id='word_1_396' title='bbox 1957 3143 2065 3191; x_wconf 91' lang='lat' dir='ltr'><strong>boni</strong></span> <span class='ocrx_word' id='word_1_397' title='bbox 2103 3144 2148 3191; x_wconf 91' lang='lat' dir='ltr'><strong>in</strong></span> <span class='ocrx_word' id='word_1_398' title='bbox 2174 3157 2298 3191; x_wconf 91' lang='lat' dir='ltr'><strong>men-</strong></span> 
     </span>
    </p>

    <p class='ocr_par' dir='ltr' id='par_1_16' title="bbox 79 3211 713 3265">
     <span class='ocr_line' id='line_1_41' title="bbox 79 3211 713 3265; baseline 0.002 -6"><span class='ocrx_word' id='word_1_399' title='bbox 79 3215 123 3251; x_wconf 81' lang='lat'><strong>⁴⁰</strong></span> <span class='ocrx_word' id='word_1_400' title='bbox 138 3218 229 3260; x_wconf 86' lang='lat' dir='ltr'><strong>tem</strong></span> <span class='ocrx_word' id='word_1_401' title='bbox 266 3213 411 3265; x_wconf 86' lang='lat' dir='ltr'><strong>venit,</strong></span> <span class='ocrx_word' id='word_1_402' title='bbox 448 3211 713 3261; x_wconf 84' lang='lat' dir='ltr'><strong>Erostrate?</strong></span> 
     </span>
    </p>

    <p class='ocr_par' dir='ltr' id='par_1_17' title="bbox 135 3285 2408 3492">
     <span class='ocr_line' id='line_1_42' title="bbox 275 3285 2408 3339; baseline 0.001 -8"><span class='ocrx_word' id='word_1_403' title='bbox 275 3295 671 3334; x_wconf 65' lang='lat' dir='ltr'><strong>noofls&#39;mawvs.</strong></span> <span class='ocrx_word' id='word_1_404' title='bbox 741 3285 927 3334; x_wconf 84' lang='lat' dir='ltr'><strong>Nescio:</strong></span> <span class='ocrx_word' id='word_1_405' title='bbox 984 3300 1086 3333; x_wconf 89' lang='lat' dir='ltr'><strong>nam</strong></span> <span class='ocrx_word' id='word_1_406' title='bbox 1132 3292 1280 3333; x_wconf 90' lang='lat' dir='ltr'><strong>totum</strong></span> <span class='ocrx_word' id='word_1_407' title='bbox 1325 3288 1555 3333; x_wconf 86' lang='lat' dir='ltr'><strong>inventum</strong></span> <span class='ocrx_word' id='word_1_408' title='bbox 1605 3287 1814 3334; x_wconf 88' lang='lat' dir='ltr'><strong>omnibus</strong></span> <span class='ocrx_word' id='word_1_409' title='bbox 1860 3286 1993 3334; x_wconf 90' lang='lat' dir='ltr'><strong>nobis</strong></span> <span class='ocrx_word' id='word_1_410' title='bbox 2039 3288 2408 3339; x_wconf 78' lang='lat' dir='ltr'><strong>excussisti.§.21.</strong></span> 
     </span>
     <span class='ocr_line' id='line_1_43' title="bbox 137 3354 2291 3421; baseline 0.002 -19"><span class='ocrx_word' id='word_1_411' title='bbox 137 3354 470 3417; x_wconf 78' lang='lat' dir='ltr'><strong>obstupefactis</strong></span> <span class='ocrx_word' id='word_1_412' title='bbox 495 3355 695 3403; x_wconf 87' lang='lat' dir='ltr'><strong>clamore</strong></span> <span class='ocrx_word' id='word_1_413' title='bbox 720 3363 826 3411; x_wconf 91' lang='lat' dir='ltr'><strong>tuo;</strong></span> <span class='ocrx_word' id='word_1_414' title='bbox 866 3357 1046 3404; x_wconf 85' lang='lat' dir='ltr'><strong>silentia</strong></span> <span class='ocrx_word' id='word_1_415' title='bbox 1083 3359 1231 3405; x_wconf 91' lang='lat' dir='ltr'><strong>omnia</strong></span> <span class='ocrx_word' id='word_1_416' title='bbox 1269 3358 1360 3405; x_wconf 88' lang='lat' dir='ltr'><strong>late</strong></span> <span class='ocrx_word' id='word_1_417' title='bbox 1398 3364 1656 3410; x_wconf 86' lang='lat' dir='ltr'><strong>tenuerunt,</strong></span> <span class='ocrx_word' id='word_1_418' title='bbox 1695 3358 2025 3421; x_wconf 88' lang='lat' dir='ltr'><strong>interquievisti</strong></span> <span class='ocrx_word' id='word_1_419' title='bbox 2064 3366 2110 3406; x_wconf 89' lang='lat' dir='ltr'><strong>et</strong></span> <span class='ocrx_word' id='word_1_420' title='bbox 2136 3366 2186 3406; x_wconf 93' lang='lat' dir='ltr'><strong>tu</strong></span> <span class='ocrx_word' id='word_1_421' title='bbox 2212 3360 2291 3406; x_wconf 88' lang='lat' dir='ltr'><strong>ali-</strong></span> 
     </span>
     <span class='ocr_line' id='line_1_44' title="bbox 135 3426 2294 3492; baseline 0.002 -19"><span class='ocrx_word' id='word_1_422' title='bbox 135 3426 358 3489; x_wconf 88' lang='lat' dir='ltr'><strong>quandiu,</strong></span> <span class='ocrx_word' id='word_1_423' title='bbox 395 3441 499 3474; x_wconf 86' lang='lat' dir='ltr'><strong>mox</strong></span> <span class='ocrx_word' id='word_1_424' title='bbox 540 3428 774 3490; x_wconf 89' lang='lat' dir='ltr'><strong>inopinato</strong></span> <span class='ocrx_word' id='word_1_425' title='bbox 812 3430 1066 3491; x_wconf 89' lang='lat' dir='ltr'><strong>prorupisti</strong></span> <span class='ocrx_word' id='word_1_426' title='bbox 1105 3429 1150 3476; x_wconf 89' lang='lat' dir='ltr'><strong>in</strong></span> <span class='ocrx_word' id='word_1_427' title='bbox 1188 3430 1456 3477; x_wconf 89' lang='lat' dir='ltr'><strong>acerrimum</strong></span> <span class='ocrx_word' id='word_1_428' title='bbox 1495 3432 1787 3492; x_wconf 87' lang='lat' dir='ltr'><strong>grunnitum,</strong></span> <span class='ocrx_word' id='word_1_429' title='bbox 1827 3437 1878 3477; x_wconf 93' lang='lat' dir='ltr'><strong>ut</strong></span> <span class='ocrx_word' id='word_1_430' title='bbox 1902 3430 1973 3477; x_wconf 87' lang='lat' dir='ltr'><strong>vix</strong></span> <span class='ocrx_word' id='word_1_431' title='bbox 1997 3432 2144 3479; x_wconf 85' lang='lat' dir='ltr'><strong>nostri</strong></span> <span class='ocrx_word' id='word_1_432' title='bbox 2170 3445 2294 3479; x_wconf 89' lang='lat' dir='ltr'><strong>com-</strong></span> 
     </span>
    </p>
   </div>
   <div class='ocr_carea' id='block_1_3' title="bbox 133 3524 471 3534">
    <p class='ocr_par' dir='ltr' id='par_1_18' title="bbox 133 3524 471 3534">
     <span class='ocr_line' id='line_1_45' title="bbox 133 3524 471 3534; baseline 0 730"><span class='ocrx_word' id='word_1_433' title='bbox 133 3524 471 3534; x_wconf 95' lang='lat' dir='ltr'><strong> </strong></span> 
     </span>
    </p>
   </div>
   <div class='ocr_carea' id='block_1_4' title="bbox 130 3578 2290 3993">
    <p class='ocr_par' dir='ltr' id='par_1_19' title="bbox 130 3578 2290 3993">
     <span class='ocr_line' id='line_1_46' title="bbox 248 3578 2290 3638; baseline 0.001 -15"><span class='ocrx_word' id='word_1_434' title='bbox 248 3579 286 3609; x_wconf 83' lang='lat'><strong>¹⁰</strong></span> <span class='ocrx_word' id='word_1_435' title='bbox 312 3582 436 3636; x_wconf 81' lang='lat' dir='ltr'><strong>patri</strong></span> <span class='ocrx_word' id='word_1_436' title='bbox 467 3578 543 3635; x_wconf 61' lang='grc' dir='ltr'><strong>ὑπ]</strong></span> <span class='ocrx_word' id='word_1_437' title='bbox 565 3581 615 3622; x_wconf 91' lang='lat' dir='ltr'><strong>P.</strong></span> <span class='ocrx_word' id='word_1_438' title='bbox 639 3581 694 3622; x_wconf 80' lang='lat' dir='ltr'><strong>F.</strong></span> <span class='ocrx_word' id='word_1_439' title='bbox 718 3582 816 3625; x_wconf 86' lang='lat' dir='ltr'><strong>edd.</strong></span> <span class='ocrx_word' id='word_1_440' title='bbox 886 3579 918 3608; x_wconf 87' lang='lat'><strong>¹¹</strong></span> <span class='ocrx_word' id='word_1_441' title='bbox 952 3582 1122 3624; x_wconf 84' lang='lat' dir='ltr'><strong>ferrum</strong></span> <span class='ocrx_word' id='word_1_442' title='bbox 1151 3582 1182 3624; x_wconf 91' lang='lat' dir='ltr'><strong>i.</strong></span> <span class='ocrx_word' id='word_1_443' title='bbox 1205 3583 1238 3624; x_wconf 85' lang='lat' dir='ltr'><strong>i.</strong></span> <span class='ocrx_word' id='word_1_444' title='bbox 1262 3581 1380 3638; x_wconf 70' lang='lat' dir='ltr'><strong>esse]</strong></span> <span class='ocrx_word' id='word_1_445' title='bbox 1413 3583 1565 3626; x_wconf 83' lang='lat' dir='ltr'><strong>Senec.</strong></span> <span class='ocrx_word' id='word_1_446' title='bbox 1587 3583 1677 3627; x_wconf 74' lang='lat' dir='ltr'><strong>lud,</strong></span> <span class='ocrx_word' id='word_1_447' title='bbox 1701 3584 1758 3627; x_wconf 87' lang='lat' dir='ltr'><strong>de</strong></span> <span class='ocrx_word' id='word_1_448' title='bbox 1788 3587 1933 3627; x_wconf 84' lang='lat' dir='ltr'><strong>morte</strong></span> <span class='ocrx_word' id='word_1_449' title='bbox 1955 3583 2138 3627; x_wconf 83' lang='lat' dir='ltr'><strong>Claudii</strong></span> <span class='ocrx_word' id='word_1_450' title='bbox 2159 3582 2290 3626; x_wconf 83' lang='lat' dir='ltr'><strong>1x.6.</strong></span> 
     </span>
     <span class='ocr_line' id='line_1_47' title="bbox 131 3650 2287 3711; baseline 0 -17"><span class='ocrx_word' id='word_1_451' title='bbox 131 3650 170 3680; x_wconf 85' lang='lat'><strong>²¹</strong></span> <span class='ocrx_word' id='word_1_452' title='bbox 200 3651 364 3695; x_wconf 73' lang='lat' dir='ltr'><strong>caelnm</strong></span> <span class='ocrx_word' id='word_1_453' title='bbox 394 3655 437 3694; x_wconf 90' lang='lat'><strong>2.</strong></span> <span class='ocrx_word' id='word_1_454' title='bbox 525 3650 563 3678; x_wconf 81' lang='lat'><strong>²⁸</strong></span> <span class='ocrx_word' id='word_1_455' title='bbox 592 3651 784 3707; x_wconf 85' lang='lat' dir='ltr'><strong>Megera</strong></span> <span class='ocrx_word' id='word_1_456' title='bbox 812 3653 912 3696; x_wconf 83' lang='lat' dir='ltr'><strong>edd.</strong></span> <span class='ocrx_word' id='word_1_457' title='bbox 999 3651 1036 3679; x_wconf 78' lang='lat'><strong>²⁸</strong></span> <span class='ocrx_word' id='word_1_458' title='bbox 1068 3652 1311 3696; x_wconf 79' lang='lat' dir='ltr'><strong>facultatis</strong></span> <span class='ocrx_word' id='word_1_459' title='bbox 1333 3657 1375 3696; x_wconf 80' lang='lat'><strong>4.</strong></span> <span class='ocrx_word' id='word_1_460' title='bbox 1408 3654 1657 3698; x_wconf 76' lang='lat' dir='ltr'><strong>facilitatis</strong></span> <span class='ocrx_word' id='word_1_461' title='bbox 1688 3658 1727 3701; x_wconf 89' lang='lat'><strong>1.</strong></span> <span class='ocrx_word' id='word_1_462' title='bbox 1739 3658 1781 3698; x_wconf 87' lang='lat'><strong>2.</strong></span> <span class='ocrx_word' id='word_1_463' title='bbox 1796 3659 1839 3699; x_wconf 84' lang='lat'><strong>3.</strong></span> <span class='ocrx_word' id='word_1_464' title='bbox 1863 3670 1946 3699; x_wconf 83' lang='lat' dir='ltr'><strong>non</strong></span> <span class='ocrx_word' id='word_1_465' title='bbox 1971 3670 2056 3711; x_wconf 84' lang='lat' dir='ltr'><strong>per</strong></span> <span class='ocrx_word' id='word_1_466' title='bbox 2085 3668 2287 3702; x_wconf 82' lang='lat' dir='ltr'><strong>errorem,</strong></span> 
     </span>
     <span class='ocr_line' id='line_1_48' title="bbox 130 3721 2285 3783; baseline 0.001 -17"><span class='ocrx_word' id='word_1_467' title='bbox 130 3729 251 3778; x_wconf 74' lang='lat' dir='ltr'><strong>puto.</strong></span> <span class='ocrx_word' id='word_1_468' title='bbox 339 3721 378 3750; x_wconf 83' lang='lat'><strong>⁸⁸</strong></span> <span class='ocrx_word' id='word_1_469' title='bbox 407 3722 571 3778; x_wconf 84' lang='lat' dir='ltr'><strong>semet]</strong></span> <span class='ocrx_word' id='word_1_470' title='bbox 603 3723 746 3765; x_wconf 76' lang='lat' dir='ltr'><strong>semel</strong></span> <span class='ocrx_word' id='word_1_471' title='bbox 777 3724 876 3766; x_wconf 83' lang='lat' dir='ltr'><strong>edd.</strong></span> <span class='ocrx_word' id='word_1_472' title='bbox 967 3725 1132 3779; x_wconf 81' lang='lat' dir='ltr'><strong>arripit</strong></span> <span class='ocrx_word' id='word_1_473' title='bbox 1152 3727 1195 3769; x_wconf 86' lang='lat'><strong>2.</strong></span> <span class='ocrx_word' id='word_1_474' title='bbox 1280 3723 1369 3753; x_wconf 62' lang='lat'><strong>⁸⁸³⁴</strong></span> <span class='ocrx_word' id='word_1_475' title='bbox 1398 3726 1578 3770; x_wconf 86' lang='lat' dir='ltr'><strong>Idcirco</strong></span> <span class='ocrx_word' id='word_1_476' title='bbox 1601 3729 1641 3771; x_wconf 81' lang='lat'><strong>4.</strong></span> <span class='ocrx_word' id='word_1_477' title='bbox 1729 3726 1892 3783; x_wconf 85' lang='lat' dir='ltr'><strong>Terra]</strong></span> <span class='ocrx_word' id='word_1_478' title='bbox 1930 3728 1992 3770; x_wconf 82' lang='lat' dir='ltr'><strong>cf.</strong></span> <span class='ocrx_word' id='word_1_479' title='bbox 2015 3728 2169 3770; x_wconf 75' lang='lat' dir='ltr'><strong>Psalm.</strong></span> <span class='ocrx_word' id='word_1_480' title='bbox 2190 3725 2285 3769; x_wconf 87' lang='lat' dir='ltr'><strong>XL.</strong></span> 
     </span>
     <span class='ocr_line' id='line_1_49' title="bbox 136 3792 2285 3852; baseline 0 -17"><span class='ocrx_word' id='word_1_481' title='bbox 136 3792 205 3837; x_wconf 88' lang='lat'><strong>10.</strong></span> <span class='ocrx_word' id='word_1_482' title='bbox 224 3795 346 3838; x_wconf 82' lang='lat' dir='ltr'>XLI.</span> <span class='ocrx_word' id='word_1_483' title='bbox 370 3794 440 3839; x_wconf 86' lang='lat'><strong>13.</strong></span> <span class='ocrx_word' id='word_1_484' title='bbox 544 3792 583 3820; x_wconf 79' lang='lat'><strong>⁸⁶</strong></span> <span class='ocrx_word' id='word_1_485' title='bbox 614 3794 776 3837; x_wconf 84' lang='lat' dir='ltr'><strong>caelum</strong></span> <span class='ocrx_word' id='word_1_486' title='bbox 807 3801 850 3838; x_wconf 86' lang='lat' dir='ltr'><strong>et</strong></span> <span class='ocrx_word' id='word_1_487' title='bbox 882 3794 985 3837; x_wconf 81' lang='lat' dir='ltr'><strong>caeli</strong></span> <span class='ocrx_word' id='word_1_488' title='bbox 1019 3798 1062 3838; x_wconf 85' lang='lat'><strong>3.</strong></span> <span class='ocrx_word' id='word_1_489' title='bbox 1179 3808 1267 3838; x_wconf 81' lang='lat' dir='ltr'><strong>scr.</strong></span> <span class='ocrx_word' id='word_1_490' title='bbox 1290 3795 1376 3852; x_wconf 80' lang='lat' dir='ltr'><strong>est]</strong></span> <span class='ocrx_word' id='word_1_491' title='bbox 1410 3798 1564 3840; x_wconf 76' lang='lat' dir='ltr'><strong>Psalm.</strong></span> <span class='ocrx_word' id='word_1_492' title='bbox 1588 3799 1760 3841; x_wconf 86' lang='lat' dir='ltr'>XVIII.</span> <span class='ocrx_word' id='word_1_493' title='bbox 1784 3799 1823 3841; x_wconf 90' lang='lat'><strong>1.</strong></span> <span class='ocrx_word' id='word_1_494' title='bbox 1940 3797 1978 3825; x_wconf 83' lang='lat'><strong>³⁷</strong></span> <span class='ocrx_word' id='word_1_495' title='bbox 2007 3799 2105 3839; x_wconf 87' lang='lat' dir='ltr'><strong>Leo</strong></span> <span class='ocrx_word' id='word_1_496' title='bbox 2137 3798 2285 3838; x_wconf 74' lang='lat'><em>1.3.4.</em></span> 
     </span>
     <span class='ocr_line' id='line_1_50' title="bbox 134 3865 2283 3924; baseline 0.002 -18"><span class='ocrx_word' id='word_1_497' title='bbox 134 3865 393 3921; x_wconf 73' lang='lat' dir='ltr'><strong>linguatum</strong></span> <span class='ocrx_word' id='word_1_498' title='bbox 425 3869 469 3909; x_wconf 82' lang='lat'><strong>3.</strong></span> <span class='ocrx_word' id='word_1_499' title='bbox 510 3865 690 3921; x_wconf 82' lang='lat' dir='ltr'><strong>lingna]</strong></span> <span class='ocrx_word' id='word_1_500' title='bbox 726 3870 896 3922; x_wconf 79' lang='lat' dir='ltr'><strong>rostro,</strong></span> <span class='ocrx_word' id='word_1_501' title='bbox 937 3879 1044 3910; x_wconf 85' lang='lat' dir='ltr'><strong>nam</strong></span> <span class='ocrx_word' id='word_1_502' title='bbox 1076 3868 1199 3910; x_wconf 84' lang='lat' dir='ltr'><strong>Leus</strong></span> <span class='ocrx_word' id='word_1_503' title='bbox 1237 3872 1347 3911; x_wconf 88' lang='lat' dir='ltr'><strong>tunc</strong></span> <span class='ocrx_word' id='word_1_504' title='bbox 1386 3882 1551 3924; x_wconf 84' lang='lat' dir='ltr'><strong>porcus</strong></span> <span class='ocrx_word' id='word_1_505' title='bbox 1591 3875 1702 3913; x_wconf 87' lang='lat' dir='ltr'><strong>erat.</strong></span> <span class='ocrx_word' id='word_1_506' title='bbox 1820 3869 1855 3896; x_wconf 81' lang='lat'><strong>⁸⁹</strong></span> <span class='ocrx_word' id='word_1_507' title='bbox 1886 3872 2008 3924; x_wconf 85' lang='lat' dir='ltr'><strong>poet.</strong></span> <span class='ocrx_word' id='word_1_508' title='bbox 2031 3865 2154 3923; x_wconf 68' lang='lat' dir='ltr'><strong>pop]</strong></span> <span class='ocrx_word' id='word_1_509' title='bbox 2189 3867 2220 3907; x_wconf 94' lang='lat' dir='ltr'><strong>i.</strong></span> <span class='ocrx_word' id='word_1_510' title='bbox 2243 3879 2283 3910; x_wconf 86' lang='lat' dir='ltr'><strong>e.</strong></span> 
     </span>
     <span class='ocr_line' id='line_1_51' title="bbox 134 3936 1550 3993; baseline 0.001 -15"><span class='ocrx_word' id='word_1_511' title='bbox 134 3936 356 3979; x_wconf 84' lang='lat' dir='ltr'><strong>bonarum</strong></span> <span class='ocrx_word' id='word_1_512' title='bbox 387 3937 646 3980; x_wconf 82' lang='lat' dir='ltr'><strong>litterarum</strong></span> <span class='ocrx_word' id='word_1_513' title='bbox 679 3942 840 3981; x_wconf 78' lang='lat' dir='ltr'><strong>contra</strong></span> <span class='ocrx_word' id='word_1_514' title='bbox 871 3938 1210 3993; x_wconf 74' lang='lat' dir='ltr'><strong>theologastros</strong></span> <span class='ocrx_word' id='word_1_515' title='bbox 1242 3940 1550 3983; x_wconf 80' lang='lat' dir='ltr'><strong>defensores..</strong></span> 
     </span>
    </p>
   </div>
  </div>
 </body>
</html>
