2456 4264
6 0 49 182 f

8 212 30 243 tv

0 301 30 387 3⁵
99 318 357 351 unu-tvl(
377 311 583 351 exulus
605 319 791 350 comum
813 320 1056 352 srncvnvn
1078 322 1290 352 ocvnnm
1313 323 1357 351 1).
1382 322 1534 353 conon
1571 326 1616 354 1).
1642 321 1676 355 7.
1699 327 1800 355 oc'r.
1823 326 1866 357 A.
1890 314 2028 370 (1512.)
2138 306 2257 363 127

93 516 243 601 pere,
289 535 426 595 quod
459 535 732 587 laudabilis
761 538 1059 585 universitas
1096 535 1396 585 Coloniensis
1427 538 1504 596 (in
1542 552 1639 599 quo
1675 545 1744 589 tot
1772 543 1964 602 eqreqii
1994 552 2040 590 et
2075 543 2267 592 honesti

97 625 165 671 et
187 618 445 678 benedocti
476 621 577 668 viri
618 623 756 682 sunt)
803 633 903 669 non
930 619 1095 679 fuerit
1133 622 1377 670 inclinata
1413 622 1655 672 Ioannem
1691 624 1937 674 Reuchlin
1971 627 2141 693 ledere
2174 637 2262 677 aut

95 704 329 761 mna-em
373 705 482 752 eius
526 718 769 766 carpere,
823 705 917 753 sed
965 706 1267 754 solummodo
1320 709 1632 768 superfluam
1683 711 1934 759 maliciam
1990 712 2260 773 christiane

12 832 29 864 k
26 787 300 870 feoelesie
326 789 622 849 extinyuere
654 794 704 838 et
730 789 795 838 ab
825 789 1100 837 hominibus
1135 792 1305 840 tollere
1343 797 1448 840 .etc.
1524 793 1671 842 Nunc
1706 795 1752 841 si
1786 794 2030 844 Reuclzlin
2066 799 2135 844 ita
2167 797 2260 856 se—

12 866 41 990 }
89 875 237 931 uisset
252 873 693 937 quemadmodum
713 875 990 937 scripserat
1021 888 1075 922 se
1106 874 1383 936 facturum,
1420 881 1537 925 tunc
1574 879 1625 925 in
1662 877 1796 925 hunc
1830 891 1985 938 usque
2020 882 2148 929 diem
2177 884 2262 930 ni-

93 958 185 1011 ΕΙ
194 957 259 1007 de
288 957 389 1008 hac
434 971 594 1007 causa
638 960 874 1019 sciretur,
916 958 1195 1020 fuissetque
1233 962 1431 1021 penitus
1470 963 1708 1010 extincta.
1798 963 1977 1011 Verum
2013 964 2257 1014 Reucltlin

12 990 58 1112 ξ
86 1044 332 1108 pertinax
358 1042 565 1105 effectus
595 1056 694 1105 pro
725 1045 829 1093 suis
859 1046 1079 1106 peccatis
1107 1046 1296 1093 nullum
1330 1045 1520 1093 volebat
1544 1048 1663 1107 pati
1686 1046 1932 1094 dolorem·
1967 1050 2115 1096 etiam
2142 1050 2256 1098 dia-

13 1112 230 1385 §.bolus
261 1128 550 1190 superbiam
584 1142 725 1177 suam
763 1129 1014 1191 deponere
1038 1124 1060 1196 Η
1086 1129 1282 1177 nolebat
1321 1143 1413 1177 nec
1449 1130 1617 1178 dicere
1660 1132 1821 1191 potuit
1862 1132 2074 1180 ‘domine
2108 1135 2258 1181 mise-
2279 1131 2314 1182 ἐξ)

11 422 50 811 Ξ
233 450 284 499 ί
318 449 407 498 Ex
436 450 517 499 his
550 451 727 499 lit-teris
764 455 925 513 potest
951 452 1288 512 unusquisque
1323 419 1519 502 amator
1556 456 1779 504 veritatis
1814 456 2051 516 funditus
2088 462 2258 520 perci-

96 1226 213 1271 rere
243 1214 363 1272 mei,
402 1213 595 1263 Erravi
627 1219 675 1263 et
707 1216 886 1263 iniuste
917 1211 1055 1274 feci’,
1087 1213 1502 1274 quemadmodum
1535 1214 1724 1274 Reqius
1757 1216 2006 1277 propheta
2037 1223 2085 1264 et
2119 1218 2261 1266 divus

90 1298 397 1361 maslinus
430 1297 681 1359 fecerunt.
754 1298 861 1348 Sed
889 1298 1139 1347 Reuclzlin
1176 1299 1378 1347 tandem
1415 1301 1611 1348 astucia
1654 1314 1747 1348 sua
1792 1300 1998 1360 effinxit
2037 1303 2087 1349 in
2134 1315 2260 1350 con-

2 1382 38 1468 ςξ
89 1384 401 1446 mintionem
450 1397 593 1433 suam
638 1389 687 1433 et
732 1386 879 1432 etiam
926 1385 979 1432 in
1019 1397 1140 1432 suas
1188 1385 1423 1444 antiquas
1459 1385 1826 1434 declarationes
1862 1388 1993 1434 alias
2029 1383 2181 1435 novas
2216 1393 2264 1435 et

42 1467 398 1530 ὡραίουίοαε
447 1471 904 1532 interpretationes,
957 1469 1133 1530 quibus
1180 1482 1356 1518 nomen
1404 1470 1543 1518 dedit
1589 1469 1764 1518 ‘Clara
1802 1472 2023 1519 ocularis
2074 1474 2265 1532 speculi

16 1587 43 1627 ,³
93 1554 385 1605 declaratio’
429 1555 503 1603 ad
535 1555 850 1605 obtinendam
887 1556 940 1603 in
978 1555 1164 1604 mundo
1209 1555 1373 1615 illam,
1417 1555 1629 1603 credens
1672 1569 1725 1603 se
1764 1568 1890 1603 nova
1937 1557 2026 1604 illa
2069 1556 2262 1604 theuto-

92 1640 210 1705 nica
233 1639 573 1690 declaratione
592 1642 834 1688 voluntati
854 1640 1111 1689 doctorum
1138 1645 1188 1688 et
1208 1639 1451 1688 scandalo
1469 1640 1667 1701 publico
1701 1639 2000 1700 satisfacere
2030 1643 2261 1701 potuisse.

7 1787 9 1790 y
38 1790 41 1796 Ι
90 1722 196 1789 Sed
225 1724 320 1775 hoc
354 1738 505 1787 quam
540 1727 739 1774 omnino
769 1727 967 1788 puerile
1001 1731 1128 1775 esset
1159 1730 1208 1774 et
1242 1738 1421 1774 vanum
1458 1738 1599 1774 nemo
1631 1725 1784 1774 bonus
1822 1726 2083 1786 iynorabit.

19 1845 42 1904 ‘f
95 1861 97 1865 ·
127 1859 129 1862 ⁴
970 1838 1128 1887 Nota
1164 1841 1374 1887 lector.

0 1924 43 2044 ὲ
119 1948 123 1950 ’
155 1962 166 1970 <-
231 1937 276 1987 1
310 1938 395 1987 Aa
424 1937 520 1987 hoc
556 1939 712 1999 iqitur
747 1938 1115 1987 declarandum
1147 1937 1255 1997 fuit
1292 1952 1408 1999 sepe
1446 1938 1727 1986 admonitus
1763 1936 1982 1987 Ioannes
2015 1936 2259 1988 Reuclzlin

34 2035 37 2043 ⁴
89 2036 126 2072 a
169 2025 376 2080 nostris,
422 2029 472 2072 et
516 2023 576 2082 id
619 2024 819 2085 quidem
863 2025 1109 2085 piissime,
1155 2030 1209 2071 ut
1254 2024 1389 2071 illius
1434 2023 1509 2069 ad
1554 2031 1745 2071 nostros
1789 2028 1837 2071 et
1872 2029 2153 2072 nostrorum
2191 2024 2263 2071 ad

89 2110 228 2159 illum
250 2109 453 2172 epistole
480 2113 740 2173 testantur,
778 2113 836 2157 ut
856 2109 1056 2157 tandem
1082 2108 1276 2157 beatum
1306 2107 1630 2168 Auqustinum
1655 2109 1904 2168 sequendo
1926 2121 2125 2157 errores
2147 2121 2261 2156 suos

49 2204 54 2210 “
89 2196 318 2258 ἱερίίίηιὶε
356 2198 407 2243 et
438 2196 628 2257 apertis
661 2199 711 2243 et
752 2194 1117 2254 sufficientibus
1162 2193 1583 2243 declarationibus
1622 2199 1895 2242 revocaret.
1973 2193 2114 2251 Quod
2147 2207 2259 2242 cum

90 2294 144 2331 se
174 2279 358 2342 facere
389 2281 513 2328 velle
541 2279 780 2329 callidius
812 2282 1143 2342 promisisset,
1193 2278 1351 2327 edidit
1386 2278 1693 2327 theutonicas
1741 2278 2104 2327 declarationes
2147 2291 2258 2327 cum

26 2350 42 2423 ζ,
92 2366 279 2428 alae’quot
307 2362 556 2414 invectivis
586 2378 775 2427 parum
810 2371 900 2414 aut
933 2365 1060 2413 nihil
1108 2379 1141 2413 a
1190 2365 1359 2413 latinis
1397 2368 1547 2412 antea
1590 2365 1860 2425 impressas
1899 2364 2255 2425 discrepantes.

22 2450 200 2502 tHoc
227 2463 351 2512 erqo
384 2449 471 2500 ubi
504 2450 731 2500 doctores
763 2452 924 2499 nostri
950 2450 1352 2512 considerarunt,
1381 2455 1430 2496 et
1464 2448 1590 2497 nihil
1620 2448 1684 2496 ab
1720 2461 1778 2496 eo
1803 2453 1973 2509 preter
2011 2448 2160 2496 verba
2198 2461 2261 2496 ac

21 2502 365 2587 fit'llusaeonem
395 2537 695 2598 acciperent,
732 2537 1000 2585 iustissima
1024 2537 1282 2584 occasione
1306 2539 1481 2583 contra
1515 2547 1626 2583 eum
1651 2534 1834 2591 habita,
1862 2534 2063 2595 publice
2085 2538 2260 2581 contra

24 2629 50 2674 ὲ
89 2635 200 2691 eum
235 2623 560 2685 scripserunt.
594 2627 644 2670 et
677 2622 733 2670 id
769 2622 968 2683 quidem
1003 2635 1102 2669 non
1139 2623 1297 2670 solum
1333 2621 1557 2669 doctores
1592 2621 1690 2680 ipsi
1723 2619 2052 2678 colonienses,
2093 2632 2260 2666 verum

25 2706 43 2714 '⁴
89 2712 140 2758 et
174 2708 268 2758 alii
289 2708 519 2771 plerique
554 2706 867 2756 diversarum
902 2707 1279 2756 universitatum
1317 2706 1589 2754 doctissimi
1616 2704 2019 2765 celeberrimique
2058 2706 2176 2768 viri,
2210 2711 2263 2752 ut

86 2777 259 2856 postea
290 2799 539 2855 sequetur.
599 2791 751 2842 Hanc
785 2793 941 2854 iqitur
974 2792 1034 2841 ob
1070 2805 1275 2841 causam
1306 2792 1647 2840 serenissimus
1678 2791 1783 2851 ipse
1809 2791 2094 2851 imperator,
2127 2804 2261 2851 yra-

91 2879 376 2929 tiosissimus
410 2882 577 2928 noster
614 2877 842 2927 dominus
878 2882 927 2926 et
969 2890 1230 2940 supremus
1273 2875 1513 2936 defensor
1552 2876 1938 2924 Christianitatis
1981 2889 2048 2924 ex
2088 2877 2261 2924 innata

38 2962 343 3031 nchaiitate
365 2972 415 3013 et
440 2964 694 3013 devotione
717 2977 867 3025 quam
891 2977 1016 3024 erqa
1035 2963 1188 3023 sidem
1215 2962 1543 3012 christianam
1568 2961 1727 3022 habet,
1758 2961 2012 3022 publicum
2039 2961 2261 3009 manda-

34 3035 58 3099 ξ’
93 3052 193 3100 lum
226 3054 402 3100 contra
425 3048 668 3099 Ioannem
691 3048 938 3099 Reuchlin
969 3050 1142 3111 emisit,
1179 3061 1365 3098 sonans
1397 3048 1461 3097 de
1497 3047 1641 3096 verbo
1672 3047 1744 3094 ad
1766 3046 1962 3094 verbum
1989 3045 2081 3093 hoc
2105 3045 2260 3093 modo.

340 3190 388 3240 ί
427 3191 799 3241 Mandatum
838 3198 1069 3242 contra
1114 3192 1434 3255 speculum
1491 3191 1759 3239 oculare
1806 3186 2005 3236 Ioan-

342 3278 440 3327 nis
475 3276 797 3327 Reuclzlin
840 3277 914 3326 ad
951 3278 1279 3326 arestandum
1322 3281 1372 3324 et
1416 3274 1763 3337 deponendum
1801 3275 1851 3322 in
1887 3273 2007 3322 locis

756 3363 831 3412 ad
862 3364 1147 3412 ulteriorem
1185 3362 1586 3412 commissionem.

234 3460 334 3512 Nos
367 3461 756 3512 Maximitianus
806 3463 891 3512 dei
929 3463 1104 3523 qratia
1147 3464 1328 3512 electus
1358 3460 1697 3510 Romanorum
1733 3455 2017 3522 Imperator
2067 3469 2260 3521 semper

101 3544 362 3609 mustus,
399 3561 463 3598 ac
486 3548 766 3607 Germanic,
790 3546 1056 3608 Hunqarie
1082 3547 1342 3606 Dalmacie
1367 3552 1415 3595 et
1434 3544 1640 3604 Croacie
1670 3548 1732 3594 ,εί
1747 3558 1791 3594 c.
1833 3544 1963 3606 Rex,
1993 3544 2259 3593 Archidux

34 3662 37 3673 ⁴
67 3672 311 3728 ''grihtem
343 3676 390 3716 in
421 3681 467 3716 te
499 3686 630 3715 suam
671 3673 785 3716 fides
824 3674 1194 3716 incontaminata
1227 3672 1483 3724 custodiet,
1527 3670 1816 3713 illuminante
1857 3675 1902 3713 te
1935 3670 2140 3722 Christo,
2182 3668 2256 3723 qui

33 3735 36 3740 ’
91 3759 97 3778 ··
170 3744 541 3797 ,edificationem
573 3744 766 3786 aliorum
799 3749 846 3786 te
879 3757 1041 3787 sanum
1073 3750 1120 3786 et
1151 3744 1426 3786 incolumem
1457 3747 1624 3785 servet.
1659 3742 1791 3787 Vale.
1823 3742 1893 3783 Ex
1925 3742 2142 3792 Colonia,
2178 3753 2254 3781 no-

84 3803 469 3862 {uffineeanatus
500 3815 584 3857 sub
616 3815 786 3870 sigillo,
820 3816 894 3858 die
917 3816 1140 3869 secunda,
1171 3815 1343 3857 Mensis
1364 3815 1584 3858 Ianuarii.
1617 3814 1747 3856 Anno
1770 3813 1939 3855 domini
1961 3811 2189 3855 M.D.X11.
2212 3813 2252 3849 2.

90 3876 140 3914 υ
159 3884 410 3941 inpressas
440 3884 846 3942 (non-impressis)
879 3890 917 3928 1.
1035 3885 1072 3914 ³²
1102 3886 1379 3928 Germanice
1412 3886 1459 3926 in
1489 3884 1801 3926 Pfefferkorni
1833 3879 2175 3935 Brantspiegell
2207 3892 2251 3932 p.

73 3947 184 4008 ’,ἢ
203 3968 271 4011 sq.
292 3962 339 3999 et
369 3958 417 3999 in
448 3958 767 4011 Bcschyrmunq
798 3958 1014 4000 lohannes
1045 3958 1323 4012 l'sefferkorn
1357 3956 1437 3997 sol.
1462 3954 1602 3999 rrrii'n
1627 3956 1763 3998 Πτίἰί.
