2456 4264
267 291 373 333 XVI
731 292 873 321 INDEX
893 290 1049 320 EORVM
1071 288 1172 324 QVAE
1194 287 1283 315 noc
1305 283 1543 315 VOLVMINE
1567 280 1907 311 conwltmwrvn.

2305 402 2393 445 Pag.

267 488 311 535 4.
353 480 588 530 lohannes
626 478 876 528 Pileatoris
915 476 1112 525 Ortvino
1152 473 1333 524 Gratio.
1479 470 1658 519 Romae.
1772 500 2135 522 .....
2175 455 2272 510 191.
2313 468 2393 509 192

403 555 460 599 01
465 555 582 599 ινιιιο
610 553 807 612 quamvis
834 550 1005 595 litteras
1032 563 1122 594 non
1150 548 1268 591 danti
1298 547 1495 604 scriptor
1520 556 1631 588 nova
1658 540 1712 585 de
1738 553 1871 585 causa
1896 537 1996 584 fidei
2023 540 2142 584 eius-

403 638 487 684 que
524 621 667 672 dubi-,i
708 619 929 679 theologis
967 617 1160 667 difficili,
1199 614 1519 661 Reuchlinistis
1557 619 1702 658 autem
1741 609 1842 656 laeta
1880 609 2142 656 condicione

403 693 554 739 sciihit
593 698 637 737 et
674 693 744 751 pia
782 704 859 735 sua
897 703 980 750 pro
1021 701 1143 733 sacra
1185 684 1410 745 theologia
1456 690 1613 730 contra
1661 686 1819 741 poetas
1866 687 1913 725 et
1958 681 2142 727 iuristas

403 770 501 808 vota
528 776 625 809 ctun
653 760 908 821 suspicione
935 760 1079 819 ipsum
1107 770 1266 817 papam
1286 753 1519 802 Reuchlini
1544 751 1749 814 partibus
1775 750 1924 797 favere
1948 753 2141 797 nuntiat.

300 912 308 921 .
350 872 586 921 lohannes
624 871 683 920 de
721 868 926 919 Werdea
967 866 1165 915 Ortvino
1204 865 1384 914 Gratia.
1530 862 1696 911 Romae
1702 898 2138 910 ......
2178 873 2273 916 192,
2315 873 2394 916 193

400 948 624 991 Ortvinum
662 944 714 989 de
749 958 893 990 causae
930 940 1027 987 fidei
1068 938 1249 1000 ancipiti
1287 935 1635 999 periculosoque
1674 940 1795 980 statu
1832 935 2009 980 anxium
2034 949 2140 980 con-

401 1016 572 1062 solatur
607 1016 660 1062 ad
698 1016 890 1075 priorem
927 1011 1150 1057 audaciam
1176 1009 1417 1056 adhortans
1443 1021 1493 1052 ac
1518 1005 1860 1054 mutabilitatem
1885 1006 2142 1051 inconstan-

401 1088 594 1147 tiamque
631 1085 852 1147 papalium
891 1082 1154 1128 iudiciorum
1192 1092 1410 1141 papaeque
1455 1076 1632 1135 legibus
1681 1075 1819 1122 soluti
1863 1075 2140 1122 liberrimum

400 1156 631 1203 albitrium
669 1155 993 1200 demonstrans.
1054 1151 1259 1197 Ceterum
1298 1150 1508 1210 optimam
1546 1161 1725 1193 causam
1762 1159 1863 1192 esse
1899 1145 2001 1193 fidei
2038 1161 2142 1194 cau-

399 1241 491 1272 sam
517 1234 650 1287 atque
676 1225 990 1272 lIochstratum
1017 1223 1284 1269 auctoritate
1310 1219 1550 1280 plurimum
1576 1216 1776 1263 valentes
1811 1213 2005 1264 curiales
2032 1231 2140 1279 epu-

399 1296 453 1343 lis
492 1299 682 1358 vinoque
718 1294 831 1342 (latis
870 1294 923 1340 ad
962 1307 1064 1340 suas
1101 1299 1252 1353 partes
1292 1291 1491 1336 traxisse.

262 880 291 926 ιἿ

262 1411 309 1459 6.
349 1406 599 1456 Cornelius
637 1405 813 1455 Storati
851 1403 1064 1453 Ortvino.
1209 1403 1434 1465 Augustae
1438 1437 2135 1449 .........
2306 1410 2391 1453 194

397 1480 585 1527 Excusat
621 1495 668 1526 se
707 1479 826 1541 quod
861 1478 974 1523 dum
991 1478 1139 1524 Romae
1177 1471 1462 1525 morabatur,
1502 1473 1672 1519 Ortvini
1708 1472 1978 1520 desiderium
2014 1473 2136 1520 litte·

398 1565 547 1596 iarum
584 1551 636 1596 de
674 1565 806 1597 causa
843 1548 944 1594 fidei
983 1561 1113 1609 quam
1152 1545 1431 1592 exactissime
1478 1544 1772 1591 referentium
1819 1540 2001 1606 explere
2046 1558 2138 1591 nou

396 1621 642 1682 potuisset;
690 1623 839 1681 itaque
876 1633 994 1665 nunc
1031 1632 1081 1663 ex
1118 1619 1262 1678 patria
1299 1616 1454 1663 scribit
1489 1616 1640 1661 Romae
1678 1628 1859 1661 causam
1895 1629 1986 1662 non
2021 1615 2137 1661 bene

398 1693 591 1743 stetisse,
629 1691 942 1737 Hochstratum
982 1696 1110 1735 antea
1145 1687 1459 1748 largitionibus
1497 1691 1730 1747 potentem
1768 1699 1888 1733 nunc
1912 1686 1966 1733 ad
1991 1693 2138 1732 extre-

395 1776 512 1807 mum
552 1762 714 1822 inopiae
751 1762 977 1807 redactum
1014 1775 1038 1806 a
1075 1760 1312 1805 curtisanis
1349 1756 1541 1818 neglegi.
1616 1755 1847 1803 Ortvinum
1885 1757 2026 1818 igitur
2061 1771 2139 1803 cu-

396 1846 495 1878 rare
533 1831 713 1883 debere,
753 1838 803 1877 ut
838 1844 1015 1877 causam
1053 1829 1154 1875 fidei
1191 1829 1443 1876 defendenti
1469 1828 1704 1889 pecuniam
1730 1825 1798 1873 vel
1823 1839 1874 1874 ex
1899 1827 2136 1888 indulgen·

395 1903 468 1948 tiis
504 1902 737 1948 divenditis
774 1909 996 1962 receptam
1032 1900 1212 1946 Fratres
1250 1902 1442 1946 mittant.
1467 1959 1480 1971 ἱ

258 2004 302 2051 7.
342 1995 564 2046 Albertus
601 1997 806 2047 Acuficis
844 1995 1042 2045 Ortvino
1081 1997 1260 2047 Gratio.
1406 1993 1554 2045 Hallis
1590 1995 1643 2043 in
1682 1994 1907 2045 Saxonia.
2027 2032 2040 2044 .
2117 2037 2130 2049 .
2173 2002 2265 2047 195.
2309 2003 2390 2047 196

391 2072 448 2116 De
485 2086 616 2118 causa
652 2071 751 2117 fidei
788 2070 1019 2117 hominum
1056 2070 1216 2116 iudicia
1253 2069 1572 2131 theologorum
1598 2070 1717 2131 parti
1742 2071 1926 2116 omnino
1953 2068 2137 2117 adversa

392 2155 510 2193 esse,
556 2156 655 2188 sese
701 2148 848 2187 autem
876 2141 1123 2194 ‚defendere
1161 2140 1328 2187 scribit·
1354 2147 1529 2188 auctor.
1566 2139 1764 2187 Duorum
1802 2139 2136 2187 coloniensium

391 2212 707 2272 magistrorum
746 2213 939 2259 convicia
980 2219 1071 2257 turn
1110 2212 1315 2258 omnibus
1351 2210 1584 2258 Reuchlini
1623 2210 1894 2257 adversariis
1933 2217 2028 2256 tum
2052 2210 2134 2257 Pe-

392 2285 629 2343 pericorno
677 2283 814 2334 dicta,
863 2285 939 2343 qui
987 2297 1085 2328 cum
1134 2284 1399 2342 cognomine
1445 2281 1860 2344 sceleratodudaeo
1898 2280 2132 2343 baptizato

391 2352 510 2398 Halis
546 2352 778 2399 combusto
816 2359 1108 2414 conparatur,
1146 2353 1280 2400 latius
1318 2353 1572 2415 perscribit.
1643 2351 1774 2400 Illum
1811 2358 1856 2398 et
1893 2351 2134 2413 theologos

393 2422 575 2469 invicem
616 2437 714 2469 sese
750 2424 988 2484 instigasse
1024 2423 1069 2469 in
1106 2423 1325 2471 librorum
1361 2424 1644 2471 Iudaicorum
1670 2422 2043 2475 combustionem,
2082 2429 2133 2469 ut

392 2493 549 2540 ludaeis
595 2495 827 2554 pecuniam
872 2501 1210 2556 extorquerent,
1257 2496 1390 2556 idque
1438 2494 1682 2556 inpedienti
1719 2493 1967 2541 Reuchlino
2012 2493 2133 2541 calu-

393 2565 533 2609 mnias
570 2570 769 2616 struere,
806 2565 986 2611 Latinos
1023 2564 1162 2612 libros
1199 2580 1223 2611 a
1263 2566 1489 2627 theologis
1527 2566 1792 2626 conpositos
1831 2564 1915 2611 sub
1951 2565 2132 2627 Peperi-

393 2634 532 2686 corni,
572 2634 727 2680 famosi
763 2635 976 2687 hominis,
1014 2637 1192 2682 nomine
1229 2637 1309 2683 edi.
1375 2636 1488 2683 alios
1522 2636 1770 2683 Arnoldum
1808 2636 2131 2696 Tungrensem,

395 2703 634 2755 falsarium,
673 2704 783 2750 alios
810 2704 1051 2757 Ortvinum,
1089 2706 1340 2768 presbyteri
1375 2707 1516 2754 filium
1555 2706 1924 2754 concubinarium
1960 2706 2133 2753 adulte-

394 2787 593 2834 rumque,
632 2774 743 2821 alios
781 2775 1022 2835 Vigandum
1059 2777 1200 2829 Wirt,
1247 2778 1457 2825 infamem
1504 2778 1872 2840 praedicatorem,
1921 2784 2131 2824 auctores

395 2843 570 2890 habere.
618 2844 716 2890 Ita
705 2859 749 2890 ιιι
789 2846 938 2892 odium
976 2848 1201 2894 hominum
1239 2849 1585 2909 praedicatorum
1622 2862 1801 2896 causam
1840 2849 2040 2899 venisse,
2079 2855 2132 2894 ut

395 2913 460 2958 vel
499 2928 652 2961 caseos
690 2916 1093 2969 emendicantibus‚
1130 2925 1182 2964 ut
1218 2933 1242 2964 a
1267 2919 1512 2966 Reuchlino
1550 2933 1631 2966 eos
1667 2926 1901 2981 peterent,
1941 2932 2130 2980 respou-

393 2998 491 3029 sum
527 2985 722 3032 daretur.

258 3082 301 3131 8.
340 3077 590 3128 Matthaeus
625 3079 775 3129 Finck
814 3079 1014 3131 Ortvino
1053 3082 1234 3133 Gratio.
1378 3086 1560 3135 Romae.
1673 3122 2121 3136 ......
2166 3090 2381 3134 196...198

394 3151 707 3199 Baccalaureus
744 3161 868 3201 sorte
906 3169 1009 3206 sua,
1049 3155 1178 3202 ‘bona
1217 3160 1378 3204 stantia
1404 3160 1582 3212 Romae’‚
1619 3160 1754 3221 plane
1779 3165 2037 3211 contentus,
2073 3171 2129 3205 ne

396 3221 597 3281 ingratus
634 3225 901 3284 praeceptori
946 3228 1190 3286 promissas
1237 3227 1411 3275 litteras
1459 3231 1681 3290 denegare
1727 3231 1954 3282 videatur,
2002 3229 2127 3278 laetas

394 3291 548 3337 scribit
585 3292 637 3337 de
674 3296 838 3339 ventris
876 3294 1144 3348 infirmitate,
1183 3297 1236 3342 de
1272 3298 1388 3359 Papa
1425 3299 1664 3350 Florentiae
1700 3303 1851 3347 invitis
1889 3300 2129 3347 curtisanis

395 3368 597 3408 morante
634 3363 865 3424 oculisque
900 3365 1143 3418 laborante.
1181 3368 1235 3414 de
1271 3368 1390 3429 Rege
1414 3370 1611 3418 Franciae
1648 3371 1816 3418 bellum
1853 3378 2012 3418 contra
2047 3373 2129 3417 im-

395 3439 642 3491 peratorem
680 3441 875 3493 parante.
912 3435 1078 3481 Bellum
1117 3444 1261 3483 autem
1300 3454 1323 3484 a
1359 3454 1406 3485 se
1432 3441 1716 3502 deprecatur,
1755 3449 1807 3488 ut
1831 3441 1917 3488 sibi
1940 3442 2129 3488 alicuius

396 3500 596 3548 beneficii
633 3503 919 3550 ecclesiastici
957 3508 1130 3552 venatio
1158 3522 1372 3568 prospere
1400 3512 1621 3557 succedat.
1684 3512 1891 3565 Ortvino,
1931 3514 1970 3559 si
1995 3526 2128 3574 quam

396 3570 518 3617 litem
555 3571 736 3626 habeat,
788 3567 1151 3621 ‘sollicitatorem'
1203 3591 1300 3624 sese
1348 3580 1539 3626 offerens
1588 3583 1641 3627 de
1679 3583 1947 3630 Hochstrato
1986 3583 2128 3629 refert

395 3654 494 3687 eum
530 3655 670 3689 novos
707 3643 886 3703 Speculi
923 3644 1114 3690 ocularis
1152 3647 1427 3695 haereticales
1464 3651 1680 3698 articulos
1717 3653 1980 3714 collegisse,
2025 3653 2128 3700 Flo-

396 3713 640 3773 rentiaeque
675 3712 913 3772 diligenter
949 3717 1176 3762 victoriam
1217 3719 1312 3762 sine
1347 3719 1481 3765 dubio
1522 3723 1786 3781 sperandam
1822 3724 1986 3770 moliri.

256 3823 302 3874 9.
343 3819 591 3884 Philippus
618 3820 890 3870 Schlaurall'
910 3821 1106 3872 Ortvino
1132 3826 1311 3875 GratiO.
1455 3843 1513 3876 ex
1539 3829 1765 3879 Bruneck
1800 3833 1851 3880 in
1877 3832 2119 3881 Flandria.
2160 3837 2374 3881 198...203

397 3894 527 3939 Mittit
566 3909 741 3939 cariuen
781 3896 900 3955 quod
938 3897 1191 3957 compilavit
1216 3899 1440 3952 rithmice‚
1478 3916 1567 3947 non
1595 3905 1827 3950 attendens
1854 3907 2128 3966 quantitates
