2456 4264
126 529 216 582 eijb

243 305 361 362 394
641 325 1026 354 LAMENTATIONES
1049 322 1352 352 OBSCVROBVM
1374 322 1818 352 REVCHLINISTARVM
1840 321 1989 351 NOVAE.

1246 503 1388 571 (41.)

681 623 977 684 Epistola
1026 623 1109 670 ad
1142 621 1468 670 Lectorem
1500 622 1940 682 protreptica,

1032 707 1127 769 hoc
1164 725 1237 768 est
1274 721 1591 768 instructiva.

922 825 964 871 {I
1016 820 1365 886 Ortioinus
1417 820 1701 876 Gratius

990 934 1225 982 lectori
1257 933 1623 982 christiano
2399 946 2456 994 5·

1187 1031 1257 1081 .S.
1290 1032 1344 1080 P.
1374 1031 1435 1080 o.
1548 1007 1579 1013 ”
2052 1006 2053 1009 ’
2265 1002 2270 1006 ’

380 1133 505 1185 Sunt
541 1134 741 1181 obscuri
775 1133 979 1193 quidam
1015 1133 1068 1190 in
1107 1133 1257 1180 terris
1293 1131 1656 1190 Reuchliniste,
1698 1131 1856 1179 lector
1891 1129 2260 1189 candidissime,
2303 1131 2391 1190 qui
2453 1135 2456 1137 ’

240 1220 384 1267 deum
428 1218 827 1279 blasphemantes
873 1231 937 1266 ac
982 1221 1182 1266 sanctos
1226 1218 1356 1280 eius,
1419 1216 1707 1264 carissimos
1760 1215 1953 1275 aliquot
1981 1215 2396 1282 universitatum
2433 1234 2456 1269 -4

245 1303 542 1363 Theoloqos,
584 1316 756 1362 meque
786 1306 1040 1363 postremo
1077 1303 1236 1363 ipsum
1264 1315 1367 1362 pro
1402 1302 1504 1360 side
1538 1301 1695 1349 solum
1731 1300 2011 1359 catholica,
2052 1303 2234 1348 contra
2263 1298 2385 1347 Ocu-

238 1389 351 1436 lare
385 1388 635 1449 speculum
660 1387 873 1435 Ioannis
897 1387 1166 1447 Reuchlin,
1198 1387 1379 1448 pravis
1417 1386 1496 1444 (ut
1533 1385 1611 1433 illi
1643 1385 1837 1445 volunt)
1875 1383 2128 1442 heresibus
2155 1384 2380 1444 plenum,
2403 1379 2456 1453 ¹⁰1}

240 1474 310 1520 ad
343 1474 637 1533 sanquinem
674 1485 827 1531 usque
863 1472 1199 1530 decertantes,
1241 1471 1606 1519 contumeliosis
1630 1470 1875 1517 lacessere
1891 1466 2127 1517 'convitiis
2150 1466 2251 1516 non
2277 1482 2387 1516 eru-

238 1547 464 1608 buerunt.
539 1557 699 1604 Fictis
734 1557 862 1603 enim
888 1556 995 1603 ‘sibi
1028 1560 1129 1603 tum
1165 1555 1444 1604 nominibus
1480 1559 1584 1602 tum
1629 1553 2006 1614 coqnominibus
2054 1548 2228 1613 (quam
2265 1553 2389 1600 scri·
2452 1598 2456 1606 ,

236 1642 388 1690 bendi
419 1642 682 1689 licentiam
709 1640 772 1687 ab
810 1640 928 1688 orbe
964 1641 1167 1688 condito
1203 1653 1346 1688 nemo
1382 1639 1634 1687 hominum
1671 1642 1744 1686 est
1788 1639 2007 1698 secutus)
2057 1650 2246 1685 omnem
2283 1646 2387 1685 ma·
2428 1620 2456 1670 ’ἕ

237 1726 487 1774 ledicendi
520 1725 709 1773 rabiem
746 1725 987 1786 effudere.
1066 1724 1251 1782 Quibus
1286 1723 1630 1772 sanctissimus
1667 1723 1896 1771 dominus
1919 1726 2088 1770 noster
2113 1721 2213 1770 Leo
2240 1735 2389 1783 papa
2446 1718 2456 1792 ξ

238 1811 456 1858 decimus
483 1822 586 1870 pro
622 1822 715 1857 sua
752 1811 806 1857 in
843 1809 1091 1857 Christum
1118 1810 1316 1870 pietate
1350 1807 1678 1867 maledicens,
1718 1806 2019 1866 scandalose
2055 1807 2168 1855 illos
2200 1820 2388 1867 qarru-
2405 1810 2456 1864 1⁵2}

234 1885 393 1942 litatis
431 1899 663 1942 auctores
699 1898 748 1941 et
780 1895 913 1952 filios
949 1894 1232 1954 iniquitatis
1268 1905 1370 1941 non
1417 1891 1706 1940 indecenter
1751 1891 2050 1954 appellavit,
2100 1895 2271 1952 utpote
2306 1889 2395 1952 qui

237 1981 289 2027 in
326 1980 547 2027 maximo
583 1991 784 2026 suorum
814 1976 1113 2037 facinorum
1158 1979 1369 2026 crimine
1411 1978 1718 2038 qloriantes,
1768 1977 2055 2037 nullumque
2099 1976 2192 2024 deo
2238 1975 2388 2024 hono·
2452 1995 2456 2021 1

237 2077 343 2112 rem
379 2064 639 2123 habentes,
681 2076 923 2111 summam
950 2064 1002 2111 in
1029 2063 1385 2122 Christifideles
1421 2047 1793 2123 impressionem
1823 2059 2016 2120 fecere.
2092 2060 2390 2110 Intueamur

227 2149 407 2209 ‘itaque
443 2150 660 2197 valentes
697 2149 809 2196 illos
845 2148 1068 2197 homines
1107 2147 1185 2206 (in
1223 2160 1432 2208 quorum
1468 2148 1762 2195 sententiam
1799 2159 1943 2195 nemo
1987 2147 2150 2195 iturus
2197 2150 2293 2205 est,
2344 2152 2390 2194 et
2447 2158 2456 2183 ὲ·

225 2234 412 2294 quibus
448 2234 613 2282 nullos
639 2234 788 2293 peius
826 2234 932 2281 odit
976 2233 1213 2294 mundus)
1262 2246 1411 2294 quam
1449 2232 1652 2280 tandem
1686 2231 1957 2292 qloriolam
1992 2244 2078 2279 seu
2104 2231 2278 2291 potius
2315 2231 2387 2278 in·
2399 2222 2456 2292 ποῖ

229 2316 450 2377 famiam
496 2331 585 2365 suo
635 2317 887 2378 Capnioni
919 2319 1234 2379 pepererint.
1315 2317 1492 2366 Nescio
1539 2321 1705 2365 tamen
1751 2316 1928 2377 quibus
1971 2317 2174 2376 loquor,
2233 2316 2390 2364 lector
2441 2334 2456 2364 ι

236 2402 554 2461 charissime,
610 2400 820 2450 Obscuri
851 2407 989 2462 sunt,
1040 2416 1184 2451 nemo
1221 2415 1305 2451 eos
1340 2402 1498 2462 videt,
1549 2414 1692 2450 nemo
1737 2400 1894 2448 bonus
1930 2401 2083 2448 novit.
2161 2399 2387 2462 Quapro-
2443 2387 2456 2469 3

232 2491 351 2547 pter
376 2499 519 2534 nemo
545 2500 628 2535 eos
664 2487 903 2548 offendit,
945 2487 1465 2553 nemoscandalizat.
1539 2485 1599 2535 Si
1631 2486 1986 2535 conscientiam
2023 2498 2165 2533 suam
2202 2486 2394 2534 intueri
2427 2485 2456 2538 ’,-

239 2571 514 2632 aliquando
560 2572 808 2620 voluerint
844 2577 890 2619 et
926 2585 1099 2620 coram
1135 2573 1228 2621 deo
1264 2584 1471 2627 suarum
1508 2571 1836 2633 epistolarum
1872 2559 2118 2618 rationem
2154 2571 2384 2630 reddere,

235 2657 481 2704 commissi
522 2668 604 2704 eos
650 2657 854 2705 sceleris
899 2657 1232 2718 proculdubio
1274 2656 1533 2718 penitebit.
1607 2655 1724 2704 Non
1769 2667 1873 2704 una
1926 2656 2163 2717 epistola,
2217 2639 2456 2723 verumu}

234 2741 509 2800 sexcentis,
530 2744 605 2809 ¹ut
640 2741 715 2789 sic
752 2741 943 2801 dicam,
984 2742 1164 2790 iterum
1201 2747 1353 2802 atque
1372 2742 1567 2790 iterum
1605 2738 1884 2802 ampliatis,
1926 2741 2137 2803 optimos
2172 2752 2390 2800 quosque
2436 2726 2451 2779 ’ἕ

237 2826 573 2887 offenderunt.
649 2824 834 2874 Notum
872 2830 947 2874 est
983 2830 1031 2875 et
1057 2826 1342 2888 publicum,
1392 2825 1480 2874 ubi
1520 2826 1719 2874 illorum
1756 2825 1962 2886 epistole
1997 2826 2234 2886 impresse
2269 2826 2383 2884 sint,
2439 2830 2447 2885 j

235 2910 345 2957 noti
378 2910 526 2956 etiam
565 2914 812 2958 auctores.
853 2924 943 2959 nos
979 2915 1145 2959 tamen
1182 2911 1363 2960 bonum
1392 2923 1495 2972 pro
1531 2911 1666 2958 malo
1703 2910 1904 2969 damus,
1954 2923 2113 2970 neque
2148 2909 2244 2958 hoc
2278 2910 2388 2958 loco

237 3006 520 3054 quenquam
559 2994 882 3044 obscurorum
919 2997 1184 3044 nominare
1218 2996 1488 3055 voluimus,
1541 3009 1604 3043 ne
1646 2994 1797 3043 stulto
1842 2994 2157 3055 respondisse
2192 2995 2387 3043 iudica·

237 3091 407 3126 remur
444 3079 592 3126 iuxta
627 3080 892 3128 stultitiam
928 3093 1095 3140 suam,
1137 3093 1200 3128 ne
1237 3082 1388 3128 etiam
1425 3084 1608 3128 contra
1646 3079 1833 3127 Christi
1866 3079 2175 3138 doctrinam,
2216 3079 2295 3126 vel
2318 3079 2384 3127 vi·
2399 3071 2456 3141 3ᾳῖ

237 3161 458 3209 ventibus
483 3162 582 3209 illis
606 3163 685 3210 vel
707 3165 943 3224 mortuis,
984 3165 1223 3213 scandali
1256 3164 1451 3225 aliquid
1485 3165 1861 3225 imponeremus.
1939 3162 2165 3212 Ceterum
2200 3165 2247 3226 si
2268 3176 2385 3225 apo-

236 3246 438 3293 stolicas
473 3258 714 3294 censuras
749 3252 1085 3308 contemnere,
1127 3250 1174 3296 si
1207 3249 1411 3306 ecclesie
1448 3248 1784 3297 inobedientes
1821 3252 1868 3296 et
1902 3261 2047 3305 sacre
2080 3247 2204 3305 fidei
2238 3247 2386 3308 (opti-
2426 3236 2441 3293 ’ὲ

236 3330 328 3376 mis
375 3329 648 3389 quibusque
693 3331 973 3392 illudendo)
1022 3333 1229 3381 rebelles
1273 3346 1377 3381 esse
1413 3334 1879 3393 perseveraverint,
1937 3332 2145 3393 repellet
2196 3345 2279 3380 eos
2324 3331 2386 3379 ab
2430 3325 2446 3390 Ε

238 3413 357 3460 ovili
389 3425 477 3460 suo
505 3412 725 3461 Christus
762 3417 989 3465 salvator
1024 3422 1207 3466 noster.
1288 3418 1351 3466 Ut
1387 3421 1551 3465 autem
1588 3431 1664 3465 me
1689 3418 1894 3478 plenius
1918 3417 2188 3476 intelliqas,
2228 3417 2388 3464 lector
2406 3398 2453 3478 ξ

237 3497 536 3554 christiane,
588 3500 732 3556 teque
767 3512 866 3546 non
892 3506 1176 3561 pretereat,
1228 3514 1389 3562 quare
1416 3502 1746 3562 precedentes
1792 3502 1843 3549 in
1879 3501 1976 3549 hoc
2010 3505 2183 3549 nostro
2217 3484 2452 3593 libellosssl

237 3581 441 3641 epistole
478 3580 821 3628 inscribantur
862 3582 1279 3633 ‘Lamentationes
1307 3583 1669 3646 Obscurorum’,
1711 3599 1860 3646 quum
1897 3589 2063 3633 tamen
2101 3597 2135 3632 a
2171 3597 2247 3632 me
2281 3586 2386 3633 solo

236 3664 504 3725 composite
540 3667 588 3710 et
623 3665 674 3711 in
711 3665 871 3712 lucem
907 3668 1036 3725 edite
1071 3670 1192 3728 sint,
1235 3669 1414 3717 Dicam
1448 3668 1685 3730 profecto
1721 3674 1770 3718 et
1797 3668 2007 3728 fatebor
2030 3670 2259 3729 inqenue,
2301 3682 2384 3716 ea·

352 3856 365 3884 ¹
399 3857 469 3900 Cf.
492 3869 631 3911 supra
660 3871 800 3913 pagg.
822 3858 917 3901 362.
941 3872 1007 3912 sq.
1031 3859 1202 3902 adnott.
1262 3859 1300 3886 ²⁷
1328 3861 1549 3902 Neutrum
1579 3875 1700 3903 nunc
1734 3866 1930 3914 constat,
1961 3873 2111 3914 neque
2142 3861 2383 3903 Ortvinum

239 3928 350 3970 certi
380 3927 622 3983 quicquam
652 3934 918 3985 conpertum
946 3929 1161 3971 habuisse
1193 3942 1373 3972 censeo.
1682 3922 1691 3925 ’
2426 3921 2430 3926 ’
