2456 4264
252 294 373 352 398
826 316 1021 344 orm-vnn
1043 315 1207 343 GRA'rn
1230 313 1457 341 mmsronA
1477 313 1816 342 APOLOGE'HGA.

238 456 352 510 pet,
404 454 450 494 et
477 446 712 507 plantet?
748 444 909 491 Faxit
954 445 1123 504 itaque
1160 444 1305 502 deus,
1358 456 1456 503 quo
1492 442 1812 502 qravioribus
1847 455 1931 490 vos
1966 442 2192 490 censuris
2225 454 2392 489 sacro·

245 538 424 580 sancta
460 531 599 577 sedes
637 529 916 588 apostolica
954 529 1261 575 condemnet.
1338 526 1557 574 Subdole
1594 531 1833 586 preterea
1879 531 1928 573 et
1974 527 2229 586 inqeniose
2271 527 2396 574 satis

246 617 325 674 (ut
347 619 561 663 vestram
586 612 945 672 impudentiam
981 613 1133 659 latius
1160 612 1554 672 prosequamur)
1580 610 1901 670 Imperialem
1925 611 2231 658 maiestatem
2256 610 2396 658 nobis
2452 631 2456 634 ·

242 712 439 759 semper
475 697 816 745 venerandam
854 696 1114 754 deridetis,
1157 708 1309 756 quum
1346 696 1483 742 nullo
1519 696 1584 742 sit
1620 694 1755 742 vobis
1779 707 1903 755 opus
1930 695 2204 755 privileqio
2239 695 2392 744 Vene-
2450 684 2456 733 ἶ

242 789 421 831 torum.
500 781 649 829 Cuius
685 782 834 828 etiam
870 782 1116 828 mandata
1153 793 1185 827 a
1223 779 1364 827 nobis
1401 781 1454 827 in
1491 779 1624 827 hunc
1663 791 1816 839 usque
1852 779 1982 826 diem
2005 791 2201 839 semper
2225 779 2386 839 illesa,
2406 773 2456 832 sl

231 868 424 928 previis
459 867 634 914 vestris
669 866 967 924 mendaciis,
1019 865 1272 922 heresibus
1319 876 1513 924 quoque
1560 868 1608 911 et
1657 863 2000 924 blasphemiis,
2050 875 2210 923 neque
2245 863 2391 911 deum
2451 854 2456 861 ’

239 954 458 1000 timentes
494 963 654 1011 neque
689 950 937 1009 homines,
980 950 1125 996 nimis
1159 950 1370 997 licenter
1407 947 1708 1007 infreqistis.
1755 946 1826 995 ΙΙ
1868 946 2146 1012 Theoloyos
2183 948 2393 1008 insuper
2451 982 2456 1002 2

238 1050 337 1084 non
374 1036 520 1084 modo
558 1035 873 1083 diversarum
911 1035 1317 1093 universitatum,
1358 1046 1529 1081 verum
1566 1033 1716 1081 totius
1751 1032 1956 1090 ecclesie
1991 1032 2199 1091 lumina,
2242 1033 2390 1080 alios·
2440 1014 2456 1078 ι’

237 1134 330 1181 que
367 1114 469 1168 tam
505 1121 686 1168 virtute
721 1132 870 1179 quam
914 1120 1124 1167 scientia
1164 1119 1434 1179 preclaros
1480 1122 1527 1164 et
1570 1117 1738 1178 specie
1783 1116 2163 1176 quodammodo
2186 1129 2219 1163 a
2255 1116 2392 1164 vobis
2429 1091 2456 1181 ᾗ.

237 1207 554 1267 differentes,
606 1206 782 1252 vestris
828 1204 1054 1252 dentibus
1088 1204 1429 1251 cruentissime
1464 1202 1764 1260 lancinatis,
1816 1205 1864 1248 et
1909 1201 2141 1248 convitiis
2176 1201 2387 1260 insequi·
2403 1194 2456 1259 a}

235 1291 360 1338 mini
383 1290 714 1348 nebulonicis,
757 1302 968 1349 quorum
991 1286 1226 1349 profecto
1250 1288 1574 1335 calciamenti
1596 1286 1909 1345 corriqiam,
1941 1275 2029 1332 ‘vel
2063 1286 2277 1333 omnium
2312 1286 2387 1333 iu-
2410 1308 2414 1311 ⁴
2439 1272 2456 1346 ’ἐ

239 1375 396 1433 dicio,
448 1374 649 1433 indiqni
691 1375 806 1421 estis
841 1375 1046 1422 solvere.
1127 1371 1165 1420 O
1201 1386 1321 1431 ceca
1358 1377 1509 1433 atque
1544 1371 1806 1432 impudens
1843 1369 2122 1417 istiusmodi
2155 1369 2388 1417 Reuchli-

237 1460 480 1507 nistarum
516 1457 729 1506 cohors!
769 1487 772 1489 >

574 1542 720 1590 Aude
755 1543 961 1602 aliquid.
984 1542 1212 1591 brevibus
1250 1543 1434 1604 Gyaris
1469 1546 1519 1589 et
1553 1552 1764 1589 carcere
1800 1539 2032 1599 diqnum,
2447 1605 2456 1615 .

576 1626 635 1674 Si
669 1628 743 1675 vis
779 1640 883 1674 esse
920 1628 1130 1687 aliquid.
2338 1611 2341 1614 ’
2401 1612 2456 1683 ιέῑ

236 1713 470 1760 Audaces
500 1710 721 1770 fortuna
758 1713 925 1771 iuvat,
976 1713 1071 1759 etsi
1113 1712 1270 1758 multa
1308 1711 1497 1758 audere
1534 1710 1614 1767 (ut
1651 1707 1941 1771 Menandro
1967 1707 2194 1768 placuit)
2233 1709 2390 1757 multa
2432 1692 2456 1783 Ξ

203 1795 205 1797 ’
238 1797 485 1844 aberrare
514 1795 665 1855 facit.
742 1794 784 1842 {l
824 1794 954 1851 Quid
986 1797 1185 1843 multis?
1222 1795 1308 1843 Eae
1346 1796 1481 1843 omni
1514 1805 1729 1854 namque
1752 1805 1934 1853 qenere
1957 1791 2226 1852 hominum,
2268 1807 2390 1854 quos
2433 1781 2456 1844 ἶ

149 1880 214 1932 aij
238 1882 395 1929 variis
432 1882 583 1940 vitiis,
635 1882 897 1939 inqeniosa
943 1885 992 1928 et
1038 1880 1108 1927 ad
1152 1880 1335 1927 malum
1366 1874 1376 1945 l
1403 1892 1575 1940 prona
1611 1878 1778 1926 irretit
1824 1869 2144 1938 improbitas,
2197 1879 2387 1927 nullum

232 1979 389 2026 neque
423 1966 718 2013 sceleratius
755 1978 914 2025 neque
952 1965 1183 2013 odibilius
1218 1977 1321 2012 esse
1356 1977 1499 2024 reor,
1541 1977 1633 2012 nec
1654 1963 1895 2024 qrasviore
1917 1974 2134 2010 censura
2158 1964 2386 2013 animad-
2438 2018 2443 2027 ,

231 2052 553 2110 versioneque
589 2050 938 2110 plectendum,
993 2063 1144 2110 quam
1190 2036 1288 2098 eos
1307 2050 1465 2110 ipsos,
1515 2036 1605 2110 qui
1636 2061 1747 2097 cum
1774 2038 2015 2110 perverse
2055 2048 2234 2095 mentis
2275 2050 2380 2097 ani·
2398 2042 2446 2104 2⁶3

230 2136 394 2195 mique
428 2135 757 2194 maliqnantis
792 2136 915 2195 sint,
953 2135 1192 2195 finqendo
1230 2139 1395 2182 tamen
1432 2134 1489 2182 id
1522 2134 1708 2182 callide
1741 2132 1830 2183 sub
1862 2133 2094 2191 fictorum
2132 2134 2383 2182 nominum
2446 2130 2448 2134 ’

231 2233 294 2267 ac
330 2221 679 2280 coqnominum
715 2220 994 2267 velamento
1031 2224 1078 2267 et
1113 2220 1386 2268 moliuntur
1420 2224 1470 2267 et
1505 2223 1688 2279 ayunt,
1730 2223 1786 2266 ut
1819 2217 2024 2280 synceri
2050 2228 2150 2276 pro
2190 2216 2384 2268 Christo

229 2310 276 2352 et
312 2305 626 2364 inteqerrimi
647 2304 884 2363 homines,
927 2306 1155 2366 omnique
1190 2310 1419 2353 carentes
1453 2305 1590 2363 vitio,
1631 2302 1849 2365 improbi
1880 2301 2182 2350 habeantur.
2258 2304 2382 2352 Item
2431 2316 2449 2372 J

233 2390 370 2449 quod
402 2390 798 2448 indiqnissimum
835 2394 930 2449 est,
982 2390 1195 2437 aliorum
1234 2393 1483 2451 peccata,
1533 2402 1628 2449 que
1670 2386 1805 2435 >nihil
1840 2386 1921 2444 (ut
1955 2389 2103 2449 infra
2141 2387 2381 2450 dicemus)
2439 2444 2442 2446 ,

116 2471 216 2523 eiiij
231 2475 304 2520 ad
346 2486 451 2520 rem
494 2471 698 2527 faciunt
721 2468 741 2539 Η
771 2473 1068 2539 Capnionis,
1120 2487 1213 2522 nec
1246 2487 1368 2523 vera
1406 2475 1797 2534 diqnoscuntur,
1848 2475 2164 2523 acerbissime
2198 2474 2437 2532 redar-›zg

224 2564 408 2617 quant,
451 2557 625 2617 quibus
661 2557 762 2618 ipsi
783 2560 1033 2619 precipue
1070 2546 1277 2607 obnoxii
1296 2563 1426 2617 sunt,
1457 2559 1771 2618 aliorumque
1794 2559 2001 2607 virtutes
2025 2573 2088 2608 ac
2112 2557 2380 2617 benefacta
2430 2596 2437 2604 .

227 2643 352 2689 mali
385 2642 669 2701 consulunt,
719 2656 924 2691 suorum
966 2644 1166 2704 penitus
1210 2644 1452 2691 scelerum
1502 2642 1684 2691 obliti.-
1730 2643 1988 2692 Persuade
2023 2645 2138 2705 tibi,
2182 2657 2210 2692 o
2246 2644 2378 2692 chri·
2428 2687 2430 2691 ,

225 2728 389 2774 stiane
424 2727 584 2774 lector
621 2726 763 2785 (nam
791 2729 1109 2788 persuadere
1144 2733 1250 2776 tuto
1278 2730 1466 2789 potes),
1506 2727 1598 2776 hos
1634 2722 1869 2776 obscuros
1892 2728 2267 2778 Reuchlinistas
2290 2741 2376 2776 no·
2447 2774 2451 2777 ,

225 2811 557 2858 centissimum
594 2824 697 2858 esse
733 2825 889 2871 qenus
925 2812 1176 2861 hominum
1212 2815 1501 2874 cunctisque
1530 2813 1745 2873 slaqitiis
1780 2813 2147 2875 sceleribusque
2169 2827 2395 2876 cooperv

224 2900 351 2954 tum,
392 2895 729 2943 calamitatem
754 2898 1152 2958 eversionemque
1175 2897 1450 2958 reipublice
1474 2897 1747 2955 christiane
1772 2905 2046 2959 querentes,
2076 2913 2168 2948 nec
2190 2899 2456 2951 summo&

219 2981 475 3039 pontifici,
506 2981 658 3041 patri
691 2994 807 3029 vere
842 2980 1155 3042 beatissimo,
1197 2995 1291 3029 nec
1327 2983 1515 3030 exteris
1550 2982 1703 3030 etiam
1739 2983 2031 3032 nationibus
2066 2985 2118 3032 in
2146 2984 2376 3045 pessimis

224 3064 495 3124 quibusque
531 3070 822 3125 parcentes.
899 3066 1129 3126 Elinquis
1159 3096 1161 3099 <
1165 3065 1408 3127 profecto
1453 3070 1502 3114 et
1545 3071 1708 3115 mutus
1745 3066 1919 3116 Cicero
1966 3081 2071 3116 esse
2107 3073 2280 3130 posset
2323 3069 2373 3116 in

224 3152 326 3195 tam
362 3149 473 3195 lata
511 3153 712 3210 tamque
747 3151 919 3211 ampla
957 3164 1021 3198 ac
1048 3152 1210 3213 plane
1245 3151 1526 3199 execrabili
1560 3151 1885 3205 obscurorum
1909 3154 2139 3207 materia.
2224 3153 2372 3201 Vitio-
2407 3203 2415 3210 ,

222 3245 333 3280 rum
371 3233 568 3292 quidem
606 3235 750 3294 apud
782 3247 865 3283 eos
899 3234 1098 3294 referta
1134 3240 1248 3284 sunt
1284 3237 1477 3295 omnia,
1520 3249 1614 3295 que
1649 3236 1871 3296 undique
1899 3235 2049 3297 facto
2085 3238 2285 3297 aqmine
2319 3237 2371 3286 in
2413 3254 2426 3274 ·-

222 3328 312 3363 nos
335 3317 549 3364 insontes
584 3319 810 3378 irruunt,
856 3314 1083 3386 [nosque]
1123 3321 1473 3380 circumstant,
1507 3325 1768 3381 premunt,
1809 3326 2006 3382 urqent.
2081 3321 2257 3380 Anime
2281 3334 2369 3370 au·
2386 3323 2438 3365 8.

223 3403 318 3446 tem
342 3414 429 3458 sue
467 3401 837 3451 discriminibus
870 3406 1147 3452 miserrime
1182 3405 1469 3465 iactantur,
1511 3410 1569 3466 ut
1602 3403 1821 3464 difficile
1854 3407 1920 3454 sit
1955 3407 2008 3454 in
2039 3411 2243 3467 portum
2266 3411 2378 3453 sese
2417 3434 2423 3442 -

221 3483 285 3531 ab
321 3484 399 3531 his
433 3485 702 3533 salutarem
740 3489 1010 3548 appellere.
1088 3488 1271 3546 Quibus
1307 3474 1534 3550 querar?
1570 3503 1694 3550 quos
1728 3490 2022 3551 implorem?
2067 3489 2237 3540 Nimia
2272 3502 2388 3537 me-.
2408 3528 2413 3530 >
2433 3523 2456 3558 ss

221 3568 389 3616 hercle
433 3573 504 3616 est
550 3568 890 3630 improborum
936 3575 1257 3632 quorundam
1307 3574 1432 3633 (non
1470 3575 1584 3623 dico
1621 3575 1861 3636 omnium)
1909 3574 2367 3629 Reuchlinistarum
2454 3592 2456 3616 ³

335 3775 347 3802 ¹
382 3788 470 3830 quo
503 3779 542 3818 1.
572 3780 624 3818 ut
653 3779 696 3818 2.
757 3776 792 3803 ¹²
821 3774 1136 3833 iusti-lusmodi
1166 3784 1205 3822 1.
1267 3780 1302 3808 ¹4
1331 3782 1501 3823 Iterum
1533 3795 1672 3836 supra
1702 3782 1790 3837 (ep.
1815 3782 1902 3836 16.)
1935 3784 2204 3836 transcripti
2234 3785 2362 3827 Iuva-
2396 3787 2398 3791 ’
2423 3787 2428 3830 s

219 3847 340 3888 nalis
370 3860 544 3888 versus.
635 3845 670 3872 ¹⁶
702 3847 879 3900 aliquis.
901 3849 992 3889 Iuv.
1017 3853 1103 3890 sat.
1127 3851 1163 3890 I.
1187 3851 1255 3891 74.
1362 3850 1397 3877 ¹⁸
1426 3852 1574 3892 nullos
1605 3863 1711 3905 neq3
1743 3854 2060 3894 sceleratiores
2090 3866 2237 3907 neque
2269 3854 2361 3895 odi-

219 3918 338 3959 biles
369 3919 518 3971 magis
549 3921 591 3959 2.
679 3916 716 3943 ²⁰
744 3918 1011 3971 plectendos
1032 3922 1073 3960 2.
1162 3917 1199 3944 ²²
1229 3921 1474 3961 moliantur
1505 3925 1551 3961 et
1582 3927 1739 3975 agant.
1763 3926 1806 3964 2.
1893 3922 1929 3949 ²³
1959 3924 2155 3977 improbi
2183 3926 2300 3969 omis.
2319 3927 2362 3968 2.
