2456 4264
0 138 19 155 ζ
0 0 48 117 5⁴33

744 284 848 313 vox..
871 286 904 315 1.
963 280 996 312 S.
1019 284 1267 313 FRANGISCI
1290 284 1559 312 GENsEmm.
2154 264 2231 321 13

34 415 302 481 -ct'gavisi
338 418 453 464 sunt
488 414 745 463 maxime:
780 428 870 477 ego
917 419 1132 478 protunc
1171 415 1316 462 etiam
1357 414 1474 471 emi,
1525 418 1572 462 et
1611 415 1718 462 misi
1755 414 1816 463 ad
1855 414 2232 481 Heidelbergam

15 533 20 564 3
67 506 120 552 ut
151 499 222 551 ihi
257 493 496 548 viderent.
570 498 631 547 Et
669 499 819 547 credo
858 499 986 563 qnod
1014 498 1099 547 ubi
1125 499 1369 555 viderunt,
1410 504 1529 548 tunc
1554 499 1762 564 penituit
1788 499 2232 566 Heidelbergenses

15 585 22 634 ζ
64 583 196 651 quod
230 599 333 634 non
370 585 515 633 etiam
556 583 907 633 concluserunt
944 599 1057 633 cum
1096 582 1220 632 alma
1261 585 1578 634 universitate
1618 584 1896 635 Coloniensi
1935 592 2107 636 contra
2147 589 2234 638 ‹lo-

0 645 34 742 ἶξῑ
62 677 247 720 ctorem
288 669 551 719 Reuchlin.
629 676 675 718 et
727 674 991 734 propterea
1050 669 1195 718 audio
1248 669 1381 733 quod
1429 671 1720 719 universitas
1769 670 2073 722 Coloniensis
2122 673 2235 723 fecit

0 742 215 843 gpunum
261 759 495 804 statutum
546 755 676 819 quod
728 769 983 818 nunquam
1030 755 1078 803 in
1123 761 1349 818 eternum
1397 755 1566 805 volunt
1612 769 1907 819 promovere
1956 773 2109 807 unum
2151 760 2234 823 qui

0 826 7 903 ξ
58 839 317 906 complevit
362 854 455 905 pro
502 839 660 902 gradu
707 839 1114 889 haccalaureatus
1160 840 1243 890 vel·
1274 842 1544 904 magisterii
1581 842 1629 889 in
1668 841 2020 906 Heidelberga:
2074 849 2122 892 et
2160 849 2232 893 est

37 908 185 993 ¹{oenc
220 924 435 982 tactum,
488 926 602 990 quia
651 926 720 974 sic
759 924 943 975 dehent
979 925 1170 976 discere
1211 927 1328 990 quid
1368 931 1440 976 est
1477 927 1767 982 universitas
1806 925 2136 984 ColoniensiS,
2185 935 2233 978 et

0 1003 166 1097 ἱΒία
193 1011 298 1061 vice
346 1009 531 1060 debent
566 1015 739 1060 tenere
777 1013 892 1060 cuni
932 1027 1004 1061 ea.
1074 1025 1165 1074 ego
1203 1010 1379 1060 vellem
1420 1011 1554 1075 quod
1592 1012 1662 1060 sic
1701 1011 1924 1061 facerent
1961 1011 2091 1070 aliis,
2143 1014 2230 1063 sed

0 1094 9 1182 [ξ
43 1095 206 1170 *credo
253 1095 386 1161 quod
433 1095 526 1160 alie
564 1096 906 1146 universitates
953 1111 1053 1145 non
1092 1097 1356 1153 sciverunt,
1398 1100 1446 1145 et
1482 1096 1634 1159 igitur
1672 1098 1876 1161 parcitis
1917 1098 1985 1147 eis
2023 1105 2230 1163 propter

111 1239 123 1244 ς
169 1182 396 1231 tantiam.
469 1181 627 1230 Etiam
667 1181 865 1244 quidam
904 1183 1067 1231 socius
1106 1181 1396 1231 dedit-mihi
1431 1180 1641 1246 pulchra
1670 1183 1889 1232 carmina
1917 1198 2010 1247 que
2039 1183 2228 1233 debetis

37 1256 302 1337 ‘intimasse
354 1267 406 1316 in
453 1267 770 1320 universitate
819 1265 1127 1329 Coloniensi,
1179 1281 1273 1332 que
1323 1267 1513 1316 ostendi
1560 1267 1831 1330 MagistriS,
1884 1273 1932 1316 et
1979 1268 2224 1332 Magistris

0 1353 259 1425 ’3081ήῇ
305 1358 358 1403 et
402 1351 605 1403 fuerunt
641 1350 846 1402 multum
888 1353 1246 1402 commendata.
1323 1352 1386 1401 Et
1421 1353 1533 1400 misi
1570 1351 1650 1402 illa
1689 1353 1750 1402 ad
1789 1352 1966 1402 multas
2005 1354 2223 1420 civitates

97 1491 101 1493 ,
179 1442 342 1489 vestra
378 1437 551 1502 gloria,
591 1439 704 1502 quia
742 1438 883 1488 faveo
922 1437 1075 1489 vobis.
1152 1438 1213 1487 Et
1250 1443 1366 1488 sunt
1402 1439 1507 1497 ista,
1548 1443 1602 1487 ut
1639 1439 1802 1488 sciatis
1841 1438 1958 1502 quid
1996 1445 2141 1504 puto:

100 1515 102 1517 ’
176 1518 179 1519 ’
390 1524 486 1584 Qui
522 1522 635 1574 vult·
660 1523 828 1587 legere
865 1524 1109 1588 hereticas
1147 1525 1411 1588 pravitates

390 1609 453 1659 Et
489 1625 603 1659 cum
641 1609 737 1659 hoc
775 1610 966 1660 discere
1006 1609 1162 1659 bonas
1198 1609 1480 1667 latinitateS,

389 1693 476 1744 llle
510 1694 663 1744 debet
700 1710 867 1745 emere
906 1695 1322 1745 Parrhisiensium
1361 1700 1468 1745 acta

390 1779 453 1831 Et
488 1781 669 1846 scripta
710 1780 770 1830 de
807 1780 1057 1831 Parrhisia
1095 1796 1256 1845 nuper
1295 1782 1438 1839 facta,

391 1863 652 1928 Quomodo
689 1864 935 1915 Reuchlin
975 1867 1023 1915 in
1062 1867 1159 1916 fide
1198 1868 1394 1925 erravit,
1485 1864 1490 1867 ⁴

391 1951 530 2001 Sicut
555 1953 789 2014 magister
815 1956 985 2001 noster
1013 1952 1276 2016 Tungarus
1303 1948 1638 2002 doctrinaliter
1666 1952 1906 2017 probavit.

307 2103 310 2106 Α
390 2035 477 2086 Illa
515 2036 618 2087 vult
654 2037 888 2101 magister
926 2036 1160 2087 Ortvinus
1197 2037 1364 2102 legere

392 2123 571 2180 GratiS‚
611 2124 660 2172 in
700 2123 793 2172 hac
831 2122 954 2172 alma
994 2124 1345 2181 universitates

391 2208 454 2258 Et
489 2223 603 2258 cum
642 2208 739 2258 hoc
777 2213 962 2258 textum
999 2208 1184 2272 ubique
1222 2207 1416 2273 glosare

390 2293 597 2344 Necnon
636 2293 847 2359 quedam
886 2293 1118 2343 notabilia
1156 2295 1205 2343 in
1245 2296 1466 2358 margine
1506 2299 1693 2352 notare,

388 2378 453 2428 Et
487 2378 590 2428 vult
625 2393 836 2443 arguere
873 2393 964 2442 pro
1004 2383 1052 2428 et
1090 2385 1277 2437 contra,

392 2464 531 2515 Sicut
563 2464 788 2515 fecerunt
825 2464 1065 2529 Theologi
1102 2466 1151 2514 in
1189 2465 1453 2522 Parrhisia,

28 2548 44 2641 k
392 2550 600 2610 Quando
637 2549 893 2614 speculum
934 2549 1133 2600 oculare
1172 2552 1578 2601 examinaverunt

29 2646 58 2686 ζ,
391 2635 453 2685 Et
490 2634 732 2686 Reuchlin
770 2635 1118 2701 magistraliter
1157 2637 1532 2698 damnaverunt,
2212 2681 2225 2710 ,

29 2703 52 2796 ξ
392 2722 458 2773 Ut
493 2722 656 2771 sciunt
692 2721 871 2772 fratres
910 2721 1169 2785 Carmelite

33 2845 61 2878 ἡ,
394 2806 456 2856 Et
491 2805 574 2857 alii
610 2807 694 2873 qui
731 2811 968 2857 vocantur
1005 2807 1235 2871 lacobite.

5 2874 177 2978 sfflgo
198 2893 356 2945 miror
393 2893 644 2957 quomodo
682 2893 890 2958 potestis
927 2894 994 2942 ita
1046 2892 1296 2957 speculari
1344 2891 1488 2944 talia:
1539 2908 1625 2942 vos
1666 2894 1780 2943 estis
1823 2892 1962 2942 valde
1999 2893 2227 2942 artificia-

0 2975 123 3042 03138
160 2979 212 3033 in
256 2977 696 3043 compositionibus
733 2978 930 3034 vestris,
983 2983 1032 3028 et
1082 2978 1274 3029 hahetis
1312 2994 1545 3043 magnam
1590 2977 1928 3037 dulcedinem,
1979 2979 2043 3027 ita
2095 2979 2227 3044 quod

66 3071 71 3074 '
164 3077 255 3130 per
302 3078 394 3130 ego
439 3063 578 3114 rideo
616 3078 703 3130 pre
741 3063 916 3129 letitia,
966 3064 1163 3128 quando
1201 3063 1312 3129 lego
1351 3063 1533 3128 aliquid
1573 3064 1705 3129 qnod
1743 3079 1828 3113 vos
1868 3064 2227 3128 composuistis5

63 3149 66 3156 ’
144 3154 261 3216 opto
297 3164 495 3215 semper
533 3150 664 3215 quod
702 3148 860 3199 velitis
898 3149 981 3198 diu
1023 3150 1182 3200 vivere
1221 3150 1352 3214 quod
1389 3150 1496 3199 laus
1536 3155 1694 3199 vestra
1735 3154 1927 3198 crescat
1964 3148 2090 3197 sicut
2116 3148 2230 3197 fecit

186 3250 215 3287 e
263 3234 388 3293 huc,
435 3236 548 3301 quia
593 3241 753 3286 vestra
802 3235 983 3300 scripta
1031 3240 1145 3285 sunt
1189 3234 1329 3285 valde
1368 3234 1518 3286 utilia.
1596 3235 1724 3285 Deus
1762 3248 1847 3284 vos
1886 3239 2146 3283 conservet
2183 3239 2231 3282 et

93 3318 108 3332 ⁶
138 3321 151 3332 ⁶
185 3326 264 3372 oct
298 3335 399 3378 νος,
439 3325 487 3370 et
512 3335 610 3370 non
637 3320 799 3370 tradat
825 3336 908 3369 vos
934 3322 980 3370 in
1008 3335 1184 3370 manus
1211 3321 1527 3370 inimicorum
1556 3327 1857 3377 vestrorum3
1888 3325 1936 3370 et
1962 3321 2089 3368 sicut
2115 3319 2230 3368 dicit

227 3406 239 3416 ‘
267 3411 342 3456 ta:
370 3404 594 3455 ‘Tribuat
622 3406 760 3456 vohis
787 3406 1015 3456 dominus
1042 3406 1314 3456 secundum
1343 3422 1430 3455 cor
1458 3412 1691 3462 vestrum,
1722 3411 1770 3455 et
1796 3420 1942 3454 omne
1970 3404 2227 3454 consilinm

193 3505 278 3543 um
323 3490 613 3540 confirmet’.
690 3491 750 3540 Et
798 3507 882 3540 vos
931 3492 1075 3541 etiam
1126 3491 1351 3541 scribatis
1399 3492 1518 3540 mihi
1569 3492 1629 3541 dc
1681 3491 1818 3540 factis
1865 3492 2066 3546 vestris,
2117 3490 2227 3553 quia

192 3580 270 3629 ter
293 3576 455 3633 audio,
496 3582 545 3627 et
582 3576 720 3627 video
760 3576 878 3642 quid
918 3577 1074 3625 facitis
1111 3591 1197 3625 seu
1238 3577 1402 3639 agitis:
1444 3583 1491 3627 et
1517 3578 1586 3625 sic
1614 3575 1791 3626 Valete.
1869 3592 1926 3626 ex
1966 3576 2003 3624 F
2009 3574 2226 3637 riburga.

107 3707 110 3710 ·
175 3732 189 3761 ¹
221 3733 565 3787 Hedclbergam
598 3736 642 3775 3.
758 3731 777 3757 ²
807 3731 1144 3785 Hedelberger'i.
1172 3736 1213 3775 3.
1338 3732 1355 3758 ⁸
1386 3732 1715 3785 Heydclbcrga
1750 3736 1787 3772 2.
1803 3736 1845 3771 3.
1963 3730 1981 3755 ⁷
2013 3762 2022 3770 .
2048 3730 2151 3782 quia
2192 3732 2222 3767 Ι.

113 3815 127 3843 2
147 3802 223 3846 sed
253 3807 297 3846 3.
385 3805 402 3829 ‘³
436 3834 445 3843 .
468 3805 529 3844 Et
560 3806 681 3844 1...3.
771 3803 808 3829 3⁰
840 3805 907 3845 ita
938 3806 1053 3846 omis.
1081 3808 1122 3845 3.
1214 3803 1250 3828 ³²
1282 3803 1443 3845 leticia
1477 3808 1520 3846 3.
1611 3802 1647 3828 ³⁵
1682 3834 1689 3842 .
1718 3805 1774 3842 let
1808 3805 1842 3841 1.
1859 3805 1901 3841 3.
1947 3832 1955 3851 ,
1982 3802 2040 3839 Et
2072 3805 2111 3839 2.
