2456 4264
226 271 344 329 392
620 292 1009 322 LAMENTATIONES
1034 291 1337 321 OBSCVRORVM
1358 291 1807 322 REVCHLINISQARVM
1829 293 1977 324 NOVAE.

218 426 499 489 familiaris
529 424 759 484 fratrum
796 435 999 471 suorum
1038 421 1460 484 dilapidatorem,
1501 421 1693 471 Aurum
1731 424 1881 471 etiam
1906 423 2177 483 Iudeorum
2213 425 2369 485 sitire,
2448 476 2451 477 γ

224 513 493 571 deditaque
529 521 711 569 opera,
754 520 853 555 uno
891 519 978 555 ore
1014 510 1062 554 et
1098 519 1201 554 una
1237 507 1367 555 liora
1394 508 1690 568 puqnantia
1726 511 1775 555 et
1809 508 1907 556 sibi
1938 512 2203 558 contraria
2228 508 2373 569 affir·
2448 531 2456 548 ··

223 607 378 644 mare.
457 592 558 650 Que
606 593 772 640 omnia
818 596 867 639 et
912 592 968 640 id
1006 605 1167 652 qenus
1213 593 1396 640 similia
1434 605 1585 652 quam
1620 576 1719 640 sint
1755 594 1973 654 turpiter
2008 597 2056 641 et
2091 595 2208 642 dolo
2243 594 2376 642 malo
2445 580 2456 619 t·

225 682 277 728 in
302 678 402 727 viri
424 676 666 726 invidiam
693 689 724 722 a
752 675 1008 737 Capnione
1043 678 1282 736 conficta,
1324 676 1602 754 Inquisitor
1637 677 1744 737 ipse
1779 677 1833 725 in
1867 678 2091 726 secunda
2126 691 2221 726 sua
2246 677 2377 738 Apo-
2442 690 2456 748 ,ς

227 764 384 823 loqia,
429 763 530 810 iam
568 764 799 809 recenter
836 761 1000 820 edita,
1042 761 1153 809 luce
1188 762 1381 809 clarius
1419 761 1794 810 demonstravit.
1872 760 2032 818 Quam
2069 764 2158 822 qui
2180 763 2374 822 leqerit,
2395 766 2456 822 ⁵³?

227 848 360 896 dicto
406 846 555 894 citius
590 845 958 907 proclamabit,
1011 845 1152 893 illam
1201 859 1324 906 eque
1362 845 1635 906 Capnionis
1678 847 1938 907 epistolam
1985 858 2048 894 ac
2085 850 2239 894 totam
2276 847 2381 894 eius

228 930 564 991 defensionem
605 934 782 991 preter
829 943 993 992 nuqas
1040 934 1088 978 et
1133 931 1352 979 convitia
1397 931 1582 991 reliqui
1615 930 1743 979 nibil
1777 931 2051 979 continere.
2126 930 2234 989 Hec
2270 944 2381 980 cum

229 1017 502 1076 audissem,
543 1019 675 1064 totus
710 1028 802 1075 eqo
2449 1000 2456 1003 ’

567 1100 820 1162 obstupui,
860 1104 1200 1161 steteruntque
1235 1113 1370 1159 come
1407 1104 1455 1148 et
1491 1113 1592 1149 vox
1622 1098 1869 1159 ‘faucibus
1904 1099 2044 1158 hesit.

229 1184 360 1232 Nam
396 1185 443 1233 si
473 1184 744 1234 secundam
781 1185 1022 1234 nundinis
1058 1198 1191 1233 nunc
1226 1185 1585 1246 septembribus
1621 1184 1922 1246 Apoloqiam
1947 1184 2175 1244 ediderit,
2217 1189 2382 1233 actum
2398 1182 2456 1249 104}

225 1271 412 1332 procul
446 1269 597 1318 dubio
633 1270 885 1319 nobiscum
922 1271 1043 1330 erit,
1084 1270 1162 1318 vel
1198 1270 1257 1318 ob
1295 1270 1390 1319 boc
1435 1271 1618 1330 solum,
1670 1269 1808 1330 quod
1840 1269 1988 1318 talem
2025 1282 2136 1317 eam
2172 1282 2276 1317 esse
2312 1269 2385 1318 di·

231 1367 381 1415 xere,
424 1366 576 1416 quam

852 1453 942 1489 nec
978 1438 1114 1488 Iovis
1150 1440 1233 1488 ira
1269 1452 1362 1488 nec
1399 1439 1555 1500 iqnis,

568 1523 674 1573 Nec
704 1525 896 1586 poterit
925 1523 1153 1584 ferrum,
1196 1537 1289 1573 nec
1325 1524 1476 1589 edax,
1501 1523 1703 1572 abolere
1740 1527 1976 1573 vetustas.

243 1609 430 1669 Valete,
460 1613 643 1671 patres
678 1610 968 1671 conscripti.
1046 1608 1130 1658 Ex
1166 1621 1358 1656 corona
1386 1608 1703 1669 Moquntina.
2399 1614 2456 1672 115,Ι

149 1801 218 1866 Εἷς
852 1808 894 1856 (1
939 1792 1281 1851 Ioannnes
1330 1792 1774 1850 Murmellius

148 1869 212 1909 NJ
927 1900 1058 1949 libro
1098 1908 1149 1943 ιι.
1176 1900 1452 1960 eleqiarum
1487 1912 1694 1948 suarum

754 1993 808 2041 in
860 1992 1060 2041 laudem
1115 1991 1393 2040 Arnoldi
1451 1990 1872 2052 Tunqerensis

981 2084 1161 2132 summi
1193 2087 1242 2131 et
1276 2084 1387 2132 veri
1424 2082 1666 2144 Theoloqi

690 2175 785 2225 boc
821 2188 1026 2224 carmen
1061 2177 1317 2238 sapienter
1352 2175 1529 2224 edidit.
1575 2170 1704 2244 [Quo
1740 2175 1940 2237 quidem
2407 2185 2453 2222 πο

783 2268 1064 2330 Capnion
1112 2269 1219 2329 ipse
1254 2271 1302 2316 et
1342 2265 1618 2317 Obscuri
1653 2281 1857 2317 omnes

926 2373 1026 2408 non
1065 2360 1272 2409 obscure
1311 2353 1717 2427 convincuntur.]

494 2471 641 2522 Nunc
668 2486 862 2534 precor
898 2472 1178 2522 Arnoldum
1214 2473 1399 2521 blande
1427 2471 1550 2534 fac,
1593 2472 1771 2533 Musa,
1810 2473 2022 2532 salutes,

624 2557 944 2619 Tunqrorum
980 2562 1202 2606 veterum
1237 2571 1472 2621 spemque
1508 2558 1758 2619 decusque
1793 2569 1999 2617 novum,

497 2641 596 2700 Qui
621 2644 815 2704 primos
850 2644 984 2691 inter
1011 2655 1257 2704 proceres
1292 2643 1501 2703 vestiqia
1539 2642 1646 2692 divi
2410 2653 2456 2691 πε

624 2728 820 2776 Alberti
853 2729 1101 2789 sequitur,
1144 2728 1331 2788 optima
1369 2741 1560 2790 queque
1597 2727 1806 2787 docens,

501 2811 652 2870 Quem
691 2812 885 2861 dubites
920 2825 1113 2861 morum
1150 2812 1326 2861 laudes
1361 2812 1684 2873 equabilitate

625 2895 880 2958 Amplius,
923 2910 991 2946 an
1027 2896 1200 2959 sophie
1235 2898 1522 2957 coqnitione
1559 2910 1723 2956 sacre.

500 2981 760 3031 Externas
796 2982 941 3031 cuius
978 2983 1129 3042 lonqe
1154 2982 1396 3043 peruenit
1431 2983 1483 3030 in
1520 2982 1668 3030 urbes
2340 3031 2346 3037 ,

626 3066 845 3127 Nomen,
886 3070 936 3114 et
970 3066 1180 3126 insiqnis
1208 3064 1361 3124 fama
1393 3066 1664 3127 pudicicie.
2415 3068 2456 3113 aa

500 3150 611 3200 Hoc
646 3156 718 3199 est
753 3151 1005 3200 Laurenti
1038 3150 1210 3199 domus
1245 3154 1294 3198 et
1328 3150 1501 3200 schola
1537 3152 1640 3209 leta
1676 3152 1948 3212 maqistrO,

633 3235 779 3284 Urbis
814 3235 1098 3297 Aqrippine
1133 3235 1329 3284 clarior
1364 3239 1413 3283 et
1447 3235 1679 3297 reliquiS,

503 3316 709 3379 Hocque
744 3332 923 3368 novum
959 3321 1160 3368 iuvenes
1194 3319 1476 3381 spaciando
1514 3321 1724 3369 docente
1758 3321 1953 3383 lyceum

632 3402 915 3464 Discipulos
940 3405 1118 3466 plures
1154 3418 1304 3465 quam
1345 3403 1725 3466 Theophrastus
1760 3405 1923 3453 babet.
1955 3405 1957 3407 ’

505 3483 638 3533 Huic
665 3490 962 3548 preceptori
993 3489 1201 3538 multum
1238 3489 1418 3537 debere
1446 3488 1702 3550 fatemur,
2415 3498 2456 3535 εἰ

637 3569 869 3626 Quamvis
904 3574 969 3621 sit
1003 3573 1174 3634 sophie
1202 3575 1377 3634 portio
1404 3587 1578 3636 parva
1614 3574 1750 3622 mibi.

371 3690 388 3716 ⁵
418 3696 632 3734 recenter
663 3692 802 3747 edita]
834 3694 891 3734 In
914 3697 1000 3746 fine
1031 3697 1150 3737 liuius
1179 3697 1417 3751 Apologiae
1448 3697 1663 3739 secundae
1693 3703 1782 3738 est:
1811 3679 2003 3740 munic.
2034 3706 2080 3739 er
2107 3694 2246 3748 offitia
2276 3694 2405 3739 (Daui-
2440 3706 2456 3717 ²

256 3761 753 3815 tatinumMstcctsniij.
776 3769 823 3806 ut·
845 3763 944 3807 hav.
969 3764 1131 3808 Θείαν.
1160 3764 1166 3818 Ι
1196 3767 1356 3810 Τελοσ.
1378 3779 1461 3808 και
1482 3767 1582 3808 &sm
1605 3765 1736 3818 ὃοξα.
1795 3765 1830 3792 ¹³
1853 3766 1969 3808 Ouid.
1992 3768 2098 3807 met.
2111 3766 2208 3806 XV.
2220 3764 2318 3809 871.
2335 3779 2402 3819 sq.

370 3833 406 3859 ²⁵
435 3831 666 3886 Sequentia
686 3834 766 3873 duo
788 3835 974 3874 carmina
993 3835 1036 3874 in
1056 3837 1096 3875 1.
1118 3837 1243 3875 etiam
1271 3841 1440 3878 extant.
1473 3836 1538 3887 Cf.
1559 3849 1695 3888 supra
1723 3850 1765 3889 p.
1789 3835 1886 3878 362.
1912 3837 2065 3876 adnot.
2153 3834 2190 3862 ²⁰
2219 3837 2403 3889 sapien-

258 3908 329 3945 ter
358 3904 472 3946 omis.
494 3905 537 3943 2.
625 3900 662 3927 ²⁶
691 3900 890 3957 Alberti]
922 3903 1099 3957 Magni.
1188 3902 1223 3930 ³¹
1252 3903 1349 3944 leta
1377 3908 1421 3947 2.
