<?xml version="1.0" encoding="UTF-8"?>
<!DOCTYPE html PUBLIC "-//W3C//DTD XHTML 1.0 Transitional//EN"
    "http://www.w3.org/TR/xhtml1/DTD/xhtml1-transitional.dtd">
<html xmlns="http://www.w3.org/1999/xhtml" xml:lang="en" lang="en">
 <head>
  <title>
</title>
<meta http-equiv="Content-Type" content="text/html;charset=utf-8" />
  <meta name='ocr-system' content='tesseract 3.04.00' />
  <meta name='ocr-capabilities' content='ocr_page ocr_carea ocr_par ocr_line ocrx_word'/>
</head>
<body>
  <div class='ocr_page' id='page_1' title='image "./supoperaquaerepe01huttuoft_0483.png"; bbox 0 0 2456 4264; ppageno 0'>
   <div class='ocr_carea' id='block_1_1' title="bbox 546 273 2295 332">
    <p class='ocr_par' dir='ltr' id='par_1_1' title="bbox 546 273 2295 332">
     <span class='ocr_line' id='line_1_1' title="bbox 546 273 2295 332; baseline 0.001 -1"><span class='ocrx_word' id='word_1_1' title='bbox 546 301 807 331; x_wconf 76' lang='lat' dir='ltr'>REvannu</span> <span class='ocrx_word' id='word_1_2' title='bbox 829 301 889 331; x_wconf 77' lang='lat' dir='ltr'><strong>AD</strong></span> <span class='ocrx_word' id='word_1_3' title='bbox 910 301 1297 331; x_wconf 72' lang='lat' dir='ltr'>PIRCKHEIMERVM</span> <span class='ocrx_word' id='word_1_4' title='bbox 1318 301 1557 330; x_wconf 79' lang='lat' dir='ltr'><strong>EPISTOLAE</strong></span> <span class='ocrx_word' id='word_1_5' title='bbox 1579 299 1710 328; x_wconf 74' lang='lat' dir='ltr'>DATAE</span> <span class='ocrx_word' id='word_1_6' title='bbox 1731 299 1775 329; x_wconf 75' lang='lat' dir='ltr'><strong>A.</strong></span> <span class='ocrx_word' id='word_1_7' title='bbox 1799 295 1898 330; x_wconf 79' lang='lat'>1520.</span> <span class='ocrx_word' id='word_1_8' title='bbox 2172 273 2295 332; x_wconf 79' lang='grc'><strong>443</strong></span> 
     </span>
    </p>
   </div>
   <div class='ocr_carea' id='block_1_2' title="bbox 89 434 2305 1409">
    <p class='ocr_par' dir='ltr' id='par_1_2' title="bbox 89 434 2305 1409">
     <span class='ocr_line' id='line_1_2' title="bbox 148 434 2297 495; baseline -0.002 -12"><span class='ocrx_word' id='word_1_9' title='bbox 148 435 237 483; x_wconf 91' lang='lat' dir='ltr'><strong>bus</strong></span> <span class='ocrx_word' id='word_1_10' title='bbox 282 441 482 482; x_wconf 86' lang='lat' dir='ltr'><strong>statutus</strong></span> <span class='ocrx_word' id='word_1_11' title='bbox 528 449 680 483; x_wconf 91' lang='lat' dir='ltr'><strong>coram</strong></span> <span class='ocrx_word' id='word_1_12' title='bbox 726 436 806 483; x_wconf 92' lang='lat' dir='ltr'><strong>illo</strong></span> <span class='ocrx_word' id='word_1_13' title='bbox 853 442 939 483; x_wconf 89' lang='lat' dir='ltr'><strong>est.</strong></span> <span class='ocrx_word' id='word_1_14' title='bbox 1011 435 1220 482; x_wconf 84' lang='lat' dir='ltr'><strong>Ceterum</strong></span> <span class='ocrx_word' id='word_1_15' title='bbox 1267 441 1319 481; x_wconf 90' lang='lat' dir='ltr'><strong>ut</strong></span> <span class='ocrx_word' id='word_1_16' title='bbox 1365 435 1419 480; x_wconf 91' lang='lat' dir='ltr'><strong>de</strong></span> <span class='ocrx_word' id='word_1_17' title='bbox 1455 436 1635 482; x_wconf 88' lang='lat' dir='ltr'><strong>nomine</strong></span> <span class='ocrx_word' id='word_1_18' title='bbox 1674 434 1884 482; x_wconf 91' lang='lat' dir='ltr'><strong>solvendo</strong></span> <span class='ocrx_word' id='word_1_19' title='bbox 1924 434 2088 481; x_wconf 79' lang='lat' dir='ltr'><strong>fortius</strong></span> <span class='ocrx_word' id='word_1_20' title='bbox 2127 447 2297 495; x_wconf 85' lang='lat' dir='ltr'><strong>speres,</strong></span> 
     </span>
     <span class='ocr_line' id='line_1_3' title="bbox 149 505 2297 569; baseline -0.002 -15"><span class='ocrx_word' id='word_1_21' title='bbox 149 508 237 554; x_wconf 92' lang='lat' dir='ltr'><strong>hoc</strong></span> <span class='ocrx_word' id='word_1_22' title='bbox 273 514 320 554; x_wconf 88' lang='lat' dir='ltr'><strong>te</strong></span> <span class='ocrx_word' id='word_1_23' title='bbox 357 506 489 553; x_wconf 89' lang='lat' dir='ltr'><strong>velim</strong></span> <span class='ocrx_word' id='word_1_24' title='bbox 526 521 583 554; x_wconf 88' lang='lat' dir='ltr'><strong>ne</strong></span> <span class='ocrx_word' id='word_1_25' title='bbox 619 508 828 569; x_wconf 82' lang='lat' dir='ltr'>ignores,</span> <span class='ocrx_word' id='word_1_26' title='bbox 868 507 1003 554; x_wconf 87' lang='lat' dir='ltr'><strong>hodie</strong></span> <span class='ocrx_word' id='word_1_27' title='bbox 1037 521 1211 554; x_wconf 90' lang='lat' dir='ltr'><strong>mecum</strong></span> <span class='ocrx_word' id='word_1_28' title='bbox 1249 519 1302 552; x_wconf 86' lang='lat' dir='ltr'><strong>ex</strong></span> <span class='ocrx_word' id='word_1_29' title='bbox 1338 506 1629 553; x_wconf 89' lang='lat' dir='ltr'><strong>commisione</strong></span> <span class='ocrx_word' id='word_1_30' title='bbox 1666 506 1962 553; x_wconf 84' lang='lat' dir='ltr'><strong>illustrissimi</strong></span> <span class='ocrx_word' id='word_1_31' title='bbox 1999 505 2216 567; x_wconf 91' lang='lat' dir='ltr'><strong>principis</strong></span> <span class='ocrx_word' id='word_1_32' title='bbox 2251 505 2297 550; x_wconf 90' lang='lat' dir='ltr'><strong>D.</strong></span> 
     </span>
     <span class='ocr_line' id='line_1_4' title="bbox 146 577 2300 640; baseline -0.001 -16"><span class='ocrx_word' id='word_1_33' title='bbox 146 577 378 624; x_wconf 83' lang='lat' dir='ltr'><strong>wilhelmi</strong></span> <span class='ocrx_word' id='word_1_34' title='bbox 413 578 545 625; x_wconf 87' lang='lat' dir='ltr'><strong>Ducis</strong></span> <span class='ocrx_word' id='word_1_35' title='bbox 580 578 775 626; x_wconf 86' lang='lat' dir='ltr'><strong>Bavariae</strong></span> <span class='ocrx_word' id='word_1_36' title='bbox 810 586 958 626; x_wconf 89' lang='lat' dir='ltr'><strong>actum</strong></span> <span class='ocrx_word' id='word_1_37' title='bbox 996 585 1044 626; x_wconf 89' lang='lat' dir='ltr'><strong>et</strong></span> <span class='ocrx_word' id='word_1_38' title='bbox 1078 584 1311 640; x_wconf 90' lang='lat' dir='ltr'><strong>peractum</strong></span> <span class='ocrx_word' id='word_1_39' title='bbox 1349 592 1462 629; x_wconf 89' lang='lat' dir='ltr'><strong>esse,</strong></span> <span class='ocrx_word' id='word_1_40' title='bbox 1502 584 1554 624; x_wconf 92' lang='lat' dir='ltr'><strong>ut</strong></span> <span class='ocrx_word' id='word_1_41' title='bbox 1589 578 1833 639; x_wconf 86' lang='lat' dir='ltr'><strong>Anglopoli</strong></span> <span class='ocrx_word' id='word_1_42' title='bbox 1871 583 1917 624; x_wconf 91' lang='lat' dir='ltr'><strong>et</strong></span> <span class='ocrx_word' id='word_1_43' title='bbox 1941 577 2092 624; x_wconf 84' lang='lat' dir='ltr'><strong>Graeca</strong></span> <span class='ocrx_word' id='word_1_44' title='bbox 2116 577 2300 624; x_wconf 90' lang='lat' dir='ltr'><strong>doceam</strong></span> 
     </span>
     <span class='ocr_line' id='line_1_5' title="bbox 149 648 2298 711; baseline -0.001 -16"><span class='ocrx_word' id='word_1_45' title='bbox 149 655 196 696; x_wconf 90' lang='lat' dir='ltr'><strong>et</strong></span> <span class='ocrx_word' id='word_1_46' title='bbox 229 648 464 697; x_wconf 87' lang='lat' dir='ltr'><strong>Hebraica.</strong></span> <span class='ocrx_word' id='word_1_47' title='bbox 538 650 749 697; x_wconf 87' lang='lat' dir='ltr'><strong>Annuum</strong></span> <span class='ocrx_word' id='word_1_48' title='bbox 794 651 904 697; x_wconf 92' lang='lat' dir='ltr'><strong>mihi</strong></span> <span class='ocrx_word' id='word_1_49' title='bbox 951 650 1251 698; x_wconf 90' lang='lat' dir='ltr'><strong>constitutum</strong></span> <span class='ocrx_word' id='word_1_50' title='bbox 1290 655 1360 696; x_wconf 93' lang='lat' dir='ltr'><strong>est</strong></span> <span class='ocrx_word' id='word_1_51' title='bbox 1398 650 1669 711; x_wconf 83' lang='lat' dir='ltr'><strong>stipendium</strong></span> <span class='ocrx_word' id='word_1_52' title='bbox 1705 650 2004 696; x_wconf 89' lang='lat' dir='ltr'><strong>ducentorum</strong></span> <span class='ocrx_word' id='word_1_53' title='bbox 2041 662 2298 700; x_wconf 89' lang='lat' dir='ltr'><strong>aureorum,</strong></span> 
     </span>
     <span class='ocr_line' id='line_1_6' title="bbox 117 720 2300 782; baseline -0 -16"><span class='ocrx_word' id='word_1_54' title='bbox 117 720 354 782; x_wconf 69' lang='lat' dir='ltr'><strong>scumque</strong></span> <span class='ocrx_word' id='word_1_55' title='bbox 397 720 535 767; x_wconf 90' lang='lat' dir='ltr'><strong>huius</strong></span> <span class='ocrx_word' id='word_1_56' title='bbox 581 729 752 770; x_wconf 90' lang='lat' dir='ltr'><strong>nostrae</strong></span> <span class='ocrx_word' id='word_1_57' title='bbox 799 722 1068 769; x_wconf 78' lang='lat' dir='ltr'><strong>calamitatis</strong></span> <span class='ocrx_word' id='word_1_58' title='bbox 1115 721 1407 782; x_wconf 84' lang='lat' dir='ltr'><strong>intemperies</strong></span> <span class='ocrx_word' id='word_1_59' title='bbox 1454 735 1545 766; x_wconf 74' lang='lat' dir='ltr'><strong>mev</strong></span> <span class='ocrx_word' id='word_1_60' title='bbox 1571 721 1661 767; x_wconf 92' lang='lat' dir='ltr'><strong>huc</strong></span> <span class='ocrx_word' id='word_1_61' title='bbox 1707 721 1880 780; x_wconf 80' lang='lat' dir='ltr'><strong>adegit,</strong></span> <span class='ocrx_word' id='word_1_62' title='bbox 1931 726 1983 766; x_wconf 89' lang='lat' dir='ltr'><strong>ut</strong></span> <span class='ocrx_word' id='word_1_63' title='bbox 2028 720 2084 766; x_wconf 90' lang='lat' dir='ltr'><strong>ad</strong></span> <span class='ocrx_word' id='word_1_64' title='bbox 2121 726 2300 781; x_wconf 88' lang='lat' dir='ltr'><strong>tempus</strong></span> 
     </span>
     <span class='ocr_line' id='line_1_7' title="bbox 147 791 2301 855; baseline -0.001 -16"><span class='ocrx_word' id='word_1_65' title='bbox 147 798 361 854; x_wconf 78' lang='lat' dir='ltr'><strong>oporteat</strong></span> <span class='ocrx_word' id='word_1_66' title='bbox 397 799 524 839; x_wconf 80' lang='lat' dir='ltr'><strong>extra</strong></span> <span class='ocrx_word' id='word_1_67' title='bbox 561 795 751 854; x_wconf 91' lang='lat' dir='ltr'><strong>patriam</strong></span> <span class='ocrx_word' id='word_1_68' title='bbox 789 794 963 845; x_wconf 89' lang='lat' dir='ltr'><strong>vivere,</strong></span> <span class='ocrx_word' id='word_1_69' title='bbox 1002 792 1230 855; x_wconf 82' lang='lat' dir='ltr'><strong>acceptavi</strong></span> <span class='ocrx_word' id='word_1_70' title='bbox 1270 792 1602 843; x_wconf 89' lang='lat' dir='ltr'><strong>conditionem,</strong></span> <span class='ocrx_word' id='word_1_71' title='bbox 1640 805 1697 837; x_wconf 92' lang='lat' dir='ltr'><strong>ne</strong></span> <span class='ocrx_word' id='word_1_72' title='bbox 1733 791 1842 837; x_wconf 90' lang='lat' dir='ltr'><strong>nihil</strong></span> <span class='ocrx_word' id='word_1_73' title='bbox 1882 804 2076 851; x_wconf 82' lang='lat' dir='ltr'><strong>agerem,</strong></span> <span class='ocrx_word' id='word_1_74' title='bbox 2113 791 2301 837; x_wconf 86' lang='lat' dir='ltr'><strong>Persua-</strong></span> 
     </span>
     <span class='ocr_line' id='line_1_8' title="bbox 146 862 2300 923; baseline -0.001 -13"><span class='ocrx_word' id='word_1_75' title='bbox 146 877 224 910; x_wconf 88' lang='lat' dir='ltr'><strong>sus</strong></span> <span class='ocrx_word' id='word_1_76' title='bbox 263 865 397 910; x_wconf 85' lang='lat' dir='ltr'><strong>etiam</strong></span> <span class='ocrx_word' id='word_1_77' title='bbox 434 878 459 910; x_wconf 93' lang='lat' dir='ltr'><strong>a</strong></span> <span class='ocrx_word' id='word_1_78' title='bbox 494 863 731 912; x_wconf 88' lang='lat' dir='ltr'><strong>ducalibus</strong></span> <span class='ocrx_word' id='word_1_79' title='bbox 769 864 1118 916; x_wconf 82' lang='lat' dir='ltr'><strong>commissariis‚</strong></span> <span class='ocrx_word' id='word_1_80' title='bbox 1167 870 1219 910; x_wconf 87' lang='lat' dir='ltr'><strong>ut</strong></span> <span class='ocrx_word' id='word_1_81' title='bbox 1266 863 1542 923; x_wconf 84' lang='lat' dir='ltr'><strong>singularem</strong></span> <span class='ocrx_word' id='word_1_82' title='bbox 1577 862 1802 923; x_wconf 86' lang='lat' dir='ltr'><strong>Principis</strong></span> <span class='ocrx_word' id='word_1_83' title='bbox 1852 876 1961 923; x_wconf 89' lang='lat' dir='ltr'><strong>erga</strong></span> <span class='ocrx_word' id='word_1_84' title='bbox 1999 875 2070 907; x_wconf 87' lang='lat' dir='ltr'><strong>me</strong></span> <span class='ocrx_word' id='word_1_85' title='bbox 2107 862 2300 909; x_wconf 88' lang='lat' dir='ltr'><strong>clemen-</strong></span> 
     </span>
     <span class='ocr_line' id='line_1_9' title="bbox 144 934 2301 998; baseline -0.001 -18"><span class='ocrx_word' id='word_1_86' title='bbox 144 934 254 981; x_wconf 86' lang='lat' dir='ltr'><strong>tiam</strong></span> <span class='ocrx_word' id='word_1_87' title='bbox 300 935 525 982; x_wconf 86' lang='lat' dir='ltr'><strong>nonnihili</strong></span> <span class='ocrx_word' id='word_1_88' title='bbox 573 936 789 988; x_wconf 85' lang='lat' dir='ltr'><strong>facerem,</strong></span> <span class='ocrx_word' id='word_1_89' title='bbox 840 938 918 998; x_wconf 90' lang='lat' dir='ltr'><strong>qui</strong></span> <span class='ocrx_word' id='word_1_90' title='bbox 965 942 1011 982; x_wconf 91' lang='lat' dir='ltr'><strong>et</strong></span> <span class='ocrx_word' id='word_1_91' title='bbox 1055 949 1126 981; x_wconf 92' lang='lat' dir='ltr'><strong>me</strong></span> <span class='ocrx_word' id='word_1_92' title='bbox 1172 935 1218 980; x_wconf 91' lang='lat' dir='ltr'><strong>in</strong></span> <span class='ocrx_word' id='word_1_93' title='bbox 1265 934 1386 980; x_wconf 89' lang='lat' dir='ltr'><strong>bello</strong></span> <span class='ocrx_word' id='word_1_94' title='bbox 1436 940 1617 995; x_wconf 90' lang='lat' dir='ltr'><strong>captum</strong></span> <span class='ocrx_word' id='word_1_95' title='bbox 1667 935 1883 985; x_wconf 91' lang='lat' dir='ltr'><strong>servavit,</strong></span> <span class='ocrx_word' id='word_1_96' title='bbox 1933 939 1979 978; x_wconf 92' lang='lat' dir='ltr'><strong>et</strong></span> <span class='ocrx_word' id='word_1_97' title='bbox 2017 934 2166 978; x_wconf 90' lang='lat' dir='ltr'><strong>omnia</strong></span> <span class='ocrx_word' id='word_1_98' title='bbox 2202 947 2301 978; x_wconf 88' lang='lat' dir='ltr'><strong>mea</strong></span> 
     </span>
     <span class='ocr_line' id='line_1_10' title="bbox 141 1002 2303 1067; baseline -0.001 -15"><span class='ocrx_word' id='word_1_99' title='bbox 141 1005 262 1052; x_wconf 89' lang='lat' dir='ltr'><strong>bona</strong></span> <span class='ocrx_word' id='word_1_100' title='bbox 309 1020 412 1052; x_wconf 90' lang='lat' dir='ltr'><strong>cum</strong></span> <span class='ocrx_word' id='word_1_101' title='bbox 460 1013 559 1053; x_wconf 92' lang='lat' dir='ltr'><strong>tota</strong></span> <span class='ocrx_word' id='word_1_102' title='bbox 615 1007 783 1054; x_wconf 80' lang='lat' dir='ltr'><strong>familia</strong></span> <span class='ocrx_word' id='word_1_103' title='bbox 829 1007 915 1054; x_wconf 91' lang='lat' dir='ltr'><strong>sub</strong></span> <span class='ocrx_word' id='word_1_104' title='bbox 962 1007 1116 1054; x_wconf 89' lang='lat' dir='ltr'><strong>colore</strong></span> <span class='ocrx_word' id='word_1_105' title='bbox 1162 1005 1330 1067; x_wconf 85' lang='lat' dir='ltr'><strong>praedae</strong></span> <span class='ocrx_word' id='word_1_106' title='bbox 1380 1004 1619 1051; x_wconf 88' lang='lat' dir='ltr'><strong>confiscata</strong></span> <span class='ocrx_word' id='word_1_107' title='bbox 1667 1003 1898 1057; x_wconf 88' lang='lat' dir='ltr'><strong>liberavit,</strong></span> <span class='ocrx_word' id='word_1_108' title='bbox 1947 1002 2052 1049; x_wconf 86' lang='lat' dir='ltr'><strong>belli</strong></span> <span class='ocrx_word' id='word_1_109' title='bbox 2100 1019 2303 1050; x_wconf 90' lang='lat' dir='ltr'><strong>summus</strong></span> 
     </span>
     <span class='ocr_line' id='line_1_11' title="bbox 89 1074 2302 1139; baseline -0.002 -15"><span class='ocrx_word' id='word_1_110' title='bbox 89 1083 128 1115; x_wconf 84' lang='lat'><strong>¹0</strong></span> <span class='ocrx_word' id='word_1_111' title='bbox 142 1078 405 1139; x_wconf 85' lang='lat' dir='ltr'><strong>imperator.</strong></span> <span class='ocrx_word' id='word_1_112' title='bbox 477 1078 543 1124; x_wconf 85' lang='lat' dir='ltr'><strong>Ad</strong></span> <span class='ocrx_word' id='word_1_113' title='bbox 580 1078 795 1126; x_wconf 87' lang='lat' dir='ltr'><strong>kalendas</strong></span> <span class='ocrx_word' id='word_1_114' title='bbox 831 1078 974 1139; x_wconf 90' lang='lat' dir='ltr'><strong>igitur</strong></span> <span class='ocrx_word' id='word_1_115' title='bbox 1010 1077 1237 1139; x_wconf 82' lang='lat' dir='ltr'><strong>proximas</strong></span> <span class='ocrx_word' id='word_1_116' title='bbox 1262 1077 1352 1122; x_wconf 91' lang='lat' dir='ltr'><strong>Deo</strong></span> <span class='ocrx_word' id='word_1_117' title='bbox 1391 1075 1626 1122; x_wconf 89' lang='lat' dir='ltr'><strong>adiuvante</strong></span> <span class='ocrx_word' id='word_1_118' title='bbox 1661 1075 1842 1136; x_wconf 89' lang='lat' dir='ltr'><strong>linguas</strong></span> <span class='ocrx_word' id='word_1_119' title='bbox 1881 1074 2042 1121; x_wconf 92' lang='lat' dir='ltr'><strong>docere</strong></span> <span class='ocrx_word' id='word_1_120' title='bbox 2079 1075 2302 1136; x_wconf 90' lang='lat' dir='ltr'><strong>incipiam.</strong></span> 
     </span>
     <span class='ocr_line' id='line_1_12' title="bbox 140 1145 2305 1208; baseline -0.002 -13"><span class='ocrx_word' id='word_1_121' title='bbox 140 1148 273 1205; x_wconf 82' lang='lat' dir='ltr'><strong>Quod</strong></span> <span class='ocrx_word' id='word_1_122' title='bbox 307 1149 515 1196; x_wconf 78' lang='lat' dir='ltr'><strong>futurum</strong></span> <span class='ocrx_word' id='word_1_123' title='bbox 564 1149 687 1196; x_wconf 78' lang='lat' dir='ltr'><strong>foelix</strong></span> <span class='ocrx_word' id='word_1_124' title='bbox 733 1150 844 1196; x_wconf 80' lang='lat' dir='ltr'><strong>fuat.</strong></span> <span class='ocrx_word' id='word_1_125' title='bbox 919 1150 985 1195; x_wconf 91' lang='lat' dir='ltr'><strong>Tu</strong></span> <span class='ocrx_word' id='word_1_126' title='bbox 1032 1149 1129 1195; x_wconf 92' lang='lat' dir='ltr'><strong>vale</strong></span> <span class='ocrx_word' id='word_1_127' title='bbox 1166 1147 1399 1198; x_wconf 83' lang='lat' dir='ltr'><strong>foeliciter,</strong></span> <span class='ocrx_word' id='word_1_128' title='bbox 1446 1146 1500 1193; x_wconf 90' lang='lat' dir='ltr'><strong>Et</strong></span> <span class='ocrx_word' id='word_1_129' title='bbox 1547 1160 1618 1193; x_wconf 93' lang='lat' dir='ltr'><strong>me</strong></span> <span class='ocrx_word' id='word_1_130' title='bbox 1654 1147 1905 1208; x_wconf 89' lang='lat' dir='ltr'><strong>principem</strong></span> <span class='ocrx_word' id='word_1_131' title='bbox 1943 1145 2107 1192; x_wconf 83' lang='lat' dir='ltr'><strong>Siciliae</strong></span> <span class='ocrx_word' id='word_1_132' title='bbox 2145 1147 2305 1207; x_wconf 83' lang='lat' dir='ltr'><strong>Diony-</strong></span> 
     </span>
     <span class='ocr_line' id='line_1_13' title="bbox 142 1216 2303 1283; baseline -0.001 -17"><span class='ocrx_word' id='word_1_133' title='bbox 142 1220 260 1267; x_wconf 85' lang='lat' dir='ltr'><strong>sium</strong></span> <span class='ocrx_word' id='word_1_134' title='bbox 300 1220 505 1268; x_wconf 87' lang='lat' dir='ltr'><strong>Corinthi</strong></span> <span class='ocrx_word' id='word_1_135' title='bbox 541 1221 734 1283; x_wconf 90' lang='lat' dir='ltr'><strong>puerilia</strong></span> <span class='ocrx_word' id='word_1_136' title='bbox 770 1221 1007 1269; x_wconf 89' lang='lat' dir='ltr'><strong>docentem</strong></span> <span class='ocrx_word' id='word_1_137' title='bbox 1046 1225 1269 1281; x_wconf 90' lang='lat' dir='ltr'><strong>spectato.</strong></span> <span class='ocrx_word' id='word_1_138' title='bbox 1342 1218 1510 1264; x_wconf 89' lang='lat' dir='ltr'><strong>lterum</strong></span> <span class='ocrx_word' id='word_1_139' title='bbox 1558 1217 1652 1264; x_wconf 90' lang='lat' dir='ltr'><strong>vale</strong></span> <span class='ocrx_word' id='word_1_140' title='bbox 1689 1216 1934 1279; x_wconf 86' lang='lat' dir='ltr'><strong>Anglopoli</strong></span> <span class='ocrx_word' id='word_1_141' title='bbox 1971 1217 2086 1278; x_wconf 87' lang='lat' dir='ltr'><strong>prid.</strong></span> <span class='ocrx_word' id='word_1_142' title='bbox 2127 1217 2303 1263; x_wconf 90' lang='lat' dir='ltr'><strong>Calend.</strong></span> 
     </span>
     <span class='ocr_line' id='line_1_14' title="bbox 138 1290 722 1345; baseline 0.002 -6"><span class='ocrx_word' id='word_1_143' title='bbox 138 1290 348 1345; x_wconf 74' lang='lat' dir='ltr'><strong>MartiaS,</strong></span> <span class='ocrx_word' id='word_1_144' title='bbox 376 1306 503 1340; x_wconf 86' lang='lat' dir='ltr'><strong>auno</strong></span> <span class='ocrx_word' id='word_1_145' title='bbox 540 1291 722 1340; x_wconf 54' lang='lat' dir='ltr'><strong>mlxxx,</strong></span> 
     </span>
     <span class='ocr_line' id='line_1_15' title="bbox 1100 1359 2232 1409; baseline -0.002 -2"><span class='ocrx_word' id='word_1_146' title='bbox 1100 1362 1329 1408; x_wconf 69' lang='lat' dir='ltr'><strong>‚Iohannes</strong></span> <span class='ocrx_word' id='word_1_147' title='bbox 1367 1360 1585 1408; x_wconf 89' lang='lat' dir='ltr'><strong>Reuchlin</strong></span> <span class='ocrx_word' id='word_1_148' title='bbox 1622 1360 1894 1409; x_wconf 87' lang='lat' dir='ltr'><strong>Phorcensis</strong></span> <span class='ocrx_word' id='word_1_149' title='bbox 1932 1359 2012 1406; x_wconf 93' lang='lat' dir='ltr'><strong>LL.</strong></span> <span class='ocrx_word' id='word_1_150' title='bbox 2053 1359 2232 1406; x_wconf 85' lang='lat' dir='ltr'><strong>Doctor.</strong></span> 
     </span>
    </p>
   </div>
   <div class='ocr_carea' id='block_1_3' title="bbox 1049 1473 1388 1480">
    <p class='ocr_par' dir='ltr' id='par_1_3' title="bbox 1049 1473 1388 1480">
     <span class='ocr_line' id='line_1_16' title="bbox 1049 1473 1388 1480; baseline 0 2784"><span class='ocrx_word' id='word_1_151' title='bbox 1049 1473 1388 1480; x_wconf 95' lang='lat' dir='ltr'><strong> </strong></span> 
     </span>
    </p>
   </div>
   <div class='ocr_carea' id='block_1_4' title="bbox 922 1546 1516 1595">
    <p class='ocr_par' dir='ltr' id='par_1_4' title="bbox 922 1546 1516 1595">
     <span class='ocr_line' id='line_1_17' title="bbox 922 1546 1516 1595; baseline 0 -1"><span class='ocrx_word' id='word_1_152' title='bbox 922 1547 1132 1594; x_wconf 88' lang='lat' dir='ltr'><strong>MARTIN</strong></span> <span class='ocrx_word' id='word_1_153' title='bbox 1137 1548 1201 1595; x_wconf 92' lang='lat' dir='ltr'><strong>VS</strong></span> <span class='ocrx_word' id='word_1_154' title='bbox 1237 1546 1516 1595; x_wconf 89' lang='lat' dir='ltr'><strong>BVCOERVS</strong></span> 
     </span>
    </p>
   </div>
   <div class='ocr_carea' id='block_1_5' title="bbox 135 1687 359 1698">
    <p class='ocr_par' dir='ltr' id='par_1_5' title="bbox 135 1687 359 1698">
     <span class='ocr_line' id='line_1_18' title="bbox 135 1687 359 1698; baseline 0 2566"><span class='ocrx_word' id='word_1_155' title='bbox 135 1687 359 1698; x_wconf 95' lang='lat' dir='ltr'><strong> </strong></span> 
     </span>
    </p>
   </div>
   <div class='ocr_carea' id='block_1_6' title="bbox 0 1445 2308 2220">
    <p class='ocr_par' dir='ltr' id='par_1_6' title="bbox 0 1445 5 1482">
     <span class='ocr_line' id='line_1_19' title="bbox 0 1445 5 1482; baseline 0 0"><span class='ocrx_word' id='word_1_156' title='bbox 0 1445 5 1482; x_wconf 62' lang='lat' dir='ltr'><strong>i</strong></span> 
     </span>
    </p>

    <p class='ocr_par' dir='ltr' id='par_1_7' title="bbox 0 1535 5 1597">
     <span class='ocr_line' id='line_1_20' title="bbox 0 1535 5 1597; baseline 0 0"><span class='ocrx_word' id='word_1_157' title='bbox 0 1535 5 1597; x_wconf 59' lang='lat' dir='ltr'><strong>i</strong></span> 
     </span>
    </p>

    <p class='ocr_par' dir='ltr' id='par_1_8' title="bbox 0 1607 2275 1685">
     <span class='ocr_line' id='line_1_21' title="bbox 0 1607 2275 1685; baseline -0.001 -13"><span class='ocrx_word' id='word_1_158' title='bbox 0 1607 5 1665; x_wconf 63' lang='lat' dir='ltr'><strong>i</strong></span> <span class='ocrx_word' id='word_1_159' title='bbox 83 1625 124 1659; x_wconf 83' lang='lat'><strong>¹⁵</strong></span> <span class='ocrx_word' id='word_1_160' title='bbox 166 1629 329 1685; x_wconf 74' lang='lat' dir='ltr'><strong>Spiris.</strong></span> <span class='ocrx_word' id='word_1_161' title='bbox 900 1610 905 1616; x_wconf 82' lang='grc'><strong>’</strong></span> <span class='ocrx_word' id='word_1_162' title='bbox 951 1629 1159 1672; x_wconf 81' lang='grc' dir='ltr'><strong>ΒΕΑΤΟ</strong></span> <span class='ocrx_word' id='word_1_163' title='bbox 1189 1629 1484 1672; x_wconf 81' lang='lat' dir='ltr'><strong>RHENANO</strong></span> <span class='ocrx_word' id='word_1_164' title='bbox 1836 1629 1878 1670; x_wconf 77' lang='lat' dir='ltr'><strong>a.</strong></span> <span class='ocrx_word' id='word_1_165' title='bbox 1905 1634 1961 1669; x_wconf 86' lang='lat'><strong>15.</strong></span> <span class='ocrx_word' id='word_1_166' title='bbox 1983 1629 2082 1669; x_wconf 79' lang='lat' dir='ltr'><strong>ian.</strong></span> <span class='ocrx_word' id='word_1_167' title='bbox 2107 1641 2150 1668; x_wconf 81' lang='lat' dir='ltr'><strong>a.</strong></span> <span class='ocrx_word' id='word_1_168' title='bbox 2179 1634 2275 1669; x_wconf 80' lang='lat'><strong>1520.</strong></span> 
     </span>
    </p>

    <p class='ocr_par' dir='ltr' id='par_1_9' title="bbox 0 1675 1610 1756">
     <span class='ocr_line' id='line_1_22' title="bbox 0 1675 1610 1756; baseline -0.003 -9"><span class='ocrx_word' id='word_1_169' title='bbox 0 1675 7 1756; x_wconf 44' lang='grc' dir='ltr'>ι</span> <span class='ocrx_word' id='word_1_170' title='bbox 842 1714 956 1744; x_wconf 74' lang='lat' dir='ltr'>VIRO</span> <span class='ocrx_word' id='word_1_171' title='bbox 986 1714 1300 1749; x_wconf 70' lang='lat' dir='ltr'><strong>vmmcvnqvn</strong></span> <span class='ocrx_word' id='word_1_172' title='bbox 1332 1712 1610 1743; x_wconf 77' lang='lat' dir='ltr'><strong>DOOTISSIMO</strong></span> 
     </span>
    </p>

    <p class='ocr_par' dir='ltr' id='par_1_10' title="bbox 0 1772 1288 1851">
     <span class='ocr_line' id='line_1_23' title="bbox 0 1772 1288 1851; baseline 0.001 -35"><span class='ocrx_word' id='word_1_173' title='bbox 0 1773 9 1851; x_wconf 48' lang='lat' dir='ltr'>k</span> <span class='ocrx_word' id='word_1_174' title='bbox 1154 1772 1199 1815; x_wconf 79' lang='lat' dir='ltr'><strong>S.</strong></span> <span class='ocrx_word' id='word_1_175' title='bbox 1227 1774 1288 1817; x_wconf 91' lang='lat' dir='ltr'><strong>D.</strong></span> 
     </span>
    </p>

    <p class='ocr_par' dir='ltr' id='par_1_11' title="bbox 0 1851 2307 1948">
     <span class='ocr_line' id='line_1_24' title="bbox 0 1851 2307 1948; baseline 0 -40"><span class='ocrx_word' id='word_1_176' title='bbox 0 1855 10 1948; x_wconf 47' lang='grc' dir='ltr'><strong><em>ξ</em></strong></span> <span class='ocrx_word' id='word_1_177' title='bbox 279 1861 421 1941; x_wconf 74' lang='lat' dir='ltr'><strong>Multo</strong></span> <span class='ocrx_word' id='word_1_178' title='bbox 458 1863 548 1911; x_wconf 82' lang='lat' dir='ltr'><strong>iam</strong></span> <span class='ocrx_word' id='word_1_179' title='bbox 586 1868 794 1924; x_wconf 89' lang='lat' dir='ltr'><strong>tempore</strong></span> <span class='ocrx_word' id='word_1_180' title='bbox 830 1861 980 1909; x_wconf 81' lang='lat' dir='ltr'><strong>nullas</strong></span> <span class='ocrx_word' id='word_1_181' title='bbox 1017 1862 1073 1908; x_wconf 90' lang='lat' dir='ltr'><strong>ad</strong></span> <span class='ocrx_word' id='word_1_182' title='bbox 1119 1868 1164 1908; x_wconf 89' lang='lat' dir='ltr'><strong>te</strong></span> <span class='ocrx_word' id='word_1_183' title='bbox 1210 1861 1366 1908; x_wconf 91' lang='lat' dir='ltr'><strong>literas</strong></span> <span class='ocrx_word' id='word_1_184' title='bbox 1405 1861 1528 1914; x_wconf 92' lang='lat' dir='ltr'><strong>dedi,</strong></span> <span class='ocrx_word' id='word_1_185' title='bbox 1577 1864 1870 1923; x_wconf 81' lang='lat' dir='ltr'><strong>integerrime</strong></span> <span class='ocrx_word' id='word_1_186' title='bbox 1906 1851 2064 1914; x_wconf 88' lang='lat' dir='ltr'><strong>Beate,</strong></span> <span class='ocrx_word' id='word_1_187' title='bbox 2113 1863 2200 1909; x_wconf 92' lang='lat' dir='ltr'><strong>hoc</strong></span> <span class='ocrx_word' id='word_1_188' title='bbox 2236 1870 2307 1909; x_wconf 86' lang='lat' dir='ltr'><strong>est</strong></span> 
     </span>
    </p>

    <p class='ocr_par' dir='ltr' id='par_1_12' title="bbox 5 1931 2305 1990">
     <span class='ocr_line' id='line_1_25' title="bbox 5 1931 2305 1990; baseline 0 -10"><span class='ocrx_word' id='word_1_189' title='bbox 5 1943 9 1947; x_wconf 86' lang='grc'><strong>’</strong></span> <span class='ocrx_word' id='word_1_190' title='bbox 78 1955 123 1988; x_wconf 78' lang='lat'><strong>20</strong></span> <span class='ocrx_word' id='word_1_191' title='bbox 137 1931 310 1981; x_wconf 86' lang='lat' dir='ltr'><strong>nullam</strong></span> <span class='ocrx_word' id='word_1_192' title='bbox 349 1933 431 1981; x_wconf 81' lang='lat' dir='ltr'><strong>uhi</strong></span> <span class='ocrx_word' id='word_1_193' title='bbox 465 1933 721 1980; x_wconf 89' lang='lat' dir='ltr'><strong>molestiam</strong></span> <span class='ocrx_word' id='word_1_194' title='bbox 758 1933 955 1980; x_wconf 88' lang='lat' dir='ltr'><strong>exhibui.</strong></span> <span class='ocrx_word' id='word_1_195' title='bbox 1027 1931 1145 1990; x_wconf 84' lang='lat' dir='ltr'><strong>Quid</strong></span> <span class='ocrx_word' id='word_1_196' title='bbox 1181 1935 1298 1980; x_wconf 89' lang='lat' dir='ltr'><strong>enim</strong></span> <span class='ocrx_word' id='word_1_197' title='bbox 1336 1933 1459 1979; x_wconf 91' lang='lat' dir='ltr'><strong>aliud</strong></span> <span class='ocrx_word' id='word_1_198' title='bbox 1494 1947 1604 1982; x_wconf 84' lang='lat' dir='ltr'><strong>meae</strong></span> <span class='ocrx_word' id='word_1_199' title='bbox 1629 1933 1798 1986; x_wconf 86' lang='lat' dir='ltr'><strong>literae,</strong></span> <span class='ocrx_word' id='word_1_200' title='bbox 1836 1934 1949 1980; x_wconf 91' lang='lat' dir='ltr'><strong>nihil</strong></span> <span class='ocrx_word' id='word_1_201' title='bbox 1974 1933 2059 1980; x_wconf 91' lang='lat' dir='ltr'><strong>nisi</strong></span> <span class='ocrx_word' id='word_1_202' title='bbox 2089 1933 2305 1986; x_wconf 86' lang='lat' dir='ltr'><strong>barbarae,</strong></span> 
     </span>
    </p>

    <p class='ocr_par' dir='ltr' id='par_1_13' title="bbox 0 1949 2304 2076">
     <span class='ocr_line' id='line_1_26' title="bbox 0 1949 2304 2076; baseline -0.001 -24"><span class='ocrx_word' id='word_1_203' title='bbox 0 1949 9 2076; x_wconf 60' lang='grc' dir='ltr'>Ι</span> <span class='ocrx_word' id='word_1_204' title='bbox 138 2006 323 2067; x_wconf 78' lang='lat' dir='ltr'><strong>ingenio</strong></span> <span class='ocrx_word' id='word_1_205' title='bbox 361 2011 443 2053; x_wconf 88' lang='lat' dir='ltr'><strong>tuo</strong></span> <span class='ocrx_word' id='word_1_206' title='bbox 481 2011 573 2052; x_wconf 91' lang='lat' dir='ltr'><strong>tam</strong></span> <span class='ocrx_word' id='word_1_207' title='bbox 610 2005 804 2052; x_wconf 89' lang='lat' dir='ltr'><strong>delicato</strong></span> <span class='ocrx_word' id='word_1_208' title='bbox 843 2019 927 2052; x_wconf 93' lang='lat' dir='ltr'><strong>nec</strong></span> <span class='ocrx_word' id='word_1_209' title='bbox 972 2007 1057 2051; x_wconf 88' lang='lat' dir='ltr'><strong>nisi</strong></span> <span class='ocrx_word' id='word_1_210' title='bbox 1106 2004 1348 2067; x_wconf 89' lang='lat' dir='ltr'><strong>perpolitis</strong></span> <span class='ocrx_word' id='word_1_211' title='bbox 1396 2011 1532 2066; x_wconf 89' lang='lat' dir='ltr'><strong>atque</strong></span> <span class='ocrx_word' id='word_1_212' title='bbox 1572 2005 1845 2057; x_wconf 91' lang='lat' dir='ltr'><strong>sacharatis‚</strong></span> <span class='ocrx_word' id='word_1_213' title='bbox 1896 2006 2045 2067; x_wconf 88' lang='lat' dir='ltr'><strong>qualia</strong></span> <span class='ocrx_word' id='word_1_214' title='bbox 2093 2005 2304 2052; x_wconf 86' lang='lat' dir='ltr'><strong>nimirum</strong></span> 
     </span>
    </p>

    <p class='ocr_par' dir='ltr' id='par_1_14' title="bbox 0 2075 2305 2220">
     <span class='ocr_line' id='line_1_27' title="bbox 0 2075 2305 2220; baseline -0.001 -96"><span class='ocrx_word' id='word_1_215' title='bbox 0 2078 8 2220; x_wconf 62' lang='grc' dir='ltr'>Ι</span> <span class='ocrx_word' id='word_1_216' title='bbox 133 2078 236 2139; x_wconf 81' lang='lat' dir='ltr'><strong>ipse</strong></span> <span class='ocrx_word' id='word_1_217' title='bbox 270 2075 442 2161; x_wconf 78' lang='lat' dir='ltr'><strong>gignit,</strong></span> <span class='ocrx_word' id='word_1_218' title='bbox 492 2083 678 2124; x_wconf 90' lang='lat' dir='ltr'><strong>assueto</strong></span> <span class='ocrx_word' id='word_1_219' title='bbox 717 2077 961 2139; x_wconf 80' lang='lat' dir='ltr'><strong>parerent?</strong></span> <span class='ocrx_word' id='word_1_220' title='bbox 1075 2111 2305 2125; x_wconf 84' lang='grc'><strong>...............</strong></span> 
     </span>
     <span class='ocr_line' id='line_1_28' title="bbox 134 2149 2308 2210; baseline -0.001 -14"><span class='ocrx_word' id='word_1_221' title='bbox 134 2182 842 2196; x_wconf 88' lang='grc'><strong>.........</strong></span> <span class='ocrx_word' id='word_1_222' title='bbox 917 2161 1063 2210; x_wconf 83' lang='lat' dir='ltr'><strong>gerrae</strong></span> <span class='ocrx_word' id='word_1_223' title='bbox 1111 2161 1173 2197; x_wconf 87' lang='lat' dir='ltr'><strong>eae</strong></span> <span class='ocrx_word' id='word_1_224' title='bbox 1219 2153 1447 2196; x_wconf 86' lang='lat' dir='ltr'><strong>nostrates</strong></span> <span class='ocrx_word' id='word_1_225' title='bbox 1487 2162 1587 2210; x_wconf 84' lang='lat' dir='ltr'><strong>quae</strong></span> <span class='ocrx_word' id='word_1_226' title='bbox 1636 2149 1756 2210; x_wconf 92' lang='lat' dir='ltr'><strong>quod</strong></span> <span class='ocrx_word' id='word_1_227' title='bbox 1803 2162 1896 2195; x_wconf 92' lang='lat' dir='ltr'><strong>non</strong></span> <span class='ocrx_word' id='word_1_228' title='bbox 1935 2150 2117 2195; x_wconf 91' lang='lat' dir='ltr'><strong>omnino</strong></span> <span class='ocrx_word' id='word_1_229' title='bbox 2157 2150 2308 2209; x_wconf 90' lang='lat' dir='ltr'><strong>ingra-</strong></span> 
     </span>
    </p>
   </div>
   <div class='ocr_carea' id='block_1_7' title="bbox 0 2218 2308 3139">
    <p class='ocr_par' dir='ltr' id='par_1_15' title="bbox 0 2218 2308 3139">
     <span class='ocr_line' id='line_1_29' title="bbox 0 2218 2308 2291; baseline -0 -24"><span class='ocrx_word' id='word_1_230' title='bbox 0 2221 4 2291; x_wconf 65' lang='grc' dir='ltr'><strong><em>ζ</em></strong></span> <span class='ocrx_word' id='word_1_231' title='bbox 138 2226 209 2267; x_wconf 74' lang='lat' dir='ltr'><strong>tas</strong></span> <span class='ocrx_word' id='word_1_232' title='bbox 249 2218 330 2267; x_wconf 80' lang='lat' dir='ltr'><strong>tibi</strong></span> <span class='ocrx_word' id='word_1_233' title='bbox 367 2219 468 2267; x_wconf 79' lang='lat' dir='ltr'><strong>sore</strong></span> <span class='ocrx_word' id='word_1_234' title='bbox 504 2221 786 2282; x_wconf 87' lang='lat' dir='ltr'><strong>suspicarer,</strong></span> <span class='ocrx_word' id='word_1_235' title='bbox 825 2219 1053 2268; x_wconf 90' lang='lat' dir='ltr'><strong>scribendi</strong></span> <span class='ocrx_word' id='word_1_236' title='bbox 1079 2219 1408 2282; x_wconf 89' lang='lat' dir='ltr'><strong>aliquantulum</strong></span> <span class='ocrx_word' id='word_1_237' title='bbox 1434 2218 1682 2266; x_wconf 83' lang='lat' dir='ltr'><strong>fenestram</strong></span> <span class='ocrx_word' id='word_1_238' title='bbox 1708 2220 1818 2267; x_wconf 92' lang='lat' dir='ltr'><strong>mihi</strong></span> <span class='ocrx_word' id='word_1_239' title='bbox 1843 2227 2133 2282; x_wconf 91' lang='lat' dir='ltr'><strong>aperuerunt.</strong></span> <span class='ocrx_word' id='word_1_240' title='bbox 2193 2219 2308 2266; x_wconf 92' lang='lat' dir='ltr'><strong>Sunt</strong></span> 
     </span>
     <span class='ocr_line' id='line_1_30' title="bbox 0 2291 2306 2356; baseline -0 -17"><span class='ocrx_word' id='word_1_241' title='bbox 0 2313 2 2356; x_wconf 73' lang='lat' dir='ltr'>j</span> <span class='ocrx_word' id='word_1_242' title='bbox 77 2312 121 2347; x_wconf 80' lang='lat'><strong>25</strong></span> <span class='ocrx_word' id='word_1_243' title='bbox 135 2291 378 2340; x_wconf 80' lang='lat' dir='ltr'><strong>concordia</strong></span> <span class='ocrx_word' id='word_1_244' title='bbox 414 2298 463 2338; x_wconf 90' lang='lat' dir='ltr'><strong>et</strong></span> <span class='ocrx_word' id='word_1_245' title='bbox 498 2291 679 2353; x_wconf 88' lang='lat' dir='ltr'><strong>quidam</strong></span> <span class='ocrx_word' id='word_1_246' title='bbox 716 2291 841 2339; x_wconf 88' lang='lat' dir='ltr'><strong>velut</strong></span> <span class='ocrx_word' id='word_1_247' title='bbox 875 2302 1235 2354; x_wconf 79' lang='grc' dir='ltr'><strong>συγκρητισμος</strong></span> <span class='ocrx_word' id='word_1_248' title='bbox 1272 2306 1406 2353; x_wconf 89' lang='lat' dir='ltr'><strong>quem</strong></span> <span class='ocrx_word' id='word_1_249' title='bbox 1443 2293 1591 2338; x_wconf 89' lang='lat' dir='ltr'><strong>nostri</strong></span> <span class='ocrx_word' id='word_1_250' title='bbox 1630 2305 1733 2338; x_wconf 92' lang='lat' dir='ltr'><strong>sero</strong></span> <span class='ocrx_word' id='word_1_251' title='bbox 1761 2292 1956 2344; x_wconf 90' lang='lat' dir='ltr'><strong>tandem,</strong></span> <span class='ocrx_word' id='word_1_252' title='bbox 1994 2293 2060 2338; x_wconf 90' lang='lat' dir='ltr'><strong>uti</strong></span> <span class='ocrx_word' id='word_1_253' title='bbox 2086 2292 2306 2353; x_wconf 88' lang='lat' dir='ltr'><strong>Phryges,</strong></span> 
     </span>
     <span class='ocr_line' id='line_1_31' title="bbox 137 2362 2307 2426; baseline -0.003 -12"><span class='ocrx_word' id='word_1_254' title='bbox 137 2362 258 2415; x_wconf 80' lang='lat' dir='ltr'><strong>malo</strong></span> <span class='ocrx_word' id='word_1_255' title='bbox 297 2377 384 2411; x_wconf 88' lang='lat' dir='ltr'><strong>suo</strong></span> <span class='ocrx_word' id='word_1_256' title='bbox 422 2365 678 2426; x_wconf 87' lang='lat' dir='ltr'><strong>sapientes,</strong></span> <span class='ocrx_word' id='word_1_257' title='bbox 727 2378 829 2411; x_wconf 91' lang='lat' dir='ltr'><strong>cum</strong></span> <span class='ocrx_word' id='word_1_258' title='bbox 876 2365 1050 2426; x_wconf 90' lang='lat' dir='ltr'><strong>optimo</strong></span> <span class='ocrx_word' id='word_1_259' title='bbox 1089 2379 1141 2411; x_wconf 91' lang='lat' dir='ltr'><strong>ac</strong></span> <span class='ocrx_word' id='word_1_260' title='bbox 1178 2363 1554 2411; x_wconf 88' lang='lat' dir='ltr'><strong>innocentissimo</strong></span> <span class='ocrx_word' id='word_1_261' title='bbox 1592 2362 1817 2424; x_wconf 88' lang='lat' dir='ltr'><strong>Capnione</strong></span> <span class='ocrx_word' id='word_1_262' title='bbox 1855 2363 2130 2409; x_wconf 89' lang='lat' dir='ltr'><strong>meditantur</strong></span> <span class='ocrx_word' id='word_1_263' title='bbox 2168 2362 2307 2410; x_wconf 90' lang='lat' dir='ltr'><strong>confi-</strong></span> 
     </span>
     <span class='ocr_line' id='line_1_32' title="bbox 134 2433 2306 2496; baseline -0.001 -14"><span class='ocrx_word' id='word_1_264' title='bbox 134 2448 254 2483; x_wconf 87' lang='lat' dir='ltr'><strong>cere.</strong></span> <span class='ocrx_word' id='word_1_265' title='bbox 325 2433 454 2482; x_wconf 82' lang='lat' dir='ltr'><strong>Nosti</strong></span> <span class='ocrx_word' id='word_1_266' title='bbox 489 2436 703 2482; x_wconf 89' lang='lat' dir='ltr'><strong>nimirum</strong></span> <span class='ocrx_word' id='word_1_267' title='bbox 739 2449 842 2482; x_wconf 91' lang='lat' dir='ltr'><strong>cum</strong></span> <span class='ocrx_word' id='word_1_268' title='bbox 868 2442 967 2483; x_wconf 94' lang='lat' dir='ltr'><strong>toto</strong></span> <span class='ocrx_word' id='word_1_269' title='bbox 994 2435 1090 2482; x_wconf 85' lang='lat' dir='ltr'><strong>fere</strong></span> <span class='ocrx_word' id='word_1_270' title='bbox 1114 2435 1295 2487; x_wconf 91' lang='lat' dir='ltr'><strong>mundo,</strong></span> <span class='ocrx_word' id='word_1_271' title='bbox 1334 2442 1386 2482; x_wconf 93' lang='lat' dir='ltr'><strong>ut</strong></span> <span class='ocrx_word' id='word_1_272' title='bbox 1414 2436 1695 2482; x_wconf 90' lang='lat' dir='ltr'><strong>teterrimum</strong></span> <span class='ocrx_word' id='word_1_273' title='bbox 1720 2436 1956 2496; x_wconf 86' lang='lat' dir='ltr'><strong>negotium</strong></span> <span class='ocrx_word' id='word_1_274' title='bbox 1984 2435 2077 2481; x_wconf 91' lang='lat' dir='ltr'><strong>viro</strong></span> <span class='ocrx_word' id='word_1_275' title='bbox 2105 2435 2306 2481; x_wconf 90' lang='lat' dir='ltr'><strong>omnium</strong></span> 
     </span>
     <span class='ocr_line' id='line_1_33' title="bbox 133 2505 2306 2568; baseline -0.001 -14"><span class='ocrx_word' id='word_1_276' title='bbox 133 2506 453 2554; x_wconf 81' lang='lat' dir='ltr'><strong>candidissimo</strong></span> <span class='ocrx_word' id='word_1_277' title='bbox 490 2506 896 2568; x_wconf 89' lang='lat' dir='ltr'><strong>literatissimoque</strong></span> <span class='ocrx_word' id='word_1_278' title='bbox 935 2508 1020 2554; x_wconf 91' lang='lat' dir='ltr'><strong>iam</strong></span> <span class='ocrx_word' id='word_1_279' title='bbox 1060 2509 1191 2554; x_wconf 90' lang='lat' dir='ltr'><strong>annis</strong></span> <span class='ocrx_word' id='word_1_280' title='bbox 1228 2507 1422 2568; x_wconf 89' lang='lat' dir='ltr'><strong>amplius</strong></span> <span class='ocrx_word' id='word_1_281' title='bbox 1459 2520 1559 2558; x_wconf 84' lang='lat' dir='ltr'><strong>sex,</strong></span> <span class='ocrx_word' id='word_1_282' title='bbox 1599 2519 1703 2552; x_wconf 90' lang='lat' dir='ltr'><strong>vere</strong></span> <span class='ocrx_word' id='word_1_283' title='bbox 1739 2513 1939 2558; x_wconf 90' lang='lat' dir='ltr'><strong>atratus,</strong></span> <span class='ocrx_word' id='word_1_284' title='bbox 1979 2520 2083 2553; x_wconf 91' lang='lat' dir='ltr'><strong>vere</strong></span> <span class='ocrx_word' id='word_1_285' title='bbox 2108 2512 2206 2552; x_wconf 92' lang='lat' dir='ltr'><strong>ater</strong></span> <span class='ocrx_word' id='word_1_286' title='bbox 2230 2505 2306 2552; x_wconf 93' lang='lat' dir='ltr'><strong>ille</strong></span> 
     </span>
     <span class='ocr_line' id='line_1_34' title="bbox 134 2577 2308 2640; baseline 0 -16"><span class='ocrx_word' id='word_1_287' title='bbox 134 2584 292 2626; x_wconf 80' lang='lat' dir='ltr'><strong>noster</strong></span> <span class='ocrx_word' id='word_1_288' title='bbox 327 2577 604 2640; x_wconf 84' lang='lat' dir='ltr'><strong>Hogstratus</strong></span> <span class='ocrx_word' id='word_1_289' title='bbox 642 2578 918 2631; x_wconf 81' lang='lat' dir='ltr'><strong>exhibuerit,</strong></span> <span class='ocrx_word' id='word_1_290' title='bbox 970 2593 1119 2640; x_wconf 90' lang='lat' dir='ltr'><strong>neque</strong></span> <span class='ocrx_word' id='word_1_291' title='bbox 1165 2580 1262 2625; x_wconf 91' lang='lat' dir='ltr'><strong>sine</strong></span> <span class='ocrx_word' id='word_1_292' title='bbox 1311 2580 1481 2639; x_wconf 87' lang='lat' dir='ltr'><strong>ingenti</strong></span> <span class='ocrx_word' id='word_1_293' title='bbox 1534 2580 1679 2625; x_wconf 91' lang='lat' dir='ltr'><strong>nostri</strong></span> <span class='ocrx_word' id='word_1_294' title='bbox 1727 2578 1961 2629; x_wconf 71' lang='lat' dir='ltr'><strong>condono,</strong></span> <span class='ocrx_word' id='word_1_295' title='bbox 2010 2578 2055 2624; x_wconf 93' lang='lat' dir='ltr'><strong>id</strong></span> <span class='ocrx_word' id='word_1_296' title='bbox 2102 2578 2223 2639; x_wconf 91' lang='lat' dir='ltr'><strong>quod</strong></span> <span class='ocrx_word' id='word_1_297' title='bbox 2263 2583 2308 2624; x_wconf 88' lang='lat' dir='ltr'><strong>et</strong></span> 
     </span>
     <span class='ocr_line' id='line_1_35' title="bbox 82 2613 2308 2712; baseline -0.001 -14.97"><span class='ocrx_word' id='word_1_298' title='bbox 82 2650 291 2712; x_wconf 82' lang='lat' dir='ltr'><strong>30ipsum</strong></span> <span class='ocrx_word' id='word_1_299' title='bbox 329 2648 410 2696; x_wconf 82' lang='lat' dir='ltr'><strong>tibi</strong></span> <span class='ocrx_word' id='word_1_300' title='bbox 447 2664 686 2698; x_wconf 89' lang='lat' dir='ltr'><strong>commune</strong></span> <span class='ocrx_word' id='word_1_301' title='bbox 723 2665 825 2697; x_wconf 89' lang='lat' dir='ltr'><strong>cum</strong></span> <span class='ocrx_word' id='word_1_302' title='bbox 863 2651 1011 2698; x_wconf 92' lang='lat' dir='ltr'><strong>doctis</strong></span> <span class='ocrx_word' id='word_1_303' title='bbox 1048 2650 1272 2711; x_wconf 89' lang='lat' dir='ltr'><strong>bonisque</strong></span> <span class='ocrx_word' id='word_1_304' title='bbox 1300 2613 1510 2697; x_wconf 59' lang='lat' dir='ltr'><strong>omonihus</strong></span> <span class='ocrx_word' id='word_1_305' title='bbox 1538 2649 1649 2696; x_wconf 83' lang='lat' dir='ltr'><strong>suit:</strong></span> <span class='ocrx_word' id='word_1_306' title='bbox 1689 2649 1799 2697; x_wconf 92' lang='lat' dir='ltr'><strong>adeo</strong></span> <span class='ocrx_word' id='word_1_307' title='bbox 1826 2650 1932 2696; x_wconf 89' lang='lat' dir='ltr'><strong>mali</strong></span> <span class='ocrx_word' id='word_1_308' title='bbox 1958 2650 2095 2696; x_wconf 91' lang='lat' dir='ltr'><strong>huius</strong></span> <span class='ocrx_word' id='word_1_309' title='bbox 2130 2649 2308 2696; x_wconf 85' lang='lat' dir='ltr'><strong>flamma</strong></span> 
     </span>
     <span class='ocr_line' id='line_1_36' title="bbox 139 2720 2307 2802; baseline -0.001 -33"><span class='ocrx_word' id='word_1_310' title='bbox 139 2736 166 2769; x_wconf 82' lang='lat' dir='ltr'><strong>a</strong></span> <span class='ocrx_word' id='word_1_311' title='bbox 199 2720 278 2768; x_wconf 84' lang='lat' dir='ltr'><strong>vili</strong></span> <span class='ocrx_word' id='word_1_312' title='bbox 313 2720 508 2783; x_wconf 88' lang='lat' dir='ltr'><strong>primum</strong></span> <span class='ocrx_word' id='word_1_313' title='bbox 546 2723 842 2802; x_wconf 88' lang='lat' dir='ltr'><strong>pessimeque</strong></span> <span class='ocrx_word' id='word_1_314' title='bbox 871 2722 1079 2769; x_wconf 89' lang='lat' dir='ltr'><strong>audiente</strong></span> <span class='ocrx_word' id='word_1_315' title='bbox 1106 2721 1254 2799; x_wconf 90' lang='lat' dir='ltr'><strong>Verpo</strong></span> <span class='ocrx_word' id='word_1_316' title='bbox 1293 2723 1507 2774; x_wconf 87' lang='lat' dir='ltr'><strong>excitata,</strong></span> <span class='ocrx_word' id='word_1_317' title='bbox 1547 2721 1650 2770; x_wconf 89' lang='lat' dir='ltr'><strong>dein</strong></span> <span class='ocrx_word' id='word_1_318' title='bbox 1689 2736 1714 2768; x_wconf 89' lang='lat' dir='ltr'><strong>a</strong></span> <span class='ocrx_word' id='word_1_319' title='bbox 1750 2728 1913 2768; x_wconf 90' lang='lat' dir='ltr'><strong>nostro</strong></span> <span class='ocrx_word' id='word_1_320' title='bbox 1941 2721 2045 2773; x_wconf 93' lang='lat' dir='ltr'><strong>illo,</strong></span> <span class='ocrx_word' id='word_1_321' title='bbox 2084 2735 2174 2767; x_wconf 92' lang='lat' dir='ltr'><strong>non</strong></span> <span class='ocrx_word' id='word_1_322' title='bbox 2211 2722 2307 2767; x_wconf 90' lang='lat' dir='ltr'><strong>sine</strong></span> 
     </span>
     <span class='ocr_line' id='line_1_37' title="bbox 134 2780 2308 2855; baseline -0.001 -15"><span class='ocrx_word' id='word_1_323' title='bbox 134 2792 494 2854; x_wconf 70' lang='lat' dir='ltr'><strong>praesentissimo</strong></span> <span class='ocrx_word' id='word_1_324' title='bbox 531 2807 620 2853; x_wconf 86' lang='grc' dir='ltr'><strong>της</strong></span> <span class='ocrx_word' id='word_1_325' title='bbox 655 2781 776 2853; x_wconf 77' lang='grc' dir='ltr'><strong><em>ἄτης</em></strong></span> <span class='ocrx_word' id='word_1_326' title='bbox 810 2782 843 2854; x_wconf 78' lang='grc' dir='ltr'><em>ἡ</em></span> <span class='ocrx_word' id='word_1_327' title='bbox 881 2807 1068 2850; x_wconf 84' lang='grc' dir='ltr'><strong><em>παντας</em></strong></span> <span class='ocrx_word' id='word_1_328' title='bbox 1104 2780 1251 2839; x_wconf 78' lang='grc' dir='ltr'>ἄαται</span> <span class='ocrx_word' id='word_1_329' title='bbox 1290 2793 1472 2846; x_wconf 84' lang='lat' dir='ltr'><strong>auxilio,</strong></span> <span class='ocrx_word' id='word_1_330' title='bbox 1513 2808 1600 2855; x_wconf 89' lang='lat' dir='ltr'><strong>qua</strong></span> <span class='ocrx_word' id='word_1_331' title='bbox 1638 2799 1765 2855; x_wconf 89' lang='lat' dir='ltr'><strong>patet</strong></span> <span class='ocrx_word' id='word_1_332' title='bbox 1801 2792 1924 2839; x_wconf 91' lang='lat' dir='ltr'><strong>orbis</strong></span> <span class='ocrx_word' id='word_1_333' title='bbox 1950 2792 2169 2854; x_wconf 91' lang='lat' dir='ltr'><strong>dispersa,</strong></span> <span class='ocrx_word' id='word_1_334' title='bbox 2209 2807 2308 2838; x_wconf 89' lang='lat' dir='ltr'><strong>cor-</strong></span> 
     </span>
     <span class='ocr_line' id='line_1_38' title="bbox 135 2863 2307 2947; baseline 0 -37"><span class='ocrx_word' id='word_1_335' title='bbox 135 2865 280 2927; x_wconf 89' lang='lat' dir='ltr'><strong>ripuit</strong></span> <span class='ocrx_word' id='word_1_336' title='bbox 316 2863 594 2926; x_wconf 87' lang='lat' dir='ltr'><strong>involvitque</strong></span> <span class='ocrx_word' id='word_1_337' title='bbox 631 2863 825 2918; x_wconf 91' lang='lat' dir='ltr'><strong>multos,</strong></span> <span class='ocrx_word' id='word_1_338' title='bbox 875 2879 958 2913; x_wconf 90' lang='lat' dir='ltr'><strong>nec</strong></span> <span class='ocrx_word' id='word_1_339' title='bbox 1003 2865 1097 2912; x_wconf 88' lang='lat' dir='ltr'><strong>ulla</strong></span> <span class='ocrx_word' id='word_1_340' title='bbox 1133 2866 1309 2912; x_wconf 87' lang='lat' dir='ltr'><strong>ratione</strong></span> <span class='ocrx_word' id='word_1_341' title='bbox 1346 2866 1571 2944; x_wconf 89' lang='lat' dir='ltr'><strong>restingui</strong></span> <span class='ocrx_word' id='word_1_342' title='bbox 1609 2879 1755 2944; x_wconf 80' lang='lat' dir='ltr'><strong>usque</strong></span> <span class='ocrx_word' id='word_1_343' title='bbox 1793 2866 1838 2910; x_wconf 91' lang='lat' dir='ltr'><strong>in</strong></span> <span class='ocrx_word' id='word_1_344' title='bbox 1876 2870 2151 2947; x_wconf 82' lang='lat' dir='ltr'><strong>praesentem</strong></span> <span class='ocrx_word' id='word_1_345' title='bbox 2190 2864 2307 2910; x_wconf 89' lang='lat' dir='ltr'><strong>diem</strong></span> 
     </span>
     <span class='ocr_line' id='line_1_39' title="bbox 0 2934 2307 2998; baseline -0.001 -15"><span class='ocrx_word' id='word_1_346' title='bbox 0 2948 12 2991; x_wconf 70' lang='lat' dir='ltr'><strong>z·</strong></span> <span class='ocrx_word' id='word_1_347' title='bbox 134 2936 311 2998; x_wconf 86' lang='lat' dir='ltr'><strong>potuit,</strong></span> <span class='ocrx_word' id='word_1_348' title='bbox 348 2937 507 2997; x_wconf 86' lang='lat' dir='ltr'><strong>paucis</strong></span> <span class='ocrx_word' id='word_1_349' title='bbox 545 2936 726 2998; x_wconf 90' lang='lat' dir='ltr'><strong>quidem</strong></span> <span class='ocrx_word' id='word_1_350' title='bbox 763 2950 816 2984; x_wconf 86' lang='lat' dir='ltr'><strong>ex</strong></span> <span class='ocrx_word' id='word_1_351' title='bbox 852 2938 1023 2984; x_wconf 90' lang='lat' dir='ltr'><strong>nostris</strong></span> <span class='ocrx_word' id='word_1_352' title='bbox 1061 2936 1316 2984; x_wconf 77' lang='lat' dir='ltr'><strong>faventibus</strong></span> <span class='ocrx_word' id='word_1_353' title='bbox 1354 2937 1422 2990; x_wconf 91' lang='lat' dir='ltr'><strong>ei,</strong></span> <span class='ocrx_word' id='word_1_354' title='bbox 1471 2937 1575 2998; x_wconf 88' lang='lat' dir='ltr'><strong>plus</strong></span> <span class='ocrx_word' id='word_1_355' title='bbox 1612 2937 1752 2983; x_wconf 87' lang='lat' dir='ltr'><strong>nimio</strong></span> <span class='ocrx_word' id='word_1_356' title='bbox 1792 2934 2074 2983; x_wconf 84' lang='lat' dir='ltr'><strong>cessantibus</strong></span> <span class='ocrx_word' id='word_1_357' title='bbox 2113 2935 2168 2982; x_wconf 90' lang='lat' dir='ltr'><strong>iis</strong></span> <span class='ocrx_word' id='word_1_358' title='bbox 2208 2936 2307 2996; x_wconf 90' lang='lat' dir='ltr'><strong>qui-</strong></span> 
     </span>
     <span class='ocr_line' id='line_1_40' title="bbox 0 2993 2308 3075; baseline -0.001 -20"><span class='ocrx_word' id='word_1_359' title='bbox 0 2993 13 3075; x_wconf 59' lang='grc' dir='ltr'><strong>ξ.</strong></span> <span class='ocrx_word' id='word_1_360' title='bbox 80 3005 226 3064; x_wconf 75' lang='lat' dir='ltr'><strong>35bus</strong></span> <span class='ocrx_word' id='word_1_361' title='bbox 262 3006 383 3054; x_wconf 89' lang='lat' dir='ltr'><strong>haud</strong></span> <span class='ocrx_word' id='word_1_362' title='bbox 418 3006 605 3069; x_wconf 85' lang='lat' dir='ltr'><strong>perinde</strong></span> <span class='ocrx_word' id='word_1_363' title='bbox 641 3007 827 3055; x_wconf 81' lang='lat' dir='ltr'><strong>difficile</strong></span> <span class='ocrx_word' id='word_1_364' title='bbox 863 3010 1004 3071; x_wconf 92' lang='lat' dir='ltr'><strong>ipsam</strong></span> <span class='ocrx_word' id='word_1_365' title='bbox 1054 3008 1302 3070; x_wconf 84' lang='lat' dir='ltr'><strong>reprimere</strong></span> <span class='ocrx_word' id='word_1_366' title='bbox 1349 3008 1522 3062; x_wconf 84' lang='lat' dir='ltr'><strong>fuerat,</strong></span> <span class='ocrx_word' id='word_1_367' title='bbox 1572 3008 1706 3055; x_wconf 89' lang='lat' dir='ltr'><strong>modo</strong></span> <span class='ocrx_word' id='word_1_368' title='bbox 1755 3008 1946 3054; x_wconf 88' lang='lat' dir='ltr'><strong>animam</strong></span> <span class='ocrx_word' id='word_1_369' title='bbox 1995 3006 2131 3054; x_wconf 90' lang='lat' dir='ltr'><strong>tantis</strong></span> <span class='ocrx_word' id='word_1_370' title='bbox 2177 3006 2308 3053; x_wconf 90' lang='lat' dir='ltr'><strong>malis</strong></span> 
     </span>
     <span class='ocr_line' id='line_1_41' title="bbox 140 3078 2308 3139; baseline -0.001 -13"><span class='ocrx_word' id='word_1_371' title='bbox 140 3078 373 3126; x_wconf 83' lang='lat' dir='ltr'><strong>advertere</strong></span> <span class='ocrx_word' id='word_1_372' title='bbox 408 3078 673 3126; x_wconf 87' lang='lat' dir='ltr'><strong>voluissent.</strong></span> <span class='ocrx_word' id='word_1_373' title='bbox 749 3079 836 3127; x_wconf 92' lang='lat' dir='ltr'><strong>Sed</strong></span> <span class='ocrx_word' id='word_1_374' title='bbox 871 3095 963 3127; x_wconf 89' lang='lat' dir='ltr'><strong>non</strong></span> <span class='ocrx_word' id='word_1_375' title='bbox 1002 3081 1065 3128; x_wconf 87' lang='lat' dir='ltr'><strong>ita</strong></span> <span class='ocrx_word' id='word_1_376' title='bbox 1100 3082 1243 3128; x_wconf 86' lang='lat' dir='ltr'><strong>visum</strong></span> <span class='ocrx_word' id='word_1_377' title='bbox 1280 3079 1368 3128; x_wconf 90' lang='lat' dir='ltr'><strong>Deo</strong></span> <span class='ocrx_word' id='word_1_378' title='bbox 1408 3083 1480 3128; x_wconf 91' lang='lat' dir='ltr'><strong>cui</strong></span> <span class='ocrx_word' id='word_1_379' title='bbox 1517 3087 1673 3127; x_wconf 89' lang='lat' dir='ltr'><strong>nostra</strong></span> <span class='ocrx_word' id='word_1_380' title='bbox 1712 3079 1878 3126; x_wconf 84' lang='lat' dir='ltr'><strong>familia</strong></span> <span class='ocrx_word' id='word_1_381' title='bbox 1915 3079 2187 3139; x_wconf 69' lang='lat' dir='ltr'><strong>arrogantiae</strong></span> <span class='ocrx_word' id='word_1_382' title='bbox 2226 3080 2308 3124; x_wconf 88' lang='lat' dir='ltr'><strong>im-</strong></span> 
     </span>
    </p>
   </div>
   <div class='ocr_carea' id='block_1_8' title="bbox 0 3131 2307 3214">
    <p class='ocr_par' dir='ltr' id='par_1_16' title="bbox 0 3131 2307 3214">
     <span class='ocr_line' id='line_1_42' title="bbox 0 3131 2307 3214; baseline 0 -19"><span class='ocrx_word' id='word_1_383' title='bbox 0 3131 12 3195; x_wconf 56' lang='lat' dir='ltr'>f</span> <span class='ocrx_word' id='word_1_384' title='bbox 135 3149 459 3213; x_wconf 81' lang='lat' dir='ltr'><strong>pudentiaeque</strong></span> <span class='ocrx_word' id='word_1_385' title='bbox 504 3152 684 3198; x_wconf 88' lang='lat' dir='ltr'><strong>nomine</strong></span> <span class='ocrx_word' id='word_1_386' title='bbox 730 3158 819 3198; x_wconf 89' lang='lat' dir='ltr'><strong>tam</strong></span> <span class='ocrx_word' id='word_1_387' title='bbox 868 3154 1031 3205; x_wconf 91' lang='lat' dir='ltr'><strong>invisa,</strong></span> <span class='ocrx_word' id='word_1_388' title='bbox 1063 3157 1218 3213; x_wconf 86' lang='lat' dir='ltr'><strong>&#39;quam</strong></span> <span class='ocrx_word' id='word_1_389' title='bbox 1256 3159 1327 3199; x_wconf 92' lang='lat' dir='ltr'><strong>est</strong></span> <span class='ocrx_word' id='word_1_390' title='bbox 1366 3153 1485 3214; x_wconf 92' lang='lat' dir='ltr'><strong>apud</strong></span> <span class='ocrx_word' id='word_1_391' title='bbox 1523 3152 1729 3199; x_wconf 89' lang='lat' dir='ltr'><strong>homines</strong></span> <span class='ocrx_word' id='word_1_392' title='bbox 1777 3151 1970 3198; x_wconf 76' lang='lat' dir='ltr'><strong>infamis,</strong></span> <span class='ocrx_word' id='word_1_393' title='bbox 2047 3150 2164 3198; x_wconf 88' lang='lat' dir='ltr'><strong>Satis</strong></span> <span class='ocrx_word' id='word_1_394' title='bbox 2214 3165 2307 3211; x_wconf 84' lang='lat' dir='ltr'><strong>poe·</strong></span> 
     </span>
    </p>
   </div>
   <div class='ocr_carea' id='block_1_9' title="bbox 1056 3265 1380 3270">
    <p class='ocr_par' dir='ltr' id='par_1_17' title="bbox 1056 3265 1380 3270">
     <span class='ocr_line' id='line_1_43' title="bbox 1056 3265 1380 3270; baseline 0 0"><span class='ocrx_word' id='word_1_395' title='bbox 1056 3265 1380 3270; x_wconf 95' lang='lat' dir='ltr'><strong> </strong></span> 
     </span>
    </p>
   </div>
   <div class='ocr_carea' id='block_1_10' title="bbox 134 3301 2306 3645">
    <p class='ocr_par' dir='ltr' id='par_1_18' title="bbox 135 3301 2304 3361">
     <span class='ocr_line' id='line_1_44' title="bbox 135 3301 2304 3361; baseline -0 -16"><span class='ocrx_word' id='word_1_396' title='bbox 135 3303 206 3345; x_wconf 83' lang='lat' dir='ltr'><strong>Ex</strong></span> <span class='ocrx_word' id='word_1_397' title='bbox 236 3302 331 3345; x_wconf 78' lang='lat' dir='ltr'><strong>MS.</strong></span> <span class='ocrx_word' id='word_1_398' title='bbox 353 3301 467 3345; x_wconf 89' lang='lat' dir='ltr'><strong>bibl.</strong></span> <span class='ocrx_word' id='word_1_399' title='bbox 491 3302 841 3347; x_wconf 80' lang='lat' dir='ltr'><strong>Sletstadiensis</strong></span> <span class='ocrx_word' id='word_1_400' title='bbox 879 3309 1045 3361; x_wconf 85' lang='lat' dir='ltr'><strong>rogatu</strong></span> <span class='ocrx_word' id='word_1_401' title='bbox 1083 3319 1185 3348; x_wconf 91' lang='lat' dir='ltr'><strong>meo</strong></span> <span class='ocrx_word' id='word_1_402' title='bbox 1224 3306 1518 3360; x_wconf 81' lang='lat' dir='ltr'><strong>transcripsit</strong></span> <span class='ocrx_word' id='word_1_403' title='bbox 1556 3306 1626 3348; x_wconf 90' lang='lat' dir='ltr'><strong>vir</strong></span> <span class='ocrx_word' id='word_1_404' title='bbox 1656 3304 2012 3347; x_wconf 81' lang='lat' dir='ltr'><strong>humanissimus</strong></span> <span class='ocrx_word' id='word_1_405' title='bbox 2044 3318 2138 3347; x_wconf 90' lang='lat' dir='ltr'><strong>rev.</strong></span> <span class='ocrx_word' id='word_1_406' title='bbox 2162 3304 2304 3346; x_wconf 88' lang='lat' dir='ltr'><strong>theol.</strong></span> 
     </span>
    </p>

    <p class='ocr_par' dir='ltr' id='par_1_19' title="bbox 134 3373 2303 3432">
     <span class='ocr_line' id='line_1_45' title="bbox 134 3373 2303 3432; baseline 0 -17"><span class='ocrx_word' id='word_1_407' title='bbox 134 3374 217 3416; x_wconf 87' lang='lat' dir='ltr'><strong>Dr.</strong></span> <span class='ocrx_word' id='word_1_408' title='bbox 238 3374 304 3418; x_wconf 92' lang='lat' dir='ltr'><strong>Io.</strong></span> <span class='ocrx_word' id='word_1_409' title='bbox 326 3373 467 3415; x_wconf 86' lang='lat' dir='ltr'><strong>wilh.</strong></span> <span class='ocrx_word' id='word_1_410' title='bbox 491 3375 731 3425; x_wconf 67' lang='lat' dir='ltr'><strong>Rammius,</strong></span> <span class='ocrx_word' id='word_1_411' title='bbox 766 3377 894 3418; x_wconf 84' lang='lat' dir='ltr'><strong>cuiue</strong></span> <span class='ocrx_word' id='word_1_412' title='bbox 928 3377 1186 3432; x_wconf 86' lang='lat' dir='ltr'><strong>exemplum</strong></span> <span class='ocrx_word' id='word_1_413' title='bbox 1217 3392 1287 3432; x_wconf 86' lang='lat' dir='ltr'><strong>ap.</strong></span> <span class='ocrx_word' id='word_1_414' title='bbox 1324 3378 1374 3430; x_wconf 91' lang='lat' dir='ltr'><strong>(i.</strong></span> <span class='ocrx_word' id='word_1_415' title='bbox 1400 3391 1439 3420; x_wconf 93' lang='lat' dir='ltr'><strong>e.</strong></span> <span class='ocrx_word' id='word_1_416' title='bbox 1465 3377 1796 3432; x_wconf 83' lang='lat' dir='ltr'><strong>apographum)</strong></span> <span class='ocrx_word' id='word_1_417' title='bbox 1830 3376 1878 3417; x_wconf 91' lang='lat' dir='ltr'><strong>in</strong></span> <span class='ocrx_word' id='word_1_418' title='bbox 1909 3376 2210 3419; x_wconf 82' lang='lat' dir='ltr'><strong>adnotatione</strong></span> <span class='ocrx_word' id='word_1_419' title='bbox 2245 3376 2303 3416; x_wconf 89' lang='lat' dir='ltr'><strong>si-</strong></span> 
     </span>
    </p>

    <p class='ocr_par' dir='ltr' id='par_1_20' title="bbox 138 3444 2306 3503">
     <span class='ocr_line' id='line_1_46' title="bbox 138 3444 2306 3503; baseline 0 -17"><span class='ocrx_word' id='word_1_420' title='bbox 138 3444 403 3500; x_wconf 79' lang='lat' dir='ltr'><strong>gnificatur.</strong></span> <span class='ocrx_word' id='word_1_421' title='bbox 461 3445 594 3488; x_wconf 88' lang='lat' dir='ltr'><strong>Prior</strong></span> <span class='ocrx_word' id='word_1_422' title='bbox 631 3446 766 3488; x_wconf 79' lang='lat' dir='ltr'><strong>huius</strong></span> <span class='ocrx_word' id='word_1_423' title='bbox 807 3447 1016 3502; x_wconf 81' lang='lat' dir='ltr'><strong>epistolae</strong></span> <span class='ocrx_word' id='word_1_424' title='bbox 1057 3449 1116 3490; x_wconf 85' lang='lat' dir='ltr'><strong>ab</strong></span> <span class='ocrx_word' id='word_1_425' title='bbox 1158 3449 1274 3500; x_wconf 83' lang='lat' dir='ltr'><strong>alia,</strong></span> <span class='ocrx_word' id='word_1_426' title='bbox 1317 3449 1543 3503; x_wconf 86' lang='lat' dir='ltr'><strong>posterior</strong></span> <span class='ocrx_word' id='word_1_427' title='bbox 1582 3448 1690 3490; x_wconf 87' lang='lat' dir='ltr'><strong>inde</strong></span> <span class='ocrx_word' id='word_1_428' title='bbox 1731 3462 1758 3490; x_wconf 83' lang='lat' dir='ltr'><strong>a</strong></span> <span class='ocrx_word' id='word_1_429' title='bbox 1797 3448 1953 3491; x_wconf 82' lang='lat' dir='ltr'><strong>verbis</strong></span> <span class='ocrx_word' id='word_1_430' title='bbox 1992 3449 2097 3490; x_wconf 79' lang='lat' dir='ltr'><strong>illud</strong></span> <span class='ocrx_word' id='word_1_431' title='bbox 2125 3454 2306 3501; x_wconf 70' lang='lat' dir='ltr'><strong>captans</strong></span> 
     </span>
    </p>

    <p class='ocr_par' dir='ltr' id='par_1_21' title="bbox 137 3514 2302 3645">
     <span class='ocr_line' id='line_1_47' title="bbox 137 3514 2302 3573; baseline 0.001 -16"><span class='ocrx_word' id='word_1_432' title='bbox 137 3514 196 3558; x_wconf 69' lang='lat' dir='ltr'><strong>ab</strong></span> <span class='ocrx_word' id='word_1_433' title='bbox 234 3515 338 3570; x_wconf 75' lang='lat' dir='ltr'><strong>ipsa</strong></span> <span class='ocrx_word' id='word_1_434' title='bbox 367 3515 536 3557; x_wconf 84' lang='lat' dir='ltr'><strong>Buceri</strong></span> <span class='ocrx_word' id='word_1_435' title='bbox 575 3530 712 3558; x_wconf 81' lang='lat' dir='ltr'><strong>manu</strong></span> <span class='ocrx_word' id='word_1_436' title='bbox 750 3519 937 3573; x_wconf 84' lang='lat' dir='ltr'><strong>scriptae</strong></span> <span class='ocrx_word' id='word_1_437' title='bbox 976 3522 1095 3562; x_wconf 81' lang='lat' dir='ltr'><strong>sunt.</strong></span> <span class='ocrx_word' id='word_1_438' title='bbox 1154 3520 1257 3561; x_wconf 90' lang='lat' dir='ltr'><strong>Non</strong></span> <span class='ocrx_word' id='word_1_439' title='bbox 1296 3519 1425 3561; x_wconf 85' lang='lat' dir='ltr'><strong>nulla</strong></span> <span class='ocrx_word' id='word_1_440' title='bbox 1466 3533 1566 3561; x_wconf 89' lang='lat' dir='ltr'><strong>cum</strong></span> <span class='ocrx_word' id='word_1_441' title='bbox 1607 3520 1664 3561; x_wconf 85' lang='lat' dir='ltr'><strong>ad</strong></span> <span class='ocrx_word' id='word_1_442' title='bbox 1695 3534 1790 3561; x_wconf 86' lang='lat' dir='ltr'><strong>rem</strong></span> <span class='ocrx_word' id='word_1_443' title='bbox 1821 3524 2023 3562; x_wconf 84' lang='lat' dir='ltr'><strong>nostram</strong></span> <span class='ocrx_word' id='word_1_444' title='bbox 2055 3533 2145 3561; x_wconf 89' lang='lat' dir='ltr'><strong>non</strong></span> <span class='ocrx_word' id='word_1_445' title='bbox 2178 3520 2302 3560; x_wconf 82' lang='lat' dir='ltr'><strong>face-</strong></span> 
     </span>
     <span class='ocr_line' id='line_1_48' title="bbox 547 3590 1901 3645; baseline 0.002 -16"><span class='ocrx_word' id='word_1_446' title='bbox 547 3593 650 3630; x_wconf 86' lang='lat' dir='ltr'><strong>rent</strong></span> <span class='ocrx_word' id='word_1_447' title='bbox 681 3590 937 3640; x_wconf 83' lang='lat' dir='ltr'><strong>omisimus,</strong></span> <span class='ocrx_word' id='word_1_448' title='bbox 972 3591 1092 3643; x_wconf 89' lang='lat' dir='ltr'><strong>quod</strong></span> <span class='ocrx_word' id='word_1_449' title='bbox 1122 3591 1306 3644; x_wconf 80' lang='lat' dir='ltr'><strong>punctis</strong></span> <span class='ocrx_word' id='word_1_450' title='bbox 1336 3591 1500 3645; x_wconf 81' lang='lat' dir='ltr'><strong>positis</strong></span> <span class='ocrx_word' id='word_1_451' title='bbox 1532 3590 1785 3632; x_wconf 86' lang='lat' dir='ltr'><strong>indicatum</strong></span> <span class='ocrx_word' id='word_1_452' title='bbox 1817 3595 1901 3633; x_wconf 80' lang='lat' dir='ltr'><strong>est.</strong></span> 
     </span>
    </p>
   </div>
   <div class='ocr_carea' id='block_1_11' title="bbox 136 3728 2298 4003">
    <p class='ocr_par' dir='ltr' id='par_1_22' title="bbox 136 3728 2298 4003">
     <span class='ocr_line' id='line_1_49' title="bbox 248 3728 2298 3790; baseline -0 -18"><span class='ocrx_word' id='word_1_453' title='bbox 248 3728 286 3757; x_wconf 56' lang='grc' dir='ltr'><em>η</em></span> <span class='ocrx_word' id='word_1_454' title='bbox 317 3729 571 3785; x_wconf 80' lang='lat' dir='ltr'><strong>nostrates]</strong></span> <span class='ocrx_word' id='word_1_455' title='bbox 601 3732 632 3774; x_wconf 88' lang='lat' dir='ltr'><strong>i.</strong></span> <span class='ocrx_word' id='word_1_456' title='bbox 658 3745 699 3773; x_wconf 90' lang='lat' dir='ltr'><strong>e.</strong></span> <span class='ocrx_word' id='word_1_457' title='bbox 720 3737 890 3775; x_wconf 81' lang='lat' dir='ltr'><strong>nostrae</strong></span> <span class='ocrx_word' id='word_1_458' title='bbox 921 3733 1345 3775; x_wconf 85' lang='lat' dir='ltr'><strong>Dominicanorum.</strong></span> <span class='ocrx_word' id='word_1_459' title='bbox 1453 3733 1490 3761; x_wconf 78' lang='lat'><strong>²⁵</strong></span> <span class='ocrx_word' id='word_1_460' title='bbox 1522 3746 1856 3790; x_wconf 77' lang='grc' dir='ltr'>συγκρετισμος</span> <span class='ocrx_word' id='word_1_461' title='bbox 1888 3749 1959 3789; x_wconf 83' lang='lat' dir='ltr'><strong>ap.</strong></span> <span class='ocrx_word' id='word_1_462' title='bbox 2058 3732 2093 3759; x_wconf 81' lang='lat'><strong>²⁰</strong></span> <span class='ocrx_word' id='word_1_463' title='bbox 2125 3729 2298 3783; x_wconf 79' lang='lat' dir='ltr'><strong>noster]</strong></span> 
     </span>
     <span class='ocr_line' id='line_1_50' title="bbox 136 3800 2298 3859; baseline 0.001 -16"><span class='ocrx_word' id='word_1_464' title='bbox 136 3801 343 3844; x_wconf 72' lang='lat' dir='ltr'><strong>Bucerus</strong></span> <span class='ocrx_word' id='word_1_465' title='bbox 375 3816 477 3845; x_wconf 90' lang='lat' dir='ltr'><strong>cum</strong></span> <span class='ocrx_word' id='word_1_466' title='bbox 507 3803 608 3844; x_wconf 83' lang='lat' dir='ltr'><strong>haee</strong></span> <span class='ocrx_word' id='word_1_467' title='bbox 639 3803 889 3855; x_wconf 84' lang='lat' dir='ltr'><strong>scriberet,</strong></span> <span class='ocrx_word' id='word_1_468' title='bbox 924 3805 1023 3859; x_wconf 84' lang='lat' dir='ltr'><strong>ipse</strong></span> <span class='ocrx_word' id='word_1_469' title='bbox 1056 3805 1227 3848; x_wconf 87' lang='lat' dir='ltr'><strong>ordinis</strong></span> <span class='ocrx_word' id='word_1_470' title='bbox 1258 3806 1492 3848; x_wconf 91' lang='lat' dir='ltr'><strong>Dominici</strong></span> <span class='ocrx_word' id='word_1_471' title='bbox 1523 3806 1696 3849; x_wconf 79' lang='lat' dir='ltr'><strong>sodalis</strong></span> <span class='ocrx_word' id='word_1_472' title='bbox 1729 3810 1843 3848; x_wconf 88' lang='lat' dir='ltr'><strong>erat.</strong></span> <span class='ocrx_word' id='word_1_473' title='bbox 1943 3803 1976 3831; x_wconf 82' lang='lat'><strong>³¹</strong></span> <span class='ocrx_word' id='word_1_474' title='bbox 2008 3800 2180 3857; x_wconf 74' lang='lat' dir='ltr'><strong>Verpo]</strong></span> <span class='ocrx_word' id='word_1_475' title='bbox 2214 3804 2298 3843; x_wconf 83' lang='lat' dir='ltr'><strong>Pe-</strong></span> 
     </span>
     <span class='ocr_line' id='line_1_51' title="bbox 137 3871 2296 3931; baseline 0 -15"><span class='ocrx_word' id='word_1_476' title='bbox 137 3873 392 3927; x_wconf 78' lang='lat' dir='ltr'><strong>pericorno.</strong></span> <span class='ocrx_word' id='word_1_477' title='bbox 509 3873 546 3901; x_wconf 81' lang='lat'><strong>³²</strong></span> <span class='ocrx_word' id='word_1_478' title='bbox 584 3874 685 3917; x_wconf 84' lang='lat' dir='ltr'><strong>Atae</strong></span> <span class='ocrx_word' id='word_1_479' title='bbox 733 3873 856 3930; x_wconf 82' lang='lat' dir='ltr'><strong>[deae</strong></span> <span class='ocrx_word' id='word_1_480' title='bbox 896 3874 1085 3931; x_wconf 82' lang='lat' dir='ltr'><strong>Noxiae]</strong></span> <span class='ocrx_word' id='word_1_481' title='bbox 1128 3889 1228 3931; x_wconf 81' lang='lat' dir='ltr'><strong>quae</strong></span> <span class='ocrx_word' id='word_1_482' title='bbox 1272 3878 1482 3919; x_wconf 87' lang='lat' dir='ltr'><strong>omnibus</strong></span> <span class='ocrx_word' id='word_1_483' title='bbox 1521 3882 1671 3922; x_wconf 87' lang='lat' dir='ltr'><strong>nocet.</strong></span> <span class='ocrx_word' id='word_1_484' title='bbox 1722 3879 1848 3921; x_wconf 88' lang='lat' dir='ltr'><strong>llom.</strong></span> <span class='ocrx_word' id='word_1_485' title='bbox 1879 3876 1933 3920; x_wconf 90' lang='lat'><strong>11.</strong></span> <span class='ocrx_word' id='word_1_486' title='bbox 1965 3875 2082 3916; x_wconf 89' lang='lat' dir='ltr'><strong>XIX.</strong></span> <span class='ocrx_word' id='word_1_487' title='bbox 2107 3873 2178 3913; x_wconf 73' lang='lat'><strong>91.</strong></span> <span class='ocrx_word' id='word_1_488' title='bbox 2205 3871 2296 3912; x_wconf 77' lang='grc'><strong>129.</strong></span> 
     </span>
     <span class='ocr_line' id='line_1_52' title="bbox 137 3941 1503 4003; baseline 0.007 -18"><span class='ocrx_word' id='word_1_489' title='bbox 137 3941 176 3985; x_wconf 83' lang='lat'><strong>.⁸⁴</strong></span> <span class='ocrx_word' id='word_1_490' title='bbox 205 3942 263 3998; x_wconf 90' lang='lat' dir='ltr'><strong>ei]</strong></span> <span class='ocrx_word' id='word_1_491' title='bbox 298 3945 337 3986; x_wconf 84' lang='lat' dir='ltr'><strong>si</strong></span> <span class='ocrx_word' id='word_1_492' title='bbox 369 3959 440 3999; x_wconf 83' lang='lat' dir='ltr'><strong>ap.</strong></span> <span class='ocrx_word' id='word_1_493' title='bbox 528 3945 564 3972; x_wconf 75' lang='lat'><strong>³⁶</strong></span> <span class='ocrx_word' id='word_1_494' title='bbox 594 3950 753 3989; x_wconf 77' lang='lat' dir='ltr'><strong>nostra</strong></span> <span class='ocrx_word' id='word_1_495' title='bbox 781 3945 978 4003; x_wconf 83' lang='lat' dir='ltr'><strong>familia]</strong></span> <span class='ocrx_word' id='word_1_496' title='bbox 1014 3949 1350 3992; x_wconf 64' lang='lat' dir='ltr'><strong>praedicatorum</strong></span> <span class='ocrx_word' id='word_1_497' title='bbox 1381 3951 1503 3995; x_wconf 84' lang='lat' dir='ltr'><strong>ordo.</strong></span> 
     </span>
    </p>
   </div>
  </div>
 </body>
</html>
