2456 4264
130 768 240 824 hiijb

129 1646 234 1700 fifjb

244 285 365 344 412

820 307 1015 337 0131*le
1037 308 1200 337 GRATII
1221 308 1449 352 EPISTOLA
1470 308 1807 341 APOLOGE'HGA.

579 438 723 486 Nullo
758 437 849 496 hec
883 439 1072 485 mutari
1098 439 1283 498 poterit
1311 451 1434 498 qens
1471 440 1696 501 improba
1732 440 1900 501 verbo,

656 579 658 581 Ι
687 520 923 581 Improba
959 535 1052 581 que
1086 534 1199 570 vere
1230 526 1323 584 est,
1364 526 1508 584 trux,
1543 526 1788 573 scelerata
1804 563 1815 585 ‚
1853 539 2052 587 rapax,

578 604 856 665 Lucifuqa‚
900 606 1206 669 inconstans,
1249 609 1384 655 nullo
1415 609 1662 657 mutabilis
1690 622 1798 672 evo,
1887 632 1890 633 ⁷

693 689 1026 738 Deucalionea
1064 692 1150 738 vix
1185 693 1477 740 renovanda
1507 706 1675 742 manu.
1711 691 1718 759 Ι

579 774 686 833 Hec
716 775 824 822 nive
855 773 1125 838 friqidior‚
1163 776 1241 823 vel
1273 789 1400 824 saxo
1437 778 1614 825 durior
1648 780 1802 835 omni,

692 858 793 907 Nec
829 861 990 907 minus
1026 859 1239 907 hircana
1275 862 1471 921 typride
1503 875 1619 920 seva
1655 864 1787 915 latet.

581 944 688 992 Hoc
723 946 882 992 scelus
911 944 1168 1004 indiqnum
1200 945 1368 1004 qelido
1404 946 1492 993 sub
1522 947 1674 995 corde
1709 950 1914 1006 volutat,

693 1028 758 1076 Et
793 1028 1011 1077 crudelis
1040 1030 1131 1077 alit
1158 1034 1366 1091 pectora
1400 1043 1519 1106 ceca
1545 1030 1719 1090 furor.

437 1184 477 1232 (Ι
517 1183 670 1233 Aliud
711 1186 763 1233 in
797 1183 980 1243 Iudeos
1024 1184 1095 1231 ad
1131 1184 1214 1232 dei
1243 1184 1442 1233 laudem
1477 1186 1612 1246 quod
1647 1201 1714 1235 ex
1749 1188 1848 1236 illis
1883 1189 2111 1236 nonnulli
2145 1188 2216 1236 ad

733 1268 884 1328 sidem
919 1272 1271 1318 convertantur
1303 1269 1631 1331 Epiyramma
1667 1272 1898 1320 eiusdem.

584 1383 770 1430 Crescit
802 1382 959 1430 honor
998 1381 1201 1441 Christi,
1235 1382 1478 1442 qaudent·
1485 1385 1576 1445 pia
1613 1387 1818 1433 numina
1846 1387 1973 1445 cel0,

695 1466 759 1514 Et
793 1467 926 1515 Iovis
961 1467 1149 1525 etherei
1175 1468 1369 1527 ,aaudia
1398 1473 1559 1516 mater
1588 1469 1749 1518 habet.

582 1551 828 1600 Exultant
865 1553 1056 1612 superi,
1094 1554 1253 1610 celum
1289 1554 1495 1612 letatur,
1535 1557 1583 1601 et
1616 1556 1772 1602 omnis
1831 1549 1852 1622 ΙΙ

700 1636 966 1696 Anqelicus
1001 1636 1190 1684 decimo
1217 1637 1406 1697 qaudet
1438 1638 1489 1685 in
1526 1638 1642 1686 orbe
1677 1639 1872 1688 chorus.

583 1721 783 1769 Gaudia
819 1722 1052 1769 mortales
1088 1722 1302 1781 acuant,
1337 1735 1463 1770 nova
1495 1723 1691 1782 qaudia
1727 1725 1942 1789 mundus

693 1804 929 1866 Suscipit,
959 1809 1009 1853 et
1034 1807 1126 1864 leto
1160 1806 1357 1854 scandit
1390 1806 1463 1854 ad
1493 1813 1635 1856 astra
1666 1809 1855 1868 qradu.

579 1891 707 1939 Nam
742 1889 929 1952 Solymi
950 1903 1109 1950 qenus
1141 1890 1326 1949 infelix
1360 1905 1620 1953 semenque
1654 1893 1972 1954 nephandum

700 1973 890 2035 Turpia
926 1988 1060 2023 nunc
1098 1976 1276 2036 tepidis
1305 1977 1501 2037 fletibus
1537 1990 1629 2026 ora
1660 1979 1846 2039 riqant.

581 2059 697 2107 Post
732 2059 1017 2121 lachrymas
1046 2059 1276 2118 fundunt
1305 2061 1471 2121 qelido
1509 2062 1571 2111 de
1598 2068 1799 2124 pectore
1835 2069 2058 2124 questus,

696 2144 759 2192 Et
783 2144 940 2203 furor
971 2146 1166 2194 immitis
1199 2146 1444 2206 lanquida
1483 2148 1642 2196 corda
1673 2147 1824 2207 fovet.

580 2230 841 2278 Plumbeus
877 2231 928 2277 in
966 2232 1100 2279 vultu
1128 2232 1264 2279 color
1294 2235 1385 2292 est,
1422 2237 1538 2280 sunt
1570 2233 1761 2282 lumina
1797 2247 1942 2293 ceca,

697 2314 959 2375 Aqqravat
995 2317 1223 2376 inqratus
1254 2317 1430 2377 segnia
1468 2317 1689 2366 membra
1727 2319 1884 2367 dolor.

586 2399 718 2458 Quid
748 2396 965 2449 mirum?
1000 2401 1225 2450 cecidere
1261 2413 1452 2465 omnes,
1489 2403 1698 2464 victique
1729 2409 2015 2466 repuqnant

697 2483 897 2533 Artibus
933 2485 1157 2550 incultis,
1187 2485 1508 2548 femineaque
1544 2500 1713 2537 manu.

582 2568 688 2617 Non
731 2568 898 2638 Latio,
936 2582 1034 2618 non
1064 2570 1249 2628 hostili,
1288 2583 1385 2619 non
1422 2572 1633 2634 denique
1668 2577 1858 2633 nostr0,

695 2653 799 2702 Sed
823 2655 1033 2721 recutita
1070 2668 1158 2704 suo
1191 2657 1408 2705 concidit
1432 2671 1548 2707 ense
1583 2659 1773 2707 cohors.

582 2738 689 2788 Hoc
724 2752 848 2801 opus
878 2753 911 2787 a
940 2742 1104 2789 multis
1138 2743 1331 2802 aqitur‚
1370 2744 1457 2803 qui
1490 2747 1617 2792 tecta
1653 2746 1918 2802 malorum,

696 2823 1100 2886 Sacrilequmque
1127 2827 1276 2875 simul
1311 2826 1576 2898 deseruere
1607 2841 1780 2889 qenus.

653 2980 695 3027 (Ι
730 2980 795 3028 In
830 2983 1116 3031 memoriam
1150 2981 1479 3032 honestissimi
1513 2983 1872 3046 doctissimique
1906 2985 2004 3033 viri
2072 3009 2078 3015 ·

500 3065 688 3114 domini
719 3070 767 3114 et
800 3068 1027 3126 maqistri
1058 3067 1323 3117 Ioannis
1368 3061 1635 3129 Wanqer
1677 3070 1751 3118 de
1786 3069 2142 3129 Nurtinqen
2179 3113 2182 3115 s

506 3165 650 3210 sacre
682 3151 918 3212 theoloqie
953 3154 1194 3201 licentiati
1204 3180 1221 3213 ,-
1249 3151 1633 3215 Aqrippinensis
1668 3167 1859 3215 quoque
1880 3155 2133 3215 qymnasii

583 3236 742 3296 (quod
773 3238 930 3285 nostri
952 3239 1197 3285 lauretum
1213 3274 1226 3298 ‚
1253 3240 1398 3298 qreci
1431 3252 1546 3287 vero
1570 3239 1840 3301 daphnona
1865 3242 2063 3301 vocant)

1087 3325 1303 3382 reqentis
1334 3324 1558 3384 providi,

545 3403 755 3453 Carmen
795 3406 887 3455 hoc
927 3391 1242 3467 sepulchrale
1285 3410 1559 3469 eleqiacum
1612 3408 1856 3458 Ortwinus
1902 3409 2103 3458 Gratius

855 3490 1095 3540 bonarum
1126 3494 1308 3542 artium
1328 3492 1594 3555 professor
1623 3494 1792 3543 edidit.

590 3598 683 3657 Oui
713 3603 848 3649 venis
882 3603 979 3650 huc
1013 3606 1231 3665 supplex
1266 3594 1434 3667 templi
1471 3606 1730 3655 Lustrator
1763 3611 1812 3655 et
1846 3619 1964 3679 are,

698 3682 874 3745 Aspice
909 3700 1050 3747 quem
1086 3691 1288 3748 siqnant
1323 3693 1553 3742 carmina
1589 3696 1759 3740 nostra
1797 3691 2026 3753 taphum,

362 3850 432 3878 ⁹·10
462 3852 521 3892 ad
612 3851 828 3895 eiusdem.
852 3854 966 3894 omis.
989 3856 1031 3893 2.
1101 3852 1135 3879 ¹³
1167 3854 1331 3895 coelum
1362 3859 1404 3896 2.
1472 3854 1508 3881 ¹5
1537 3857 1714 3898 nundus
1746 3859 1785 3897 1.
1858 3856 1890 3882 ¹⁷
1919 3855 2097 3909 infolix.
2121 3859 2162 3896 2.
2230 3856 2266 3883 ²⁹
2296 3859 2394 3899 Hoc

248 3936 417 3967 carmen
445 3936 534 3964 cum
563 3925 727 3976 epilogo
761 3920 884 3976 (pag.
906 3922 1004 3963 414.
1026 3937 1068 3964 v.
1097 3923 1234 3976 1...8.)
1265 3928 1308 3965 in
1339 3928 1379 3966 2.
1402 3932 1615 3978 receptum
1645 3940 1728 3967 non
1759 3933 1838 3970 est.

1926 3926 1963 3953 ³⁶
1992 3927 2206 3971 Lustra02
2237 3930 2280 3968 1.
