2456 4264
192 243 310 300 454
430 265 598 293 ORATIO
620 263 849 292 FVNEBRIS
873 262 920 290 IN
944 262 1129 290 LAVDEM
1152 261 1340 289 IOANNIS
1363 260 1591 289 CERDONIS
1615 261 1652 289 S.
1675 259 1969 290 VADBMECVM.
1991 261 2093 289 ETC.

191 407 235 445 et
272 412 362 444 non
399 397 561 457 pagani
599 402 650 440 ut
685 395 866 444 Cicero,
906 392 1152 443 Salustius,
1191 392 1371 438 Ovidius
1409 398 1454 437 et
1480 391 1680 438 Catullus
1718 398 1765 438 et
1800 391 1875 440 alii
1911 395 2015 439 novi
2053 394 2327 453 Rhetoriste‚

192 471 266 529 qui
304 467 502 528 fugiendi
543 472 649 510 sunt
686 471 737 509 ut
772 463 983 508 Diabolus
1021 469 1123 508 ante
1162 476 1352 508 crucem.
1428 461 1513 507 Sed
1550 463 1634 522 hec
1677 461 1916 510 dictamina
1963 464 2043 510 tibi
2088 470 2329 524 propterea

192 539 353 589 scribo,
393 538 495 596 quia
531 549 614 594 pro
651 541 779 595 parte
818 534 952 579 etiam
990 547 1039 578 es
1077 540 1232 579 orator
1268 533 1429 583 bonus,
1468 538 1518 578 ut
1554 534 1704 592 possis
1739 533 1890 579 videre
1927 549 1981 580 ex
2015 533 2092 580 illa
2129 537 2329 580 oratione

192 622 321 669 quam
361 607 439 651 tibi
477 606 607 650 mitto
656 611 700 649 et
738 604 871 649 habui
908 603 1145 663 aliquando
1184 604 1229 648 in
1266 603 1483 648 honorem
1520 603 1797 650 Venerabilis
1833 610 1879 649 et
1915 605 2227 665 circumspecti
2263 604 2332 649 Io-

191 679 317 725 annis
354 675 583 727 Cerdonis,
623 689 755 735 quam
791 674 898 720 boni
934 674 1118 719 suerunt
1154 673 1272 734 apud
1306 679 1490 719 nostros
1527 681 1839 729 antecessores
1875 673 2109 721 Oratores:
2147 688 2235 735 que
2261 681 2332 719 est
2368 682 2387 713 5

193 755 280 793 tam
318 748 433 793 bona
470 754 515 791 et
551 744 846 792 artificialiter
882 741 1116 795 distincta,
1166 744 1288 804 quod
1333 743 1477 803 magis
1513 745 1621 790 mihi
1657 745 1809 806 placet
1846 759 1978 805 quam
2015 747 2177 806 pagani
2212 745 2334 790 Cice-

192 819 315 864 ronis
353 818 604 868 orationes,
644 831 755 876 quas
794 816 839 861 in
875 829 979 861 vera
1015 814 1100 860 fide
1137 829 1228 860 non
1264 814 1496 874 intelligo,
1547 829 1684 875 quare
1720 814 1828 861 nolo
1866 815 2059 880 amplius
2097 817 2334 876 quicquam

193 890 238 934 in
276 902 328 934 eo
366 888 518 948 legere
553 888 676 932 iuxta
714 887 878 932 dictum
917 885 1097 931 Catonis
1136 885 1300 945 ‘legere
1349 891 1395 931 et
1438 899 1530 931 non
1566 885 1822 946 intelligere
1860 892 1931 931 est
1974 885 2243 946 negligere’:
2292 892 2339 930 ot

195 959 302 1020 quid
339 965 407 1003 est
444 958 564 1018 quod
601 957 763 1018 aliquis
801 964 889 1002 tam
928 956 1073 1017 crispe
1109 956 1342 1016 loquitur?
1381 955 1474 1017 Ego
1513 957 1647 1001 etiam
1684 956 1798 1002 bene
1833 955 1982 1003 facere
2005 957 2192 1017 possim,
2231 957 2334 1016 quia

196 1030 365 1091 possim
411 1041 580 1089 ponere
628 1028 673 1072 in
723 1042 844 1073 meas
896 1027 1124 1073 orationes
1170 1032 1216 1072 et
1262 1027 1430 1087 scripta
1467 1027 1778 1087 francigenum
1816 1040 2071 1073 sermonem
2109 1026 2178 1072 vel
2213 1026 2334 1072 ltali—
2351 1034 2391 1067 10

196 1115 320 1147 cum:
369 1105 476 1145 tunc
521 1100 667 1144 nostri
706 1099 955 1144 theutonici
991 1111 1082 1143 non
1121 1096 1448 1158 intelligerent:
1496 1099 1559 1143 sic
1605 1099 1739 1144 etiam
1775 1104 1846 1143 est
1881 1098 1936 1143 de
1981 1096 2096 1148 illis,
2145 1103 2191 1143 et
2228 1110 2338 1157 ergo

198 1176 304 1217 sunt
340 1169 475 1215 docti.
526 1183 608 1229 ego
646 1182 764 1229 nego
812 1168 934 1214 illam
979 1170 1368 1228 consequentiam,
1418 1183 1564 1229 neque
1613 1175 1683 1214 est
1728 1167 1945 1229 possibile
1992 1167 2114 1228 quod
2159 1169 2221 1214 ita
2265 1167 2338 1213 sit.

198 1241 343 1297 Quare
379 1254 492 1299 rogo
530 1246 596 1291 te,
643 1239 773 1285 Petre
809 1239 934 1285 valde
971 1239 1312 1290 facundissime,
1362 1239 1480 1299 quod
1525 1239 1635 1285 velis
1680 1253 1860 1286 manere
1896 1239 1942 1284 in
1978 1238 2053 1284 illa
2089 1239 2340 1284 constantia

199 1324 346 1371 neque
382 1324 530 1356 amare
565 1310 678 1356 illud
713 1324 877 1356 novum
913 1310 1116 1361 latinum,
1157 1311 1259 1370 quia
1295 1324 1378 1370 per
1414 1310 1546 1355 deum
1583 1309 1691 1356 alias
1727 1311 1877 1371 vergit
1912 1309 1995 1355 tibi
2031 1311 2077 1355 in
2102 1309 2341 1355 detrimen—

201 1389 295 1427 tum
331 1381 555 1427 honorum
591 1387 637 1426 et
674 1380 842 1441 anime.
891 1382 994 1441 quia
1040 1379 1161 1426 vides
1207 1380 1372 1427 cotidie
1420 1394 1552 1441 quam
1599 1380 1714 1428 male
1758 1380 1995 1427 christiani
2041 1387 2147 1425 sunt
2181 1384 2400 1440 poetezt5

201 1467 285 1511 ego
325 1465 467 1511 nuper
502 1451 591 1497 vidi
630 1465 767 1496 unum
805 1451 1016 1497 audacter
1051 1453 1096 1496 in
1135 1450 1321 1497 ecclesia
1357 1452 1434 1512 qui
1472 1451 1608 1497 iacuit
1643 1451 1846 1512 proxime
1881 1450 1999 1512 apud
2036 1464 2130 1502 me,
2177 1456 2224 1496 et
2259 1463 2344 1508 ego

202 1523 353 1583 putavi
390 1522 512 1581 quod
550 1527 701 1567 oraret
738 1536 791 1567 ex
826 1536 917 1567 uno
956 1535 1092 1582 parvo
1131 1521 1308 1572 libello,
1357 1528 1403 1568 et
1440 1536 1525 1581 ego
1571 1523 1769 1583 inspexi,
1816 1527 1926 1568 tunc
1969 1521 2081 1567 nihil
2118 1522 2246 1582 potui
2283 1520 2347 1565 le·

203 1606 334 1652 gere,
385 1592 520 1638 credo
560 1592 679 1652 quod
717 1592 805 1637 fuit
841 1605 1038 1653 grecum.
1111 1593 1181 1637 Ah
1217 1591 1378 1639 Sancta
1415 1593 1572 1645 Maria,
1622 1607 1706 1654 per
1752 1591 1830 1638 illa
1875 1605 2009 1653 greca
2054 1591 2348 1638 confunditur

204 1669 363 1709 nostra
399 1662 630 1722 theologia
669 1669 714 1708 et
751 1662 909 1709 fiemus
936 1676 1103 1724 ‚omnes
1140 1663 1346 1723 heretici,
1386 1664 1507 1724 quod
1544 1671 1692 1710 tamen
1729 1663 1840 1709 deus
1861 1663 2061 1709 avertat!
2100 1670 2186 1723 ego
2213 1661 2347 1708 credo

204 1733 393 1779 firmiter
442 1733 563 1793 quod
612 1738 718 1778 sunt
763 1733 1000 1794 pre-nuncii
1051 1734 1306 1780 antichristi
1354 1741 1400 1779 et
1445 1734 1603 1780 volunt
1640 1733 1771 1780 aliam
1809 1733 1942 1779 fidem
1977 1733 2108 1779 nobis
2146 1733 2403 1778 induerem

205 1804 292 1849 Sed
328 1817 413 1863 ego
451 1817 544 1848 non
581 1802 683 1849 volo
722 1804 893 1850 discere
932 1802 1008 1849 illa
1045 1817 1200 1864 greca,
1250 1805 1385 1850 etiam
1433 1804 1470 1850 si
1520 1806 1711 1866 ipsemet
1758 1804 2059 1850 antechristus
2095 1804 2270 1849 veniret
2306 1810 2352 1848 et

206 1875 332 1919 daret
376 1875 485 1918 mihi
530 1888 734 1933 magnam
781 1888 998 1920 summam
1044 1876 1353 1934 pecuniarum.
1428 1874 1516 1921 Sed
1561 1876 1650 1922 hoc
1686 1889 1772 1936 pro
1810 1889 1929 1920 nunc
1965 1874 2174 1921 sufficiat.
2247 1873 2352 1920 Vale

207 1950 251 1989 et
286 1958 415 1990 mane
453 1950 714 1990 constanter
752 1946 797 1989 in
835 1944 947 1996 fide,
986 1951 1038 1990 ut
1074 1959 1164 1990 non
1200 1945 1363 2005 perdas
1400 1959 1564 1992 nomen
1604 1952 1747 1997 tuum,
1783 1947 1889 2007 quia
1926 1959 2054 1992 mane
2089 1959 2180 1991 non
2217 1944 2353 1990 debes

207 2017 295 2061 cito
334 2028 520 2073 surgere
556 2015 610 2060 ad
647 2014 750 2060 illos
787 2015 930 2061 malos
977 2015 1240 2062 seductores
1286 2017 1560 2067 iuventutis,
1607 2030 1663 2062 ne
1699 2017 1834 2064 etiam
1872 2016 2087 2063 seducant
2126 2004 2169 2061 te
2207 2022 2252 2061 et
2289 2015 2354 2060 fa-

206 2085 326 2131 ciant
371 2085 535 2130 malum
584 2086 875 2131 christianum
923 2100 975 2131 ex
1021 2092 1080 2131 te.
1155 2086 1259 2132 Vale
1303 2087 1448 2133 adhuc
1495 2087 1655 2139 semel,
1702 2094 1747 2133 et
1791 2094 1898 2149 post
1935 2087 2187 2134 orationem
2224 2085 2348 2147 legas
2366 2095 2407 2127 25

211 2170 314 2201 suas
352 2157 616 2216 questiones
656 2171 767 2217 quas
804 2157 983 2217 publice
1009 2157 1257 2218 disputavit
1282 2157 1396 2203 idem
1423 2158 1699 2205 venerandus
1724 2164 1868 2220 pater,
1907 2173 2019 2220 quas
2045 2159 2194 2204 inveni
2220 2158 2354 2203 etiam

210 2228 255 2271 in
292 2225 476 2272 libraria
513 2242 601 2272 una
638 2242 739 2273 cum
778 2229 1006 2273 oratione:
1044 2234 1090 2273 et
1128 2229 1214 2275 hoc
1250 2236 1494 2290 propterea
1531 2229 1718 2276 fecimus
1755 2229 1936 2276 mittere
1974 2229 2233 2290 imprimere
2269 2242 2356 2287 ego

208 2303 257 2412 gt
303 2297 514 2348 Grillus,
548 2312 605 2343 ne
653 2300 800 2358 possit
849 2305 939 2344 tam
984 2298 1153 2345 honum
1202 2313 1317 2360 opus
1364 2300 1525 2362 aliquis
1575 2300 1781 2362 perdere.
1852 2299 1959 2346 Vale
2006 2299 2150 2346 tribus
2196 2298 2355 2345 modis.

244 2373 366 2413 atum
401 2374 453 2413 ut
490 2382 641 2429 supra.

635 2559 821 2614 Oratio
857 2563 1109 2632 copulata
1143 2569 1478 2633 comportata
1512 2570 1566 2616 et
1601 2562 1938 2617 ambonisata
2372 2586 2415 2620 30

549 2658 657 2711 post
703 2657 898 2697 mortem
935 2647 1374 2713 argumentosissimi
1410 2655 1659 2700 acutissimi
1698 2661 1744 2700 et
1791 2653 2028 2700 tersissimi

752 2730 1003 2800 Magistri
1037 2733 1209 2784 nostri
1244 2733 1501 2786 Iohannis
1539 2733 1824 2800 Cerdoni8‚

290 2821 514 2881 quondam
550 2834 632 2882 sue
668 2821 969 2882 professionis
1005 2823 1177 2868 minimi
1213 2830 1260 2869 et
1290 2823 1488 2885 indigni,
1526 2832 1579 2870 ut
1615 2823 1788 2871 dicebat
1823 2813 1968 2885 gratia
2004 2822 2286 2869 humilitatis.

361 2931 403 2979 {i
439 2932 700 2995 Quanquam
739 2937 947 2995 quoniam
986 2936 1163 2996 quidem
1198 2937 1342 2998 igitur
1375 2937 1530 2998 Neque
1566 2938 1633 2984 fui
1669 2939 1714 2983 in
1752 2942 1906 2984 monte
1951 2950 2166 2997 parnasso
2215 2941 2265 2981 ut
2300 2934 2367 2980 bi-

235 3005 384 3050 berem
422 3019 475 3050 ex
511 3005 637 3051 fonte
673 3005 907 3056 caballino.
946 3013 1097 3067 patres
1135 3008 1457 3054 occulatissimi
1493 3023 1577 3055 nec
1601 3023 1691 3054 non
1730 3007 2077 3068 singularissimi
2115 3012 2159 3051 et
2197 3006 2242 3051 in
2279 3005 2365 3051 fide
2382 3017 2422 3049 35

224 3082 381 3121 nostra
418 3075 534 3121 sicut
570 3076 766 3122 columbi
802 3076 1145 3137 simplicissimi,
1194 3093 1365 3140 vosque
1413 3080 1733 3140 specialissime
1777 3078 2064 3124 discretionis
2114 3077 2367 3128 auditores;

225 3140 588 3210 ffissffinsssssstssefa‘gffifl
638 3159 720 3192 nec
757 3147 957 3199 Tulium,
1005 3151 1081 3209 qui
1130 3149 1385 3209 prohibitus
1423 3165 1524 3196 esse
1561 3150 1692 3196 debet
1729 3148 1989 3196 christianis
2026 3149 2072 3193 in
2111 3149 2204 3194 suis
2241 3146 2369 3192 libris

229 3219 274 3261 in
311 3215 475 3275 quibus
511 3216 597 3261 nisi
636 3232 792 3277 spuma
830 3226 899 3264 est
935 3219 1197 3271 verborum,
1219 3221 1516 3281 ‘transcurri‚
1563 3227 1614 3267 ut
1650 3226 1774 3282 patet
1810 3234 1893 3281 per
1929 3225 2134 3265 sanctum
2171 3218 2371 3263 iheroni—

230 3301 371 3337 mum,
421 3286 510 3331 Nec
545 3286 852 3338 Lactancium,
900 3291 1027 3335 cuius
1075 3291 1312 3351 opiniones
1358 3292 1413 3337 ab
1461 3292 1711 3338 orthodoxa
1757 3297 1915 3336 nostra
1951 3295 2094 3336 matre
2130 3287 2369 3349 aliquando

232 3357 485 3415 discrepare
521 3355 840 3410 intelleximus,
879 3361 1146 3412 examinavi,
1185 3362 1272 3408 Nec
1311 3362 1568 3423 Virgilium,
1609 3362 1824 3412 Ovidium,
1861 3359 2113 3406 Marcialem
2150 3359 2218 3405 vel
2256 3358 2370 3404 The·
2387 3370 2428 3402 4ο

233 3426 450 3477 rentium,
489 3426 747 3474 seductores
785 3430 1018 3482 iuvenum,
1059 3433 1160 3492 quia
1199 3433 1362 3479 docent
1399 3447 1570 3484 amare,
1608 3433 1763 3494 Neque
1798 3430 2047 3477 Iuvenalem
2083 3443 2231 3491 neque
2268 3429 2372 3475 reli-

351 3636 368 3662 8
407 3635 599 3689 ‘Legere
640 3636 760 3676 enim
800 3640 845 3677 et
882 3650 971 3678 non
1008 3637 1270 3691 intelligere
1301 3653 1387 3680 nec
1416 3639 1574 3693 legere
1608 3642 1706 3681 est'.
1747 3613 1874 3679 Cato„
1895 3639 1961 3679 ed.
1985 3637 2179 3678 Zarnclce
2208 3650 2249 3690 p.
2278 3635 2370 3676 174.

238 3720 358 3750 vers.
379 3707 420 3748 5.
507 3705 543 3732 ²⁵
574 3707 677 3748 adh.
702 3705 827 3759 sem.]
860 3707 1039 3747 iterum.
1128 3707 1163 3733 ²8
1193 3710 1299 3750 trib.
1324 3708 1457 3762 mod.]
1490 3710 1691 3749 tertium.

351 3776 389 3803 ³⁰
419 3775 653 3830 ambonis]
684 3778 712 3820 i.
735 3791 770 3820 e.
791 3779 835 3818 in
865 3778 1034 3818 ambone
1064 3778 1221 3818 habita.
1280 3777 1317 3804 34
1348 3779 1421 3819 Cf.
1442 3779 1568 3819 Pers.
1590 3783 1677 3818 sat.
1700 3778 1870 3832 prolog.
1936 3777 1973 3804 ³8
2002 3775 2264 3828 Hieronym.
2286 3778 2371 3831 Ep.

241 3849 389 3891 XXII.
410 3849 448 3898 ἓ.
471 3845 540 3889 29.
573 3847 724 3898 „Quid
755 3860 855 3888 cum
888 3847 1091 3901 apostolo
1123 3847 1342 3888 Cicero‘?”
1430 3847 1467 3873 4⁰
1498 3847 1706 3891 &nivium
1737 3851 1776 3889 1.
