2456 4264
230 248 349 306 448
410 270 663 302 nnvcnmm
684 269 744 296 An
766 260 1153 295 PIBCKHEIMERVM
1173 264 1322 293 nns'r.
1348 265 1390 293 D.
1414 261 1717 292 meonsnnn
1738 262 1783 290 Ι).
1805 254 1862 290 31.
1883 261 1980 291 MAI.
2000 260 2045 289 A.
2059 255 2159 289 1520.

1108 394 1448 442 Consultissimo

900 485 1184 532 Bilibaldo
1220 483 1679 535 Pirckheimero,

642 578 831 639 patricio
868 576 1254 637 Norimbergensi‚
1294 576 1434 623 amico
1473 589 1557 621 suo
1595 575 1926 623 colendissimo.
1989 588 2009 605 ⁶

362 693 558 739 Salutem
595 691 675 737 tibi
713 698 821 751 opto
861 683 941 734 καὶ
979 685 1177 750 χαίρειν.
1250 689 1401 748 Nuper
1447 688 1501 733 ad
1550 688 1728 734 circiter
1774 688 1916 748 pridie
1952 688 2050 734 Kal.
2090 688 2238 734 Iunias
2276 702 2346 733 re-

222 766 376 810 deunti
414 763 520 808 mihi
559 777 582 807 a
619 761 841 808 communi
880 762 1018 806 amico
1057 766 1213 806 nostro
1239 759 1414 805 Kiliano
1442 759 1496 804 de
1520 758 1722 804 Rebdorf
1742 765 1789 803 et
1813 758 2015 805 Gabriele
2040 759 2094 804 de
2120 758 2345 804 Schawm-
2362 768 2381 798 5

221 836 354 895 berg,
401 833 620 879 Canonico
657 831 1001 893 Dryopolitano,
1053 832 1118 876 tui
1155 829 1491 880 amantissimis,
1530 829 1714 875 redditae
1752 835 1860 875 sunt
1894 829 2057 875 litterae
2093 844 2117 875 a
2153 828 2345 874 Nobilis-

223 908 333 951 simo
371 904 608 950 Francisco
647 903 700 948 de
737 902 996 962 Sickingen,
1047 900 1212 962 quibus
1247 914 1317 945 me
1355 900 1463 946 fecit
1498 901 1763 954 certiorem,
1812 914 1950 960 opera
1987 914 2067 945 sua
2105 901 2343 945 extinctam

222 990 323 1021 esse
360 975 508 1026 litem,
548 988 647 1035 quae
686 981 774 1019 tam
811 972 898 1018 fuit
934 974 1149 1019 hactenus
1187 972 1397 1017 diuturna
1434 971 1554 1017 inter
1589 969 1915 1016 Praedicatores
1954 983 2127 1031 meque.
2201 969 2344 1030 Impe-

225 1046 406 1092 trabunt
454 1046 569 1090 enim
616 1060 641 1091 a
689 1043 970 1090 sanctissimo
1008 1043 1156 1089 Leone
1203 1042 1295 1088 litis
1344 1048 1389 1087 et
1435 1056 1581 1088 causae
1629 1040 1974 1093 extinctionem,
2022 1054 2123 1086 cum
2169 1040 2343 1086 honore

222 1131 344 1168 meo,
394 1118 487 1162 suis
534 1117 762 1175 expensis,
811 1116 857 1160 in
901 1113 1086 1160 meliore
1132 1113 1299 1164 forma,
1346 1127 1446 1173 quae
1495 1118 1541 1158 et
1587 1111 1695 1157 mihi
1743 1117 1789 1157 et
1833 1113 1921 1157 mei
1967 1110 2221 1158 amantibus
2258 1110 2418 1167 iam10'

220 1194 436 1248 concepta
471 1186 631 1247 placet.
704 1185 758 1230 Et
804 1190 874 1230 est
918 1198 1210 1245 expensarum
1258 1183 1353 1229 litis
1399 1185 1445 1228 in
1481 1196 1700 1244 processu
1737 1181 1938 1243 Spirensi
1973 1188 2080 1243 post
2118 1181 2346 1227 obtentam

220 1273 245 1303 a
282 1271 350 1303 me
387 1263 543 1304 contra
578 1256 680 1302 illos
717 1255 994 1301 diffinitivam
1031 1256 1294 1301 sententiam
1335 1260 1479 1300 taxata
1515 1267 1700 1304 summa,
1737 1253 1785 1298 in
1819 1253 1941 1299 hono
1979 1267 2088 1299 auro
2125 1252 2234 1299 mihi
2259 1253 2346 1297 iam

222 1327 464 1389 persoluta.
537 1327 595 1372 De
632 1329 687 1372 iis
723 1327 914 1387 posthac
950 1326 1172 1387 pluribus.
1244 1324 1539 1370 Dilectissime
1574 1323 1811 1375 Bilibalde,
1857 1325 1989 1369 mitto
2037 1323 2092 1368 ad
2139 1329 2182 1368 te
2230 1337 2344 1383 quos

221 1400 329 1444 mihi
369 1407 457 1444 tam
493 1397 739 1444 liberaliter
773 1398 987 1442 mutuasti
1024 1399 1078 1440 30
1115 1409 1275 1442 aureos
1313 1397 1356 1441 in
1396 1410 1530 1446 auro,
1580 1409 1669 1456 quo
1707 1407 1871 1441 nomen
1909 1393 2064 1447 solvo;
2113 1400 2158 1439 at
2194 1400 2344 1453 grates

220 1469 476 1531 persolvere
513 1468 670 1528 dignas
708 1467 832 1513 nullo
871 1482 1057 1527 possum
1095 1467 1260 1518 studio,
1299 1466 1420 1526 quod
1456 1467 1711 1526 excogitare
1736 1479 1895 1526 queam
1922 1471 2013 1511 tuae
2037 1465 2212 1524 ingenti
2237 1478 2346 1524 erga
2366 1475 2402 1507 15

221 1554 291 1585 me
326 1539 662 1585 benevolentiae.
735 1538 801 1583 Dii
845 1537 928 1583 tihi
975 1537 1246 1598 persolvant.
1319 1537 1529 1583 Erasmus
1567 1536 1804 1588 Santbach,
1841 1535 2064 1595 Kobergi,
2105 1536 2256 1586 amici,
2295 1541 2346 1580 ut

221 1611 310 1662 ais,
359 1612 445 1661 tui,
494 1611 782 1668 negotiorum
827 1615 984 1668 gestor
1030 1621 1109 1653 seu
1147 1608 1356 1659 institor,
1404 1607 1589 1653 Bibliam
1625 1606 1884 1653 Hebraicam
1929 1620 2031 1653 cum
2068 1606 2346 1652 Commenta-

221 1683 300 1726 riis
347 1679 541 1725 vendidit
583 1681 754 1740 petenti
801 1679 933 1723 mihi:
982 1680 1179 1739 pretium
1227 1677 1353 1723 solvo
1404 1684 1507 1724 octo
1557 1691 1810 1724 aureorum.
1882 1676 2034 1723 Eidem
2084 1677 2217 1722 etiam
2264 1690 2345 1737 pro

219 1751 438 1812 Hesychio
476 1749 638 1795 tradidi
674 1763 838 1795 aureos
875 1756 969 1794 tres
1007 1754 1165 1809 quarta
1200 1750 1361 1794 minus.
1435 1747 1588 1793 Omnia
1624 1748 1727 1794 misi
1762 1747 2063 1808 Nerobergam
2110 1761 2193 1808 per
2239 1760 2348 1792 eun-

218 1822 318 1867 dem
354 1820 596 1872 Santbach‚
645 1820 723 1880 qui
768 1820 949 1866 domino
994 1833 1077 1865 suo
1125 1820 1222 1864 haec
1258 1825 1303 1864 et
1339 1819 1423 1864 alia
1459 1818 1613 1864 mittit.
1686 1819 1752 1865 Tu
1789 1819 1929 1878 igitur
1966 1833 1991 1864 a
2025 1818 2220 1864 Iohanne
2255 1817 2344 1863 Ko-
2361 1831 2404 1883 29

219 1892 382 1951 berger
417 1898 521 1936 tuos
558 1904 720 1937 aureos
756 1889 948 1950 recipias
985 1890 1138 1946 velim,
1178 1897 1223 1935 et
1246 1903 1340 1940 me,
1379 1904 1485 1935 num
1510 1892 1762 1950 receperis,
1800 1889 1936 1935 facias
1961 1888 2217 1935 certiorem.
2279 1889 2348 1934 ln-

221 1970 342 2008 terea
388 1962 505 2007 enim
555 1961 755 2020 regionis
802 1968 890 2008 tuae
926 1960 1035 2006 mihi
1074 1966 1179 2006 sunt
1225 1973 1374 2006 mores
1410 1960 1694 2006 formidandi.
1767 1959 1937 2021 Scripsi
1973 1959 2072 2006 haec
2108 1959 2347 2006 admodum

218 2047 479 2095 properans.
551 2032 718 2079 Iterum
752 2030 865 2078 vale.
899 2031 1019 2078 Prid.
1044 2030 1140 2078 Kal.
1166 2032 1336 2083 Iunias,
1375 2045 1492 2077 anno
1529 2030 1724 2076 M.D.XX.
1749 2030 2010 2092 Anglopoli.

1214 2102 1402 2148 Ioannes
1438 2101 1654 2149 Reuchlin
1689 2101 1958 2151 Phorcensis
1982 2101 2067 2148 LL.
2093 2102 2276 2149 Doctor.

331 2257 348 2282 5
376 2254 579 2310 Kiliano]
602 2256 733 2298 Leib.
756 2255 812 2296 de
842 2267 927 2308 quo
947 2255 1119 2296 videsis
1140 2254 1269 2297 Hutt.
1291 2267 1392 2309 opp.
1415 2254 1474 2295 11.
1496 2268 1539 2308 p.
1561 2252 1659 2299 359.
1717 2253 1735 2280 ⁶
1763 2252 1953 2308 Dryop.]
1975 2253 2348 2296 Eichstaedtensi.

219 2328 235 2354 8
264 2325 590 2382 Impetrabunt]
625 2327 694 2368 Cf.
717 2326 913 2380 praeced.
937 2325 1294 2367 Praedicatorum
1325 2325 1582 2380 epistolam.
1640 2326 1882 2366 Pertinent
1913 2325 1971 2366 ad
1999 2325 2086 2367 hoc
2115 2325 2348 2379 negotium

219 2411 320 2452 quae
350 2397 585 2439 Cochlaeus
614 2397 843 2439 Bilibaldo
876 2410 900 2437 e
931 2396 1236 2437 Francofurto
1267 2396 1342 2437 die
1374 2396 1442 2438 12.
1462 2397 1561 2440 Iun.
1585 2408 1626 2437 a.
1651 2393 1772 2439 1520.
1796 2396 1983 2449 scripsit
2012 2395 2160 2449 (Hutt.
2183 2409 2287 2450 opp.
2309 2396 2347 2437 Ι.

218 2483 261 2522 p.
284 2467 379 2510 358.
402 2481 519 2510 num.
542 2467 810 2509 CLXXIIII.
832 2468 898 2518 ἓξ.
919 2466 1044 2519 2.3.),
1077 2466 1200 2508 haec:
1240 2480 1418 2521 „neque
1448 2471 1605 2509 tamen
1633 2479 1775 2521 grave
1805 2466 1918 2507 mihi
1948 2466 2007 2508 ad
2034 2470 2080 2508 te
2113 2478 2349 2520 argumen-

218 2544 311 2579 tum
341 2540 545 2590 suberat,
584 2539 674 2580 nisi
704 2538 820 2592 quod
850 2538 905 2579 de
938 2550 1102 2579 caussa
1130 2538 1319 2579 Ioannis
1348 2527 1598 2591 Reuchlin,
1635 2538 1684 2578 in
1715 2537 1843 2579 cuius
1873 2538 2184 2578 transactione
2214 2538 2348 2579 testis

220 2611 368 2659 astiti,
406 2610 566 2664 paucis
603 2610 690 2650 tibi
725 2623 880 2651 verum
909 2609 1110 2650 scribere
1139 2609 1367 2651 volebam.
1423 2610 1570 2650 Erant
1606 2621 1634 2649 a
1662 2608 1915 2650 Francisco
1957 2607 2212 2662 Sickingen
2250 2611 2346 2649 tres

219 2682 428 2722 doctores
457 2681 767 2734 procuratorio
797 2680 977 2721 nomine
1008 2680 1096 2720 huc
1128 2680 1258 2721 missi
1289 2693 1343 2722 ex
1374 2678 1508 2733 Spira
1540 2682 1587 2720 et
1616 2679 1866 2731 Vormatia,
1899 2682 1951 2720 ut
1981 2692 2076 2720 rem
2107 2692 2344 2734 compone-

218 2755 332 2792 rent.
390 2751 516 2793 Nihil
545 2752 706 2805 magis·
723 2751 904 2791 anxium
936 2750 1178 2804 fratribus,
1210 2750 1290 2792 sed
1320 2755 1573 2804 opportuna
1602 2750 1901 2804 multumque,
1934 2752 1986 2790 ut
2014 2750 2125 2791 mihi
2154 2749 2346 2802 videtur,

218 2835 352 2875 aequa
379 2823 498 2863 inita
536 2825 605 2863 est
643 2822 744 2873 via,
785 2821 966 2873 utrique
1003 2822 1146 2874 parti,
1184 2821 1233 2861 ni
1271 2821 1431 2874 fallor,
1472 2821 1760 2864 tolerabilior
1797 2834 1931 2875 quam
1970 2822 2097 2862 curia
2124 2821 2346 2862 Romana.

218 2893 390 2933 Ferunt
421 2906 448 2932 a
485 2892 704 2933 fratribus
742 2891 1088 2946 provincialiter
1128 2891 1343 2932 collatum
1381 2904 1504 2943 esse,
1545 2895 1597 2933 ut
1634 2891 1808 2933 mulcta
1838 2891 2068 2946 Spirensis
2104 2892 2349 2933 sententiae

217 2963 572 3015 persolveretur,
613 2975 698 3016 quo
738 2963 792 3003 de
830 2961 946 3003 nihil
986 2962 1099 3002 certi
1137 2961 1308 3015 habeo,
1348 2975 1496 3017 neque
1526 2964 1812 3018 interrogare
1843 2963 2014 3005 curavi.
2074 2963 2128 3004 Id
2157 2963 2269 3004 mihi
2298 2965 2349 3003 ut

218 3035 330 3074 testi
360 3037 552 3084 constat,
583 3033 702 3087 quod
730 3033 900 3074 fratres
928 3032 1274 3086 provincialiter
1305 3035 1636 3075 constituerunt
1665 3034 1714 3074 in
1733 3033 1844 3075 urbe
1865 3034 2010 3075 Roma
2030 3037 2349 3088 procuratores

218 3104 431 3144 Iacobum
461 3104 894 3158 Questenbergium,
933 3104 1152 3145 Ioannem
1182 3103 1420 3158 Coritium‚
1463 3104 1713 3159 Casparem
1741 3105 1882 3158 Wirt,
1921 3092 2140 3146 Ioannem
2168 3106 2349 3146 Peuern

222 3177 268 3214 et
296 3174 507 3215 Iodocum
536 3176 739 3229 Eginger
770 3175 828 3216 ad
857 3174 1199 3216 sollicitandum
1230 3175 1350 3228 apud
1379 3175 1662 3229 pontificem,
1701 3178 1753 3216 ut
1781 3179 1883 3218 tota
1913 3175 1997 3216 illa
2028 3188 2170 3216 causa
2200 3175 2350 3229 sopia-

220 3247 314 3295 tur,
356 3257 456 3284 cum
487 3244 654 3285 honore
683 3247 917 3298 utriusque
948 3246 1120 3299 partis,
1159 3259 1216 3286 ne
1246 3245 1385 3287 ullius
1413 3246 1610 3288 laedatur
1646 3246 1788 3291 fama.
1844 3246 1954 3288 Vidi
1983 3246 2147 3287 deinde
2177 3245 2348 3300 suppli—

221 3315 449 3354 cationem
486 3315 699 3367 fratrum,
752 3330 839 3369 qua
876 3317 1223 3371 provincialiter
1259 3317 1522 3370 pontificem
1558 3320 1694 3359 orant
1730 3329 1833 3358 cum
1871 3316 2125 3358 honorifica
2161 3316 2348 3358 Ioannis

219 3384 443 3424 Reuchlin
473 3386 720 3433 mentione,
760 3390 810 3426 ut
849 3400 1034 3428 causam
1074 3387 1200 3429 illam
1230 3391 1449 3441 perpetuo
1482 3389 1763 3442 extinguat’'.
1879 3386 1915 3413 ¹⁵
1942 3387 2125 3442 urgenti
2157 3387 2348 3430 Goldast.

220 3451 255 3479 ¹⁷
284 3454 436 3495 Biblia
474 3468 572 3507 quae
610 3456 744 3496 hodie
775 3455 1053 3498 Oaroliruhae
1093 3458 1408 3500 adservantur.
1523 3456 1558 3485 ²¹
1588 3458 1887 3500 Effervebant
1916 3462 2009 3499 tum
2037 3458 2348 3511 Norimbergae

221 3524 551 3566 ecclesiasticae
582 3527 896 3568 contentiones
928 3531 972 3568 et
1002 3528 1272 3570 inimicitiae.
