2456 4264
221 242 343 301 208
809 262 1047 291 EPISTOLAE
1072 259 1378 290 OBSCVRORVM
1399 256 1610 287 VIRORVM
1632 257 1781 287 NOVAE.

220 397 279 445 ad
319 395 511 444 Curiam
549 388 848 440 Romanam’.
913 390 973 438 Et
1011 405 1101 452 ego
1139 389 1239 436 risi.
1315 387 1368 436 In
1407 385 1621 449 hospitio
1659 389 1822 433 autem
1863 388 1969 433 erat
2014 397 2109 431 una
2161 381 2366 446 pulchra

219 481 382 542 virgo;
423 483 470 526 et
507 477 567 524 de
606 481 749 523 nocte
789 473 1012 521 fecerunt
1051 472 1297 526 choream,
1340 476 1386 519 et
1423 470 1587 519 socius
1624 482 1764 517 meus
1801 467 2062 516 chorisavit
2087 468 2246 515 etiam.
2310 466 2369 514 Et

220 564 316 611 dixi
343 564 385 610 ei
412 560 541 624 quod
568 572 665 606 non
694 557 895 605 deberet
923 557 1108 604 facere:
1150 555 1269 612 Quia
1298 556 1390 603 iam
1420 559 1492 603 est
1519 553 1764 615 Magister,
1804 556 1849 600 et
1875 565 1974 599 non
2001 550 2204 600 deberet
2230 565 2368 599 exer-

224 661 338 694 cere
377 646 492 692 istas
528 642 761 691 levitates,
838 639 933 688 Sed
982 641 1088 702 ipse
1138 653 1238 686 non
1287 639 1496 694 curavit,
1547 642 1594 686 et
1642 635 1764 684 dixit
1807 635 1953 684 mihi:
2006 634 2073 683 ‘Si
2118 633 2196 682 illa
2234 635 2369 698 virgo

219 728 362 778 vellet
399 742 593 776 mecum
633 725 846 774 dormire
887 739 974 787 per
1013 737 1160 772 unam
1200 728 1418 777 noctem,
1471 736 1561 784 ego
1609 718 1781 768 vellem
1830 718 1891 768 de
1937 718 2108 768 merda
2147 719 2252 767 eius
2289 723 2434 765 co-5“

220 813 417 862 medere
455 825 600 860 unam
639 808 847 858 libram’.
889 808 948 856 Et
987 822 1083 855 non
1122 806 1257 870 potui
1296 805 1505 868 amplius
1542 804 1730 858 audire,
1771 803 1856 852 sed
1896 802 2098 867 allegavi
2123 800 2368 850 Ecclesia-

219 904 318 947 stes
347 907 426 946 .1.:
468 896 678 943 ‘Vanitas
717 893 978 942 vanitatum
1019 897 1067 940 et
1104 891 1264 939 omnia
1306 887 1518 946 vanitas’,
1570 894 1618 937 et
1664 889 1725 936 ivi
1764 887 2044 936 dormitum.
2121 886 2189 935 De
2227 900 2370 934 mane

218 982 440 1030 venimus
477 979 536 1028 ad
563 973 881 1041 Lansspergk‚
922 975 1004 1025 ubi
1042 976 1203 1024 socius
1241 989 1379 1023 meus
1408 973 1663 1037 supposuit
1689 971 1912 1021 ancillam
1940 971 2144 1035 hospitis
2170 985 2258 1034 per
2284 985 2370 1018 no·
2430 984 2434 986 ’

221 1071 364 1114 ctem.
427 1064 487 1112 Et
525 1064 584 1112 de
623 1077 764 1111 mane
805 1060 999 1125 quando
1041 1060 1275 1109 exivimus
1314 1057 1606 1121 hospitium,
1655 1061 1772 1106 tunc
1821 1070 1976 1120 equus
2021 1069 2140 1104 suus
2189 1054 2370 1104 claudi—

221 1151 357 1205 cavit,
398 1155 444 1197 et
481 1148 600 1196 dixi:
642 1146 944 1211 ‘supponatis
982 1143 1189 1208 amplius
1227 1140 1467 1196 ancillas’;
1507 1140 1593 1190 sed
1630 1155 1759 1189 unus
1797 1139 1936 1189 faber
1974 1140 2149 1188 iuvavit
2186 1140 2244 1188 ei.
2308 1138 2368 1188 Et
2384 1156 2445 1197 ιο,

222 1239 385 1296 postea
427 1233 644 1281 venimus
683 1231 741 1279 ad
782 1230 1076 1291 SchangaW,
1128 1227 1211 1277 ubi
1261 1228 1466 1276 emimus
1514 1224 1722 1289 pulchra
1770 1222 1984 1289 specula.
2061 1223 2246 1272 Deinde
2283 1224 2371 1272 ivi-

221 1332 329 1365 mus
380 1331 546 1365 versus
583 1314 843 1379 Inspruck.
917 1314 1056 1362 Tunc
1108 1314 1196 1362 fuit
1242 1313 1304 1360 ita
1356 1309 1481 1359 mala
1520 1311 1591 1359 via
1634 1309 1764 1372 quod
1804 1307 1929 1372 Equi
1966 1322 2064 1356 non
2105 1313 2372 1373 potuerunt
2416 1377 2420 1380 q

220 1402 319 1457 ire;
371 1406 417 1449 et
456 1401 543 1449 fuit
582 1402 641 1448 ita
682 1399 924 1463 profunda
964 1396 1130 1446 merda
1171 1396 1300 1460 quod
1338 1394 1559 1443 transivit
1597 1393 1746 1458 Equis
1784 1392 1843 1442 ad
1884 1398 2079 1442 ventres
2127 1392 2368 1456 superius,

221 1486 280 1534 Et
317 1487 387 1534 sic
425 1491 534 1549 post
571 1483 748 1532 multas
785 1482 1122 1532 tribulationes
1160 1481 1379 1530 venimus
1404 1477 1725 1543 Insprucken,
1750 1477 1849 1527 'ubi
1888 1476 1976 1526 fuit
2013 1476 2240 1526 dominus
2277 1476 2371 1525 Im-

220 1575 417 1634 perator
456 1575 502 1618 et
540 1570 641 1618 eius
682 1567 843 1617 vasalli
883 1573 930 1615 et
967 1565 1183 1615 Curiales
1222 1571 1269 1614 et
1306 1570 1499 1627 satrape
1539 1570 1587 1612 et
1623 1561 1798 1611 milites
1825 1566 1872 1611 et
1897 1562 2145 1624 armigeri,
2185 1560 2428 1611 haben-1⁸

221 1661 293 1702 tes
342 1659 497 1702 vestes
547 1654 727 1701 sericas
775 1658 821 1700 et
868 1651 1100 1700 cathenas
1152 1664 1326 1698 aureas
1366 1650 1413 1696 in
1454 1646 1662 1696 collibus
1698 1647 1814 1696 suis,
1890 1645 1950 1693 Et
1987 1644 2135 1709 aliqui
2172 1645 2374 1694 fuerunt

219 1737 463 1786 terribiles
502 1752 611 1785 cum
651 1736 816 1784 barbis
856 1741 903 1784 et
939 1734 1134 1783 hirretis
1172 1734 1335 1783 scissis
1375 1731 1663 1795 militariter.
1739 1730 1798 1779 Et
1846 1730 1984 1778 timui
2023 1728 2285 1779 comedere
2322 1730 2370 1778 in

220 1822 456 1885 hospitio,
497 1822 607 1885 quia
647 1820 805 1868 audivi
843 1833 995 1867 unum
1036 1817 1304 1866 dicentem:
1347 1817 1413 1864 ‘Si
1453 1822 1581 1864 esset
1617 1815 1916 1885 Imperator,¹
1945 1815 2048 1877 ipse
2085 1813 2228 1863 vellet
2264 1828 2371 1863 sus-

220 1906 435 1969 pendere
473 1919 644 1952 omnes
683 1904 988 1958 CurtisanOS‚
1041 1903 1150 1966 quia
1191 1901 1368 1949 vadunt
1407 1900 1611 1949 Romam
1652 1904 1706 1948 et⁴
1736 1898 1931 1948 discunt
1967 1900 2224 1964 nequitias.
2299 1898 2372 1948 lbi

220 1991 362 2037 etiam
402 1989 655 2052 decipiunt
692 2002 744 2035 se
783 1987 986 2035 invicem
1027 2001 1116 2050 pro
1157 1985 1437 2040 beneficiis,
1489 1990 1537 2033 et
1587 1988 1762 2033 vexant
1809 1982 1927 2031 alios
1965 1982 2280 2032 beneficiatos
2316 1963 2427 2032 ineo

219 2073 462 2130 Almania,
517 2078 563 2121 et
608 2073 792 2120 faciunt
840 2071 969 2135 quod
1022 2071 1226 2135 pecunia
1269 2071 1398 2118 venit
1436 2056 1494 2118 ad
1533 2067 1739 2117 Romam
1789 2066 1849 2116 de
1887 2066 2149 2117 Almania':
2197 2068 2258 2117 Et
2302 2069 2372 2117 sic

218 2159 313 2206 vidi
351 2157 479 2222 quod
518 2157 598 2206 isti
625 2154 841 2206 Curiales
879 2170 976 2203 non
1016 2160 1188 2204 curant
1229 2155 1373 2203 deum
1413 2168 1572 2217 neque
1610 2151 1857 2201 homines:
1899 2157 1946 2200 et
1983 2166 2102 2216 ergo
2141 2150 2372 2216 peribunt

219 2244 344 2291 sicut
381 2240 537 2305 pulvis
576 2257 601 2289 a
641 2240 763 2289 facie
802 2241 944 2289 venti.
1019 2240 1191 2288 Postea
1241 2238 1554 2287 transivimus
1590 2251 1679 2300 per
1717 2251 1869 2285 unum
1908 2243 2123 2286 montem
2164 2237 2245 2300 qui
2283 2236 2372 2286 fuit

221 2327 395 2391 plenus
433 2327 539 2374 nive
578 2330 626 2373 et
664 2330 736 2374 est
771 2325 835 2372 ita
875 2322 1015 2380 altus,
1055 2323 1184 2388 quod
1210 2323 1376 2373 ‘credo
1404 2321 1534 2387 quod
1563 2321 1736 2370 transit
1773 2320 1832 2369 ad
1872 2320 2086 2370 medium
2126 2319 2239 2384 Celi.
2312 2320 2372 2370 Et

222 2413 314 2459 fuit
342 2411 404 2458 ita
432 2424 664 2472 magnum
693 2409 845 2470 frigus
871 2423 1020 2472 super
1048 2407 1182 2456 illum
1210 2412 1443 2463 montem,
1483 2405 1614 2470 quod
1651 2406 1815 2469 putavi
1852 2404 2038 2454 habere
2077 2404 2282 2461 febrem,
2323 2401 2424 2459 eta

222 2494 427 2557 cogitavi
465 2493 524 2542 de
563 2492 687 2541 stufa
730 2507 834 2541 mea
874 2491 1086 2554 Colonie.
1166 2491 1292 2540 Dixit
1330 2497 1489 2540 autem
1529 2491 1703 2539 socius·
1738 2503 1902 2539 meus:
1954 2489 2010 2539 ‘O
2058 2490 2097 2538 si
2134 2489 2368 2539 haberem

221 2578 468 2642 pellicium
505 2575 702 2627 meum'.
778 2576 915 2625 Tunc
954 2576 1051 2625 dixi
1090 2577 1158 2625 ei:
1202 2577 1312 2624 ‘Vos
1337 2590 1533 2640 semper
1560 2575 1763 2639 queritis
1789 2575 1848 2624 de
1878 2574 2144 2638 frigiditate
2172 2573 2366 2639 quando

223 2664 336 2711 estis
385 2663 433 2710 in
472 2661 681 2725 Campo,
733 2666 780 2709 et
827 2659 1021 2724 quando
1078 2660 1248 2709 venitis
1296 2660 1356 2708 ad
1394 2660 1683 2724 hospitium,
1734 2665 1851 2708 tunc
1890 2657 2032 2708 vultis
2070 2673 2364 2723 supponere.

222 2747 330 2796 Non
368 2747 499 2795 scitis
537 2745 861 2809 quodcoitus
900 2745 1044 2794 etiam
1083 2742 1374 2807 infrigidat?
1423 2744 1692 2807 Respondit
1727 2745 1833 2807 ipse
1871 2742 2003 2807 quod
2040 2757 2139 2792 non
2179 2742 2367 2793 videtur
2454 2801 2456 2806 .

222 2831 314 2880 sibi
351 2830 481 2894 quod
519 2830 780 2894 infrigidat,
820 2829 906 2878 sed
944 2828 1175 2877 calefacit.
1239 2829 1298 2878 Et
1336 2828 1522 2878 debetis
1546 2829 1688 2884 scire,
1727 2827 1958 2892 Magister
1984 2825 2196 2884 Ortvine‚
2237 2827 2456 2892 quodne*

222 2917 270 2963 in
308 2916 399 2963 vita
437 2930 543 2963 mea
583 2930 681 2963 non
721 2914 814 2963 vidi
850 2929 1003 2963 unum
1042 2914 1289 2963 hominem
1328 2913 1393 2960 ita
1440 2911 1771 2962 luxuriosum:
1819 2926 2014 2976 semper
2063 2911 2258 2976 quando
2293 2913 2366 2961 in-

221 3000 454 3047 travimus
490 3014 642 3048 unum
682 2999 963 3063 hospitium,
1004 3004 1119 3046 tunc
1157 2998 1369 3060 primum
1409 2996 1612 3046 verbum
1651 2998 1741 3046 fuit
1777 2997 1838 3046 ad
1879 2995 2112 3046 famulum
2138 2996 2365 3061 hospitis:

224 3083 279 3131 ‘O
319 3082 522 3140 famule,
571 3098 669 3132 non
708 3083 947 3132 habemus
986 3082 1165 3146 aliquid
1204 3096 1294 3145 pro
1343 3080 1580 3144 genibus?
1631 3080 1858 3145 [Batulus
1905 3095 2043 3130 meus
2089 3085 2185 3130 stat
2221 3080 2366 3131 michi
2451 3090 2456 3150 ᾗ

222 3169 284 3215 ita
324 3167 470 3216 dure:
520 3181 611 3230 ego
650 3169 750 3216 scio
789 3167 918 3236 quod
958 3165 1130 3216 vellem
1169 3181 1278 3215 cum
1320 3181 1378 3215 eo
1416 3181 1569 3215 nuces
1607 3180 1754 3229 supra
1791 3165 2112 3230 percutere.]’
2186 3163 2383 3214 Deinde.
2451 3155 2456 3211 i

221 3252 442 3300 venimus
479 3250 538 3299 ad
577 3251 881 3300 Tridentum.
958 3251 1018 3299 Et
1066 3257 1236 3315 parcat
1272 3250 1389 3299 mihi
1428 3250 1678 3307 dominuS‚
1727 3255 1775 3300 et
1825 3265 1911 3299 vos
1959 3250 2104 3299 etiam
2142 3264 2240 3298 non
2278 3249 2419 3299 lia-as

223 3334 377 3411 beatis
413 3334 534 3383 mihi
571 3349 660 3398 pro
699 3336 853 3394 malo,
904 3336 1034 3401 quod
1073 3335 1236 3385 scribo
1274 3334 1410 3385 vobis
1449 3336 1728 3384 veritatem:
1779 3335 1890 3399 quia
1927 3333 1994 3383 ibi
2033 3334 2178 3384 etiam
2215 3330 2365 3383 semel
2451 3338 2456 3342 “

335 3503 348 3528 ¹
381 3503 658 3543 rhomanam.
681 3507 722 3545 5.
808 3502 826 3528 ²
857 3506 950 3545 :Et
981 3507 1021 3545 4.
1110 3503 1126 3529 3
1158 3505 1248 3545 iam
1279 3506 1394 3545 omis.
1417 3507 1457 3544 5.
1546 3501 1563 3528 ‘¹
1595 3533 1605 3544 .
1628 3504 1690 3543 Et
1718 3506 1760 3544 4.
1847 3502 1987 3543 miehi
2016 3505 2057 3542 5.
2145 3500 2162 3526 ⁵
2190 3501 2290 3554 Ego
2321 3501 2362 3542 4.

225 3603 238 3616 .
258 3573 356 3627 Ego
388 3577 427 3613 5.
545 3572 561 3598 8
592 3573 853 3626 Lanszperg
883 3579 922 3614 5.
1043 3572 1078 3599 ¹⁰
1108 3587 1211 3615 cras
1250 3580 1348 3614 ante
1389 3573 1583 3627 amplius
1622 3574 1778 3614 adiecit
1808 3575 1850 3613 5.
1966 3571 2001 3597 ¹²
2038 3571 2227 3625 Ispruek
2256 3573 2298 3612 4.
2320 3575 2361 3611 5.

224 3642 259 3670 ¹⁴
290 3642 537 3696 Isprucken
570 3645 609 3683 4.
641 3642 886 3694 Ispzuekeu
916 3648 956 3683 5.
1049 3642 1080 3668 ¹5
1114 3657 1137 3683 e
1170 3646 1212 3683 4.
1243 3657 1267 3696 Q
1299 3648 1338 3685 5.
1438 3642 1470 3668 ¹⁹
1502 3643 1704 3683 rhomam
1736 3647 1778 3683 5.
1903 3641 1941 3668 ²⁰
1971 3643 2114 3683 etiam
2144 3646 2184 3683 5.
2243 3644 2290 3680 et
2319 3642 2363 3680 4.

224 3745 236 3758 .
260 3716 318 3754 Et
350 3718 389 3753 5.
469 3711 501 3737 ²¹
535 3713 736 3752 rhomam
768 3715 808 3751 5.
888 3710 923 3736 ²²
953 3724 1042 3753 uon
1064 3716 1104 3752 5.
1165 3711 1201 3737 ²5
1231 3713 1398 3765 Frigus
1428 3717 1468 3755 5.
1547 3712 1583 3737 ²⁷
1614 3743 1624 3753 .
1646 3717 1755 3752 tune
1787 3716 1826 3752 5.
1912 3711 1949 3738 ²⁸
1981 3713 2074 3752 :Et
2103 3714 2143 3753 4.
2221 3741 2232 3761 ,
2254 3714 2362 3749 tune

223 3798 305 3826 non
334 3784 458 3824 habet
489 3784 530 3826 4.
616 3781 652 3807 ³⁰
680 3781 930 3834 Infrigidat
959 3784 1052 3823 4.5.
1138 3779 1169 3806 3¹
1202 3783 1273 3821 Ita
1305 3784 1397 3821 4.5.
1487 3781 1621 3835 Semp
1654 3785 1692 3824 4.
1801 3781 1980 3835 qnando
2010 3785 2051 3822 5.
2138 3779 2174 3806 3²
2203 3779 2361 3834 Hospi-

226 3855 344 3896 cium
375 3858 417 3894 5.
512 3852 546 3877 ³³
578 3852 774 3893 Datulus
860 3855 1113 3905 percutere.
1145 3864 1228 3891 non
1258 3857 1320 3891 est
1351 3853 1393 3891 in
1425 3854 1464 3892 4.
1553 3850 1589 3877 ³⁶
1621 3883 1631 3892 .
1656 3852 1778 3903 Quia.
1809 3855 1902 3896 4.5.
