<?xml version="1.0" encoding="UTF-8"?>
<!DOCTYPE html PUBLIC "-//W3C//DTD XHTML 1.0 Transitional//EN"
    "http://www.w3.org/TR/xhtml1/DTD/xhtml1-transitional.dtd">
<html xmlns="http://www.w3.org/1999/xhtml" xml:lang="en" lang="en">
 <head>
  <title>
</title>
<meta http-equiv="Content-Type" content="text/html;charset=utf-8" />
  <meta name='ocr-system' content='tesseract 3.04.00' />
  <meta name='ocr-capabilities' content='ocr_page ocr_carea ocr_par ocr_line ocrx_word'/>
</head>
<body>
  <div class='ocr_page' id='page_1' title='image "./supoperaquaerepe01huttuoft_0326.png"; bbox 0 0 2456 4264; ppageno 0'>
   <div class='ocr_carea' id='block_1_1' title="bbox 231 240 1779 298">
    <p class='ocr_par' dir='ltr' id='par_1_1' title="bbox 231 240 1779 298">
     <span class='ocr_line' id='line_1_1' title="bbox 231 240 1779 298; baseline -0.007 0"><span class='ocrx_word' id='word_1_1' title='bbox 231 240 351 298; x_wconf 75' lang='lat'>286</span> <span class='ocrx_word' id='word_1_2' title='bbox 816 262 1050 290; x_wconf 76' lang='lat' dir='ltr'>EPISTOLAE</span> <span class='ocrx_word' id='word_1_3' title='bbox 1075 261 1378 288; x_wconf 84' lang='lat' dir='ltr'>OBSCVRORVM</span> <span class='ocrx_word' id='word_1_4' title='bbox 1398 259 1608 288; x_wconf 85' lang='lat' dir='ltr'><strong>VIRORVM</strong></span> <span class='ocrx_word' id='word_1_5' title='bbox 1630 259 1779 288; x_wconf 80' lang='lat' dir='ltr'><strong>NOVAE.</strong></span> 
     </span>
    </p>
   </div>
   <div class='ocr_carea' id='block_1_2' title="bbox 226 388 2444 3760">
    <p class='ocr_par' dir='ltr' id='par_1_2' title="bbox 226 388 2444 3760">
     <span class='ocr_line' id='line_1_2' title="bbox 233 388 2364 453; baseline -0.004 -10"><span class='ocrx_word' id='word_1_6' title='bbox 233 395 339 443; x_wconf 75' lang='lat' dir='ltr'>facti</span> <span class='ocrx_word' id='word_1_7' title='bbox 378 398 490 442; x_wconf 89' lang='lat' dir='ltr'>sunt</span> <span class='ocrx_word' id='word_1_8' title='bbox 516 389 834 453; x_wconf 86' lang='lat' dir='ltr'>magistrales.</span> <span class='ocrx_word' id='word_1_9' title='bbox 910 389 1005 437; x_wconf 85' lang='lat' dir='ltr'>Sed</span> <span class='ocrx_word' id='word_1_10' title='bbox 1033 405 1141 437; x_wconf 92' lang='lat' dir='ltr'>cum</span> <span class='ocrx_word' id='word_1_11' title='bbox 1170 389 1534 453; x_wconf 76' lang='lat' dir='ltr'>supportatione</span> <span class='ocrx_word' id='word_1_12' title='bbox 1562 403 1647 437; x_wconf 89' lang='lat' dir='ltr'>sua</span> <span class='ocrx_word' id='word_1_13' title='bbox 1675 403 1765 452; x_wconf 89' lang='lat' dir='ltr'>ego</span> <span class='ocrx_word' id='word_1_14' title='bbox 1792 388 2164 452; x_wconf 81' lang='lat' dir='ltr'>distinguerem:</span> <span class='ocrx_word' id='word_1_15' title='bbox 2204 388 2364 451; x_wconf 88' lang='lat' dir='ltr'>primo</span> 
     </span>
     <span class='ocr_line' id='line_1_3' title="bbox 231 471 2365 538; baseline -0.003 -11"><span class='ocrx_word' id='word_1_16' title='bbox 231 479 290 527; x_wconf 88' lang='lat' dir='ltr'>de</span> <span class='ocrx_word' id='word_1_17' title='bbox 329 476 604 526; x_wconf 76' lang='lat' dir='ltr'>cucullatis:</span> <span class='ocrx_word' id='word_1_18' title='bbox 647 476 757 538; x_wconf 89' lang='lat' dir='ltr'>quia</span> <span class='ocrx_word' id='word_1_19' title='bbox 797 478 868 521; x_wconf 91' lang='lat' dir='ltr'>est</span> <span class='ocrx_word' id='word_1_20' title='bbox 907 474 1142 522; x_wconf 87' lang='lat' dir='ltr'>terminus</span> <span class='ocrx_word' id='word_1_21' title='bbox 1180 474 1442 536; x_wconf 72' lang='lat' dir='ltr'>equivocus</span> <span class='ocrx_word' id='word_1_22' title='bbox 1480 473 1539 521; x_wconf 83' lang='lat' dir='ltr'>ad</span> <span class='ocrx_word' id='word_1_23' title='bbox 1579 472 1742 521; x_wconf 91' lang='lat' dir='ltr'>multa.</span> <span class='ocrx_word' id='word_1_24' title='bbox 1817 473 1982 521; x_wconf 89' lang='lat' dir='ltr'>Primo</span> <span class='ocrx_word' id='word_1_25' title='bbox 2022 473 2079 521; x_wconf 90' lang='lat' dir='ltr'>ad</span> <span class='ocrx_word' id='word_1_26' title='bbox 2120 471 2365 522; x_wconf 84' lang='lat' dir='ltr'>Bohemos</span> 
     </span>
     <span class='ocr_line' id='line_1_4' title="bbox 230 555 2366 624; baseline -0.003 -14"><span class='ocrx_word' id='word_1_27' title='bbox 230 564 311 624; x_wconf 87' lang='lat' dir='ltr'>qui</span> <span class='ocrx_word' id='word_1_28' title='bbox 352 561 534 609; x_wconf 88' lang='lat' dir='ltr'>habent</span> <span class='ocrx_word' id='word_1_29' title='bbox 572 556 787 607; x_wconf 87' lang='lat' dir='ltr'>cucullas</span> <span class='ocrx_word' id='word_1_30' title='bbox 824 558 887 604; x_wconf 90' lang='lat' dir='ltr'>ita</span> <span class='ocrx_word' id='word_1_31' title='bbox 926 556 1096 620; x_wconf 89' lang='lat' dir='ltr'>longas</span> <span class='ocrx_word' id='word_1_32' title='bbox 1132 564 1184 605; x_wconf 88' lang='lat' dir='ltr'>ut</span> <span class='ocrx_word' id='word_1_33' title='bbox 1221 558 1397 606; x_wconf 81' lang='lat' dir='ltr'>vadant</span> <span class='ocrx_word' id='word_1_34' title='bbox 1432 555 1559 605; x_wconf 91' lang='lat' dir='ltr'>ultra</span> <span class='ocrx_word' id='word_1_35' title='bbox 1598 555 1843 620; x_wconf 88' lang='lat' dir='ltr'>cingulum</span> <span class='ocrx_word' id='word_1_36' title='bbox 1883 556 2086 606; x_wconf 86' lang='lat' dir='ltr'>abinde:</span> <span class='ocrx_word' id='word_1_37' title='bbox 2127 557 2247 605; x_wconf 90' lang='lat' dir='ltr'>etin</span> <span class='ocrx_word' id='word_1_38' title='bbox 2273 555 2366 604; x_wconf 89' lang='lat' dir='ltr'>illis</span> 
     </span>
     <span class='ocr_line' id='line_1_5' title="bbox 226 641 2366 705; baseline -0.002 -12"><span class='ocrx_word' id='word_1_39' title='bbox 226 661 323 693; x_wconf 91' lang='lat' dir='ltr'>non</span> <span class='ocrx_word' id='word_1_40' title='bbox 363 650 434 693; x_wconf 90' lang='lat' dir='ltr'>est</span> <span class='ocrx_word' id='word_1_41' title='bbox 471 643 694 698; x_wconf 89' lang='lat' dir='ltr'>scientia,</span> <span class='ocrx_word' id='word_1_42' title='bbox 747 641 832 690; x_wconf 89' lang='lat' dir='ltr'>sed</span> <span class='ocrx_word' id='word_1_43' title='bbox 882 642 1043 704; x_wconf 91' lang='lat' dir='ltr'>potius</span> <span class='ocrx_word' id='word_1_44' title='bbox 1087 641 1288 704; x_wconf 76' lang='lat' dir='ltr'>heresis,</span> <span class='ocrx_word' id='word_1_45' title='bbox 1365 642 1590 690; x_wconf 87' lang='lat' dir='ltr'>Secundo</span> <span class='ocrx_word' id='word_1_46' title='bbox 1638 641 1699 690; x_wconf 88' lang='lat' dir='ltr'>ad</span> <span class='ocrx_word' id='word_1_47' title='bbox 1737 641 1913 705; x_wconf 73' lang='lat' dir='ltr'>Iudeos</span> <span class='ocrx_word' id='word_1_48' title='bbox 1950 642 2034 704; x_wconf 91' lang='lat' dir='ltr'>qui</span> <span class='ocrx_word' id='word_1_49' title='bbox 2072 642 2213 690; x_wconf 90' lang='lat' dir='ltr'>etiam</span> <span class='ocrx_word' id='word_1_50' title='bbox 2254 646 2366 689; x_wconf 90' lang='lat' dir='ltr'>sunt</span> 
     </span>
     <span class='ocr_line' id='line_1_6' title="bbox 227 725 2401 788; baseline -0.001 -10"><span class='ocrx_word' id='word_1_51' title='bbox 227 729 476 778; x_wconf 80' lang='lat' dir='ltr'>cucullati:</span> <span class='ocrx_word' id='word_1_52' title='bbox 528 734 574 776; x_wconf 89' lang='lat' dir='ltr'>et</span> <span class='ocrx_word' id='word_1_53' title='bbox 619 733 780 775; x_wconf 89' lang='lat' dir='ltr'>tamen</span> <span class='ocrx_word' id='word_1_54' title='bbox 828 741 926 774; x_wconf 91' lang='lat' dir='ltr'>non</span> <span class='ocrx_word' id='word_1_55' title='bbox 966 726 1241 780; x_wconf 83' lang='lat' dir='ltr'>scientifici,</span> <span class='ocrx_word' id='word_1_56' title='bbox 1293 726 1403 788; x_wconf 90' lang='lat' dir='ltr'>quia</span> <span class='ocrx_word' id='word_1_57' title='bbox 1443 730 1577 774; x_wconf 88' lang='lat' dir='ltr'>extra</span> <span class='ocrx_word' id='word_1_58' title='bbox 1617 725 1887 775; x_wconf 87' lang='lat' dir='ltr'>ecclesiam.</span> <span class='ocrx_word' id='word_1_59' title='bbox 1961 725 2126 774; x_wconf 89' lang='lat' dir='ltr'>Tertio</span> <span class='ocrx_word' id='word_1_60' title='bbox 2164 725 2224 774; x_wconf 87' lang='lat' dir='ltr'>ad</span> <span class='ocrx_word' id='word_1_61' title='bbox 2263 740 2401 775; x_wconf 64' lang='lat' dir='ltr'>mai-5</span> 
     </span>
     <span class='ocr_line' id='line_1_7' title="bbox 227 809 2365 878; baseline -0.003 -16"><span class='ocrx_word' id='word_1_62' title='bbox 227 816 403 878; x_wconf 90' lang='lat' dir='ltr'>gistros</span> <span class='ocrx_word' id='word_1_63' title='bbox 440 818 635 862; x_wconf 88' lang='lat' dir='ltr'>nostros</span> <span class='ocrx_word' id='word_1_64' title='bbox 674 812 754 875; x_wconf 88' lang='lat' dir='ltr'>qui</span> <span class='ocrx_word' id='word_1_65' title='bbox 792 816 904 860; x_wconf 89' lang='lat' dir='ltr'>sunt</span> <span class='ocrx_word' id='word_1_66' title='bbox 940 809 1382 866; x_wconf 67' lang='lat' dir='ltr'>bene&#39;illuminati,</span> <span class='ocrx_word' id='word_1_67' title='bbox 1433 811 1517 859; x_wconf 91' lang='lat' dir='ltr'>sed</span> <span class='ocrx_word' id='word_1_68' title='bbox 1567 825 1665 858; x_wconf 92' lang='lat' dir='ltr'>non</span> <span class='ocrx_word' id='word_1_69' title='bbox 1712 810 1758 858; x_wconf 90' lang='lat' dir='ltr'>in</span> <span class='ocrx_word' id='word_1_70' title='bbox 1799 810 2107 873; x_wconf 88' lang='lat' dir='ltr'>superlativo.</span> <span class='ocrx_word' id='word_1_71' title='bbox 2182 810 2365 867; x_wconf 85' lang='lat' dir='ltr'>Quarto</span> 
     </span>
     <span class='ocr_line' id='line_1_8' title="bbox 228 894 2366 958; baseline -0.002 -11"><span class='ocrx_word' id='word_1_72' title='bbox 228 899 286 947; x_wconf 89' lang='lat' dir='ltr'>ad</span> <span class='ocrx_word' id='word_1_73' title='bbox 325 897 617 947; x_wconf 88' lang='lat' dir='ltr'>monachos:</span> <span class='ocrx_word' id='word_1_74' title='bbox 667 901 714 945; x_wconf 91' lang='lat' dir='ltr'>et</span> <span class='ocrx_word' id='word_1_75' title='bbox 760 895 826 944; x_wconf 92' lang='lat' dir='ltr'>illi</span> <span class='ocrx_word' id='word_1_76' title='bbox 874 894 1317 958; x_wconf 78' lang='lat' dir='ltr'>superexcellenter</span> <span class='ocrx_word' id='word_1_77' title='bbox 1365 895 1546 944; x_wconf 87' lang='lat' dir='ltr'>habent</span> <span class='ocrx_word' id='word_1_78' title='bbox 1593 896 1842 945; x_wconf 81' lang='lat' dir='ltr'>scientiam</span> <span class='ocrx_word' id='word_1_79' title='bbox 1880 896 2004 944; x_wconf 90' lang='lat' dir='ltr'>sicut</span> <span class='ocrx_word' id='word_1_80' title='bbox 2041 910 2125 943; x_wconf 90' lang='lat' dir='ltr'>vos</span> <span class='ocrx_word' id='word_1_81' title='bbox 2161 894 2366 943; x_wconf 79' lang='lat' dir='ltr'>habetis,</span> 
     </span>
     <span class='ocr_line' id='line_1_9' title="bbox 229 979 2371 1046; baseline -0.002 -15"><span class='ocrx_word' id='word_1_82' title='bbox 229 983 378 1046; x_wconf 85' lang='lat' dir='ltr'>Igitur</span> <span class='ocrx_word' id='word_1_83' title='bbox 417 997 536 1046; x_wconf 89' lang='lat' dir='ltr'>rogo</span> <span class='ocrx_word' id='word_1_84' title='bbox 575 997 674 1035; x_wconf 91' lang='lat' dir='ltr'>vos,</span> <span class='ocrx_word' id='word_1_85' title='bbox 715 980 870 1030; x_wconf 88' lang='lat' dir='ltr'>iuvate</span> <span class='ocrx_word' id='word_1_86' title='bbox 911 979 975 1028; x_wconf 93' lang='lat' dir='ltr'>illi</span> <span class='ocrx_word' id='word_1_87' title='bbox 1013 979 1281 1028; x_wconf 87' lang='lat' dir='ltr'>monacho:</span> <span class='ocrx_word' id='word_1_88' title='bbox 1323 980 1434 1043; x_wconf 89' lang='lat' dir='ltr'>quia</span> <span class='ocrx_word' id='word_1_89' title='bbox 1475 981 1616 1029; x_wconf 90' lang='lat' dir='ltr'>etiam</span> <span class='ocrx_word' id='word_1_90' title='bbox 1656 995 1741 1029; x_wconf 89' lang='lat' dir='ltr'>vos</span> <span class='ocrx_word' id='word_1_91' title='bbox 1780 980 1894 1029; x_wconf 91' lang='lat' dir='ltr'>estis</span> <span class='ocrx_word' id='word_1_92' title='bbox 1932 996 1991 1029; x_wconf 90' lang='lat' dir='ltr'>ex</span> <span class='ocrx_word' id='word_1_93' title='bbox 2028 985 2183 1043; x_wconf 87' lang='lat' dir='ltr'>parte,</span> <span class='ocrx_word' id='word_1_94' title='bbox 2222 979 2269 1027; x_wconf 89' lang='lat' dir='ltr'>id</span> <span class='ocrx_word' id='word_1_95' title='bbox 2298 984 2371 1028; x_wconf 89' lang='lat' dir='ltr'>est</span> 
     </span>
     <span class='ocr_line' id='line_1_10' title="bbox 228 1063 2444 1128; baseline -0.002 -12"><span class='ocrx_word' id='word_1_96' title='bbox 228 1069 371 1117; x_wconf 89' lang='lat' dir='ltr'>tertio</span> <span class='ocrx_word' id='word_1_97' title='bbox 411 1067 556 1116; x_wconf 89' lang='lat' dir='ltr'>modo</span> <span class='ocrx_word' id='word_1_98' title='bbox 596 1064 893 1121; x_wconf 76' lang='lat' dir='ltr'>cucullatus,</span> <span class='ocrx_word' id='word_1_99' title='bbox 943 1070 996 1113; x_wconf 92' lang='lat' dir='ltr'>ut</span> <span class='ocrx_word' id='word_1_100' title='bbox 1042 1066 1193 1127; x_wconf 84' lang='lat' dir='ltr'>possit</span> <span class='ocrx_word' id='word_1_101' title='bbox 1244 1065 1424 1128; x_wconf 85' lang='lat' dir='ltr'>scripta</span> <span class='ocrx_word' id='word_1_102' title='bbox 1473 1081 1557 1114; x_wconf 87' lang='lat' dir='ltr'>sua</span> <span class='ocrx_word' id='word_1_103' title='bbox 1607 1065 1870 1114; x_wconf 81' lang='lat' dir='ltr'>defendere</span> <span class='ocrx_word' id='word_1_104' title='bbox 1909 1070 2077 1113; x_wconf 88' lang='lat' dir='ltr'>contra</span> <span class='ocrx_word' id='word_1_105' title='bbox 2115 1063 2368 1128; x_wconf 88' lang='lat' dir='ltr'>Wimphe·</span> <span class='ocrx_word' id='word_1_106' title='bbox 2439 1069 2444 1076; x_wconf 80' lang='lat'>&#39;</span> 
     </span>
     <span class='ocr_line' id='line_1_11' title="bbox 226 1148 2427 1214; baseline -0.001 -14"><span class='ocrx_word' id='word_1_107' title='bbox 226 1152 428 1214; x_wconf 85' lang='lat' dir='ltr'>lingum.</span> <span class='ocrx_word' id='word_1_108' title='bbox 505 1151 624 1209; x_wconf 85' lang='lat' dir='ltr'>Quia</span> <span class='ocrx_word' id='word_1_109' title='bbox 666 1158 717 1199; x_wconf 92' lang='lat' dir='ltr'>ut</span> <span class='ocrx_word' id='word_1_110' title='bbox 754 1150 896 1199; x_wconf 94' lang='lat' dir='ltr'>audio</span> <span class='ocrx_word' id='word_1_111' title='bbox 935 1150 1063 1213; x_wconf 84' lang='lat' dir='ltr'>quod</span> <span class='ocrx_word' id='word_1_112' title='bbox 1100 1148 1488 1213; x_wconf 89' lang='lat' dir='ltr'>Wimpbelingus</span> <span class='ocrx_word' id='word_1_113' title='bbox 1526 1149 1673 1198; x_wconf 90' lang='lat' dir='ltr'>habet</span> <span class='ocrx_word' id='word_1_114' title='bbox 1710 1149 1888 1198; x_wconf 90' lang='lat' dir='ltr'>multos</span> <span class='ocrx_word' id='word_1_115' title='bbox 1926 1148 2205 1213; x_wconf 77' lang='lat' dir='ltr'>discipuIOS,</span> <span class='ocrx_word' id='word_1_116' title='bbox 2246 1163 2427 1214; x_wconf 74' lang='lat' dir='ltr'>quosto</span> 
     </span>
     <span class='ocr_line' id='line_1_12' title="bbox 228 1233 2443 1298; baseline -0.002 -12"><span class='ocrx_word' id='word_1_117' title='bbox 228 1237 374 1286; x_wconf 87' lang='lat' dir='ltr'>michi</span> <span class='ocrx_word' id='word_1_118' title='bbox 411 1251 538 1286; x_wconf 91' lang='lat' dir='ltr'>unus</span> <span class='ocrx_word' id='word_1_119' title='bbox 577 1251 735 1298; x_wconf 86' lang='lat' dir='ltr'>nuper</span> <span class='ocrx_word' id='word_1_120' title='bbox 773 1235 1063 1290; x_wconf 86' lang='lat' dir='ltr'>nominavit,</span> <span class='ocrx_word' id='word_1_121' title='bbox 1119 1236 1199 1298; x_wconf 88' lang='lat' dir='ltr'>qui</span> <span class='ocrx_word' id='word_1_122' title='bbox 1238 1241 1350 1282; x_wconf 90' lang='lat' dir='ltr'>sunt</span> <span class='ocrx_word' id='word_1_123' title='bbox 1397 1236 1445 1282; x_wconf 92' lang='lat' dir='ltr'>in</span> <span class='ocrx_word' id='word_1_124' title='bbox 1484 1234 1773 1298; x_wconf 85' lang='lat' dir='ltr'>Argentina:</span> <span class='ocrx_word' id='word_1_125' title='bbox 1826 1235 1961 1284; x_wconf 90' lang='lat' dir='ltr'>Unus</span> <span class='ocrx_word' id='word_1_126' title='bbox 1997 1239 2197 1283; x_wconf 90' lang='lat' dir='ltr'>vocatur</span> <span class='ocrx_word' id='word_1_127' title='bbox 2234 1233 2368 1282; x_wconf 87' lang='lat' dir='ltr'>laco·</span> <span class='ocrx_word' id='word_1_128' title='bbox 2436 1252 2443 1258; x_wconf 69' lang='grc'><em>’</em></span> 
     </span>
     <span class='ocr_line' id='line_1_13' title="bbox 229 1318 2367 1377; baseline -0.002 -5"><span class='ocrx_word' id='word_1_129' title='bbox 229 1322 320 1371; x_wconf 89' lang='lat' dir='ltr'>bus</span> <span class='ocrx_word' id='word_1_130' title='bbox 347 1323 590 1371; x_wconf 89' lang='lat' dir='ltr'>Sturmius</span> <span class='ocrx_word' id='word_1_131' title='bbox 629 1320 818 1377; x_wconf 91' lang='lat' dir='ltr'>nobilis,</span> <span class='ocrx_word' id='word_1_132' title='bbox 860 1326 907 1368; x_wconf 91' lang='lat' dir='ltr'>et</span> <span class='ocrx_word' id='word_1_133' title='bbox 945 1325 997 1368; x_wconf 89' lang='lat' dir='ltr'>ut</span> <span class='ocrx_word' id='word_1_134' title='bbox 1036 1319 1202 1368; x_wconf 88' lang='lat' dir='ltr'>dicunt</span> <span class='ocrx_word' id='word_1_135' title='bbox 1239 1319 1400 1368; x_wconf 90' lang='lat' dir='ltr'>bonus</span> <span class='ocrx_word' id='word_1_136' title='bbox 1436 1319 1659 1369; x_wconf 88' lang='lat' dir='ltr'>latinista.</span> <span class='ocrx_word' id='word_1_137' title='bbox 1736 1318 1857 1368; x_wconf 87' lang='lat' dir='ltr'>alius</span> <span class='ocrx_word' id='word_1_138' title='bbox 1884 1319 2164 1368; x_wconf 88' lang='lat' dir='ltr'>Ottomarus</span> <span class='ocrx_word' id='word_1_139' title='bbox 2203 1319 2367 1367; x_wconf 91' lang='lat' dir='ltr'>Lusci-</span> 
     </span>
     <span class='ocr_line' id='line_1_14' title="bbox 228 1403 2368 1470; baseline -0.001 -16"><span class='ocrx_word' id='word_1_140' title='bbox 228 1409 338 1456; x_wconf 90' lang='lat' dir='ltr'>nius</span> <span class='ocrx_word' id='word_1_141' title='bbox 377 1408 458 1470; x_wconf 92' lang='lat' dir='ltr'>qui</span> <span class='ocrx_word' id='word_1_142' title='bbox 496 1407 639 1454; x_wconf 91' lang='lat' dir='ltr'>etiam</span> <span class='ocrx_word' id='word_1_143' title='bbox 677 1406 766 1454; x_wconf 89' lang='lat' dir='ltr'>scit</span> <span class='ocrx_word' id='word_1_144' title='bbox 803 1420 1003 1469; x_wconf 75' lang='lat' dir='ltr'>grecum</span> <span class='ocrx_word' id='word_1_145' title='bbox 1044 1405 1167 1453; x_wconf 90' lang='lat' dir='ltr'>sicut</span> <span class='ocrx_word' id='word_1_146' title='bbox 1202 1403 1466 1459; x_wconf 79' lang='lat' dir='ltr'>Reuclilin‚</span> <span class='ocrx_word' id='word_1_147' title='bbox 1508 1410 1557 1454; x_wconf 92' lang='lat' dir='ltr'>et</span> <span class='ocrx_word' id='word_1_148' title='bbox 1594 1405 1686 1453; x_wconf 87' lang='lat' dir='ltr'>scit</span> <span class='ocrx_word' id='word_1_149' title='bbox 1723 1403 1931 1454; x_wconf 91' lang='lat' dir='ltr'>multum</span> <span class='ocrx_word' id='word_1_150' title='bbox 1970 1404 2182 1467; x_wconf 81' lang='lat' dir='ltr'>allegare</span> <span class='ocrx_word' id='word_1_151' title='bbox 2222 1403 2368 1452; x_wconf 85' lang='lat' dir='ltr'>Extra</span> 
     </span>
     <span class='ocr_line' id='line_1_15' title="bbox 230 1488 2367 1553; baseline -0.002 -12"><span class='ocrx_word' id='word_1_152' title='bbox 230 1499 276 1541; x_wconf 91' lang='lat' dir='ltr'>et</span> <span class='ocrx_word' id='word_1_153' title='bbox 312 1492 541 1553; x_wconf 82' lang='lat' dir='ltr'>DigestiS‚</span> <span class='ocrx_word' id='word_1_154' title='bbox 584 1491 728 1539; x_wconf 89' lang='lat' dir='ltr'>etiam</span> <span class='ocrx_word' id='word_1_155' title='bbox 769 1505 823 1538; x_wconf 88' lang='lat' dir='ltr'>ex</span> <span class='ocrx_word' id='word_1_156' title='bbox 864 1489 1043 1546; x_wconf 85' lang='lat' dir='ltr'>Biblia,</span> <span class='ocrx_word' id='word_1_157' title='bbox 1086 1504 1178 1552; x_wconf 77' lang='lat' dir='ltr'>que</span> <span class='ocrx_word' id='word_1_158' title='bbox 1216 1504 1315 1537; x_wconf 91' lang='lat' dir='ltr'>non</span> <span class='ocrx_word' id='word_1_159' title='bbox 1354 1495 1466 1538; x_wconf 92' lang='lat' dir='ltr'>sunt</span> <span class='ocrx_word' id='word_1_160' title='bbox 1504 1489 1759 1545; x_wconf 87' lang='lat' dir='ltr'>mirabilia,</span> <span class='ocrx_word' id='word_1_161' title='bbox 1801 1491 1911 1553; x_wconf 88' lang='lat' dir='ltr'>quia</span> <span class='ocrx_word' id='word_1_162' title='bbox 1950 1490 2136 1539; x_wconf 90' lang='lat' dir='ltr'>studuit</span> <span class='ocrx_word' id='word_1_163' title='bbox 2174 1490 2223 1537; x_wconf 91' lang='lat' dir='ltr'>in</span> <span class='ocrx_word' id='word_1_164' title='bbox 2249 1488 2367 1537; x_wconf 91' lang='lat' dir='ltr'>Par-</span> 
     </span>
     <span class='ocr_line' id='line_1_16' title="bbox 227 1571 2425 1639; baseline -0 -15"><span class='ocrx_word' id='word_1_165' title='bbox 227 1577 390 1625; x_wconf 86' lang='lat' dir='ltr'>rhisia.</span> <span class='ocrx_word' id='word_1_166' title='bbox 467 1576 586 1624; x_wconf 85' lang='lat' dir='ltr'>Item</span> <span class='ocrx_word' id='word_1_167' title='bbox 623 1575 778 1623; x_wconf 89' lang='lat' dir='ltr'>Lucas</span> <span class='ocrx_word' id='word_1_168' title='bbox 816 1574 1048 1624; x_wconf 87' lang='lat' dir='ltr'>Batodius</span> <span class='ocrx_word' id='word_1_169' title='bbox 1087 1579 1134 1623; x_wconf 90' lang='lat' dir='ltr'>et</span> <span class='ocrx_word' id='word_1_170' title='bbox 1170 1574 1376 1623; x_wconf 90' lang='lat' dir='ltr'>Ioannes</span> <span class='ocrx_word' id='word_1_171' title='bbox 1403 1573 1636 1631; x_wconf 82' lang='lat' dir='ltr'>RuseruS,</span> <span class='ocrx_word' id='word_1_172' title='bbox 1675 1574 1881 1624; x_wconf 87' lang='lat' dir='ltr'>Ioannes</span> <span class='ocrx_word' id='word_1_173' title='bbox 1909 1574 2120 1639; x_wconf 88' lang='lat' dir='ltr'>Sapidus</span> <span class='ocrx_word' id='word_1_174' title='bbox 2159 1580 2206 1623; x_wconf 88' lang='lat' dir='ltr'>et</span> <span class='ocrx_word' id='word_1_175' title='bbox 2231 1571 2368 1622; x_wconf 88' lang='lat' dir='ltr'>multi</span> <span class='ocrx_word' id='word_1_176' title='bbox 2391 1591 2425 1623; x_wconf 65' lang='lat'>*5</span> 
     </span>
     <span class='ocr_line' id='line_1_17' title="bbox 229 1657 2368 1724; baseline -0.001 -14"><span class='ocrx_word' id='word_1_177' title='bbox 229 1661 336 1719; x_wconf 86' lang='lat' dir='ltr'>alii,</span> <span class='ocrx_word' id='word_1_178' title='bbox 385 1662 468 1724; x_wconf 87' lang='lat' dir='ltr'>qui</span> <span class='ocrx_word' id='word_1_179' title='bbox 516 1674 684 1708; x_wconf 91' lang='lat' dir='ltr'>omnes</span> <span class='ocrx_word' id='word_1_180' title='bbox 719 1658 885 1707; x_wconf 88' lang='lat' dir='ltr'>volunt</span> <span class='ocrx_word' id='word_1_181' title='bbox 922 1658 1298 1722; x_wconf 88' lang='lat' dir='ltr'>Wimphelingio</span> <span class='ocrx_word' id='word_1_182' title='bbox 1336 1660 1502 1708; x_wconf 87' lang='lat' dir='ltr'>iuvare</span> <span class='ocrx_word' id='word_1_183' title='bbox 1541 1664 1709 1709; x_wconf 89' lang='lat' dir='ltr'>contra</span> <span class='ocrx_word' id='word_1_184' title='bbox 1749 1657 2017 1708; x_wconf 87' lang='lat' dir='ltr'>cucullatos</span> <span class='ocrx_word' id='word_1_185' title='bbox 2056 1667 2102 1709; x_wconf 89' lang='lat' dir='ltr'>et</span> <span class='ocrx_word' id='word_1_186' title='bbox 2141 1675 2224 1708; x_wconf 91' lang='lat' dir='ltr'>eos</span> <span class='ocrx_word' id='word_1_187' title='bbox 2261 1673 2368 1707; x_wconf 85' lang='lat' dir='ltr'>rea-</span> 
     </span>
     <span class='ocr_line' id='line_1_18' title="bbox 228 1726 2434 1809; baseline -0.002 -15"><span class='ocrx_word' id='word_1_188' title='bbox 228 1746 340 1794; x_wconf 85' lang='lat' dir='ltr'>liter</span> <span class='ocrx_word' id='word_1_189' title='bbox 379 1745 605 1809; x_wconf 87' lang='lat' dir='ltr'>expedire</span> <span class='ocrx_word' id='word_1_190' title='bbox 643 1745 691 1792; x_wconf 94' lang='lat' dir='ltr'>in</span> <span class='ocrx_word' id='word_1_191' title='bbox 730 1745 922 1808; x_wconf 90' lang='lat' dir='ltr'>scriptis</span> <span class='ocrx_word' id='word_1_192' title='bbox 961 1745 1073 1792; x_wconf 82' lang='lat' dir='ltr'>suis,</span> <span class='ocrx_word' id='word_1_193' title='bbox 1150 1744 1209 1792; x_wconf 87' lang='lat' dir='ltr'>Et</span> <span class='ocrx_word' id='word_1_194' title='bbox 1246 1743 1411 1792; x_wconf 88' lang='lat' dir='ltr'>dicunt</span> <span class='ocrx_word' id='word_1_195' title='bbox 1450 1759 1621 1793; x_wconf 90' lang='lat' dir='ltr'>omnes</span> <span class='ocrx_word' id='word_1_196' title='bbox 1661 1743 1790 1807; x_wconf 92' lang='lat' dir='ltr'>quod</span> <span class='ocrx_word' id='word_1_197' title='bbox 1827 1742 1908 1792; x_wconf 90' lang='lat' dir='ltr'>ille</span> <span class='ocrx_word' id='word_1_198' title='bbox 1945 1742 2125 1793; x_wconf 90' lang='lat' dir='ltr'>Paulus</span> <span class='ocrx_word' id='word_1_199' title='bbox 2162 1759 2259 1792; x_wconf 92' lang='lat' dir='ltr'>non</span> <span class='ocrx_word' id='word_1_200' title='bbox 2299 1748 2371 1793; x_wconf 89' lang='lat' dir='ltr'>est</span> <span class='ocrx_word' id='word_1_201' title='bbox 2432 1726 2434 1730; x_wconf 41' lang='grc'><strong>’</strong></span> 
     </span>
     <span class='ocr_line' id='line_1_19' title="bbox 228 1827 2369 1893; baseline -0.001 -13"><span class='ocrx_word' id='word_1_202' title='bbox 228 1831 353 1880; x_wconf 89' lang='lat' dir='ltr'>bene</span> <span class='ocrx_word' id='word_1_203' title='bbox 403 1830 630 1879; x_wconf 86' lang='lat' dir='ltr'>fundatus</span> <span class='ocrx_word' id='word_1_204' title='bbox 678 1831 726 1877; x_wconf 92' lang='lat' dir='ltr'>in</span> <span class='ocrx_word' id='word_1_205' title='bbox 776 1829 914 1877; x_wconf 85' lang='lat' dir='ltr'>dictis</span> <span class='ocrx_word' id='word_1_206' title='bbox 953 1830 1079 1885; x_wconf 92' lang='lat' dir='ltr'>suis,</span> <span class='ocrx_word' id='word_1_207' title='bbox 1122 1834 1168 1877; x_wconf 87' lang='lat' dir='ltr'>et</span> <span class='ocrx_word' id='word_1_208' title='bbox 1205 1827 1330 1877; x_wconf 88' lang='lat' dir='ltr'>bene</span> <span class='ocrx_word' id='word_1_209' title='bbox 1368 1844 1544 1878; x_wconf 88' lang='lat' dir='ltr'>novem</span> <span class='ocrx_word' id='word_1_210' title='bbox 1582 1829 1739 1877; x_wconf 90' lang='lat' dir='ltr'>modis</span> <span class='ocrx_word' id='word_1_211' title='bbox 1777 1830 2063 1893; x_wconf 85' lang='lat' dir='ltr'>apostatavit</span> <span class='ocrx_word' id='word_1_212' title='bbox 2099 1828 2159 1878; x_wconf 89' lang='lat' dir='ltr'>ab</span> <span class='ocrx_word' id='word_1_213' title='bbox 2199 1828 2369 1877; x_wconf 88' lang='lat' dir='ltr'>ordine</span> 
     </span>
     <span class='ocr_line' id='line_1_20' title="bbox 230 1913 2369 1978; baseline -0.002 -13"><span class='ocrx_word' id='word_1_214' title='bbox 230 1921 277 1965; x_wconf 86' lang='lat' dir='ltr'>et</span> <span class='ocrx_word' id='word_1_215' title='bbox 316 1914 387 1965; x_wconf 80' lang='lat' dir='ltr'>est</span> <span class='ocrx_word' id='word_1_216' title='bbox 423 1914 668 1978; x_wconf 90' lang='lat' dir='ltr'>inquietus</span> <span class='ocrx_word' id='word_1_217' title='bbox 707 1920 753 1962; x_wconf 89' lang='lat' dir='ltr'>et</span> <span class='ocrx_word' id='word_1_218' title='bbox 790 1914 997 1962; x_wconf 86' lang='lat' dir='ltr'>trufator</span> <span class='ocrx_word' id='word_1_219' title='bbox 1035 1914 1302 1969; x_wconf 82' lang='lat' dir='ltr'>maximus,</span> <span class='ocrx_word' id='word_1_220' title='bbox 1352 1914 1478 1962; x_wconf 88' lang='lat' dir='ltr'>sicut</span> <span class='ocrx_word' id='word_1_221' title='bbox 1523 1914 1736 1977; x_wconf 71' lang='lat' dir='ltr'>ipsemet·</span> <span class='ocrx_word' id='word_1_222' title='bbox 1767 1913 2028 1963; x_wconf 89' lang='lat' dir='ltr'>Tritemius</span> <span class='ocrx_word' id='word_1_223' title='bbox 2075 1914 2269 1978; x_wconf 83' lang='lat' dir='ltr'>scripsit</span> <span class='ocrx_word' id='word_1_224' title='bbox 2319 1914 2369 1961; x_wconf 92' lang='lat' dir='ltr'>in</span> 
     </span>
     <span class='ocr_line' id='line_1_21' title="bbox 231 1994 2422 2063; baseline -0 -15"><span class='ocrx_word' id='word_1_225' title='bbox 231 2015 322 2049; x_wconf 92' lang='lat' dir='ltr'>una</span> <span class='ocrx_word' id='word_1_226' title='bbox 362 1999 500 2048; x_wconf 90' lang='lat' dir='ltr'>litera</span> <span class='ocrx_word' id='word_1_227' title='bbox 538 1999 597 2047; x_wconf 88' lang='lat' dir='ltr'>ad</span> <span class='ocrx_word' id='word_1_228' title='bbox 635 1998 985 2063; x_wconf 80' lang='lat' dir='ltr'>Hieronymum</span> <span class='ocrx_word' id='word_1_229' title='bbox 1024 1994 1401 2060; x_wconf 84' lang='lat' dir='ltr'>Tungerssheim</span> <span class='ocrx_word' id='word_1_230' title='bbox 1440 2014 1498 2048; x_wconf 85' lang='lat' dir='ltr'>ex</span> <span class='ocrx_word' id='word_1_231' title='bbox 1537 1998 1859 2048; x_wconf 87' lang='lat' dir='ltr'>Ochsenfurt:</span> <span class='ocrx_word' id='word_1_232' title='bbox 1909 2007 1955 2048; x_wconf 91' lang='lat' dir='ltr'>et</span> <span class='ocrx_word' id='word_1_233' title='bbox 2002 2014 2231 2063; x_wconf 88' lang='lat' dir='ltr'>magnum</span> <span class='ocrx_word' id='word_1_234' title='bbox 2280 1998 2364 2047; x_wconf 83' lang='lat' dir='ltr'>da·</span> <span class='ocrx_word' id='word_1_235' title='bbox 2380 2014 2422 2063; x_wconf 76' lang='lat'>20</span> 
     </span>
     <span class='ocr_line' id='line_1_22' title="bbox 230 2082 2442 2149; baseline -0.001 -15"><span class='ocrx_word' id='word_1_236' title='bbox 230 2100 397 2134; x_wconf 92' lang='lat' dir='ltr'>mnum</span> <span class='ocrx_word' id='word_1_237' title='bbox 426 2089 496 2134; x_wconf 84' lang='lat' dir='ltr'>cst</span> <span class='ocrx_word' id='word_1_238' title='bbox 533 2083 663 2148; x_wconf 90' lang='lat' dir='ltr'>quod</span> <span class='ocrx_word' id='word_1_239' title='bbox 702 2082 872 2147; x_wconf 87' lang='lat' dir='ltr'>aliquis</span> <span class='ocrx_word' id='word_1_240' title='bbox 909 2084 980 2132; x_wconf 90' lang='lat' dir='ltr'>sic</span> <span class='ocrx_word' id='word_1_241' title='bbox 1019 2082 1166 2132; x_wconf 89' lang='lat' dir='ltr'>debet</span> <span class='ocrx_word' id='word_1_242' title='bbox 1201 2083 1412 2147; x_wconf 87' lang='lat' dir='ltr'>perdere</span> <span class='ocrx_word' id='word_1_243' title='bbox 1449 2099 1688 2149; x_wconf 88' lang='lat' dir='ltr'>papyrum</span> <span class='ocrx_word' id='word_1_244' title='bbox 1728 2090 1775 2134; x_wconf 88' lang='lat' dir='ltr'>et</span> <span class='ocrx_word' id='word_1_245' title='bbox 1812 2085 2101 2140; x_wconf 87' lang='lat' dir='ltr'>incaustum,</span> <span class='ocrx_word' id='word_1_246' title='bbox 2143 2088 2190 2133; x_wconf 92' lang='lat' dir='ltr'>et</span> <span class='ocrx_word' id='word_1_247' title='bbox 2229 2085 2371 2132; x_wconf 90' lang='lat' dir='ltr'>etiam</span> <span class='ocrx_word' id='word_1_248' title='bbox 2439 2129 2442 2131; x_wconf 16' lang='grc' dir='ltr'><strong>Α</strong></span> 
     </span>
     <span class='ocr_line' id='line_1_23' title="bbox 230 2167 2371 2234; baseline 0 -16"><span class='ocrx_word' id='word_1_249' title='bbox 230 2176 444 2234; x_wconf 77' lang='lat' dir='ltr'>tempUS,</span> <span class='ocrx_word' id='word_1_250' title='bbox 503 2169 627 2217; x_wconf 91' lang='lat' dir='ltr'>sicut</span> <span class='ocrx_word' id='word_1_251' title='bbox 675 2169 778 2232; x_wconf 93' lang='lat' dir='ltr'>ipse</span> <span class='ocrx_word' id='word_1_252' title='bbox 827 2168 954 2217; x_wconf 84' lang='lat' dir='ltr'>fecit.</span> <span class='ocrx_word' id='word_1_253' title='bbox 1030 2167 1125 2232; x_wconf 91' lang='lat' dir='ltr'>Ipsi</span> <span class='ocrx_word' id='word_1_254' title='bbox 1174 2169 1315 2218; x_wconf 81' lang='lat' dir='ltr'>etiam</span> <span class='ocrx_word' id='word_1_255' title='bbox 1367 2168 1559 2224; x_wconf 89' lang='lat' dir='ltr'>dicunt,</span> <span class='ocrx_word' id='word_1_256' title='bbox 1618 2169 1745 2234; x_wconf 88' lang='lat' dir='ltr'>quod</span> <span class='ocrx_word' id='word_1_257' title='bbox 1803 2175 1999 2219; x_wconf 89' lang='lat' dir='ltr'>sanctus</span> <span class='ocrx_word' id='word_1_258' title='bbox 2046 2169 2371 2234; x_wconf 83' lang='lat' dir='ltr'>Hieronymus</span> 
     </span>
     <span class='ocr_line' id='line_1_24' title="bbox 231 2252 2373 2318; baseline -0 -14"><span class='ocrx_word' id='word_1_259' title='bbox 231 2254 398 2304; x_wconf 87' lang='lat' dir='ltr'>scribit</span> <span class='ocrx_word' id='word_1_260' title='bbox 435 2253 494 2302; x_wconf 91' lang='lat' dir='ltr'>ad</span> <span class='ocrx_word' id='word_1_261' title='bbox 532 2268 684 2302; x_wconf 91' lang='lat' dir='ltr'>unum</span> <span class='ocrx_word' id='word_1_262' title='bbox 722 2253 1016 2301; x_wconf 88' lang='lat' dir='ltr'>monachum</span> <span class='ocrx_word' id='word_1_263' title='bbox 1056 2253 1148 2301; x_wconf 85' lang='lat' dir='ltr'>sic:</span> <span class='ocrx_word' id='word_1_264' title='bbox 1201 2252 1476 2318; x_wconf 88' lang='lat' dir='ltr'>‘Nunquam</span> <span class='ocrx_word' id='word_1_265' title='bbox 1526 2254 1586 2303; x_wconf 88' lang='lat' dir='ltr'>de</span> <span class='ocrx_word' id='word_1_266' title='bbox 1633 2269 1781 2304; x_wconf 86' lang='lat' dir='ltr'>manu</span> <span class='ocrx_word' id='word_1_267' title='bbox 1828 2260 1907 2303; x_wconf 88' lang='lat' dir='ltr'>tua</span> <span class='ocrx_word' id='word_1_268' title='bbox 1958 2253 2029 2304; x_wconf 85' lang='lat' dir='ltr'>vel</span> <span class='ocrx_word' id='word_1_269' title='bbox 2078 2253 2232 2303; x_wconf 88' lang='lat' dir='ltr'>oculis</span> <span class='ocrx_word' id='word_1_270' title='bbox 2281 2255 2373 2303; x_wconf 89' lang='lat' dir='ltr'>tuis</span> 
     </span>
     <span class='ocr_line' id='line_1_25' title="bbox 230 2336 2370 2403; baseline -0 -14"><span class='ocrx_word' id='word_1_271' title='bbox 230 2339 357 2390; x_wconf 91' lang='lat' dir='ltr'>liber</span> <span class='ocrx_word' id='word_1_272' title='bbox 383 2339 608 2389; x_wconf 88' lang='lat' dir='ltr'>Psalterii</span> <span class='ocrx_word' id='word_1_273' title='bbox 635 2336 889 2387; x_wconf 87' lang='lat' dir='ltr'>discedat&#39;:</span> <span class='ocrx_word' id='word_1_274' title='bbox 930 2338 1059 2402; x_wconf 87' lang='lat' dir='ltr'>quod</span> <span class='ocrx_word' id='word_1_275' title='bbox 1100 2338 1138 2385; x_wconf 91' lang='lat' dir='ltr'>si</span> <span class='ocrx_word' id='word_1_276' title='bbox 1166 2344 1292 2387; x_wconf 88' lang='lat' dir='ltr'>esset</span> <span class='ocrx_word' id='word_1_277' title='bbox 1318 2353 1501 2395; x_wconf 89' lang='lat' dir='ltr'>verum,</span> <span class='ocrx_word' id='word_1_278' title='bbox 1544 2344 1658 2388; x_wconf 89' lang='lat' dir='ltr'>tunc</span> <span class='ocrx_word' id='word_1_279' title='bbox 1685 2338 1926 2403; x_wconf 85' lang='lat' dir='ltr'>obligaret</span> <span class='ocrx_word' id='word_1_280' title='bbox 1952 2339 2217 2388; x_wconf 85' lang='lat' dir='ltr'>monachos</span> <span class='ocrx_word' id='word_1_281' title='bbox 2244 2354 2370 2389; x_wconf 89' lang='lat' dir='ltr'>sem-</span> 
     </span>
     <span class='ocr_line' id='line_1_26' title="bbox 231 2422 2424 2489; baseline 0.001 -16"><span class='ocrx_word' id='word_1_282' title='bbox 231 2440 320 2489; x_wconf 89' lang='lat' dir='ltr'>per</span> <span class='ocrx_word' id='word_1_283' title='bbox 360 2430 407 2473; x_wconf 92' lang='lat' dir='ltr'>et</span> <span class='ocrx_word' id='word_1_284' title='bbox 444 2439 534 2487; x_wconf 92' lang='lat' dir='ltr'>pro</span> <span class='ocrx_word' id='word_1_285' title='bbox 572 2438 791 2487; x_wconf 89' lang='lat' dir='ltr'>semper,</span> <span class='ocrx_word' id='word_1_286' title='bbox 833 2423 942 2487; x_wconf 89' lang='lat' dir='ltr'>quia</span> <span class='ocrx_word' id='word_1_287' title='bbox 985 2428 1057 2471; x_wconf 90' lang='lat' dir='ltr'>est</span> <span class='ocrx_word' id='word_1_288' title='bbox 1093 2423 1384 2485; x_wconf 85' lang='lat' dir='ltr'>negativum.</span> <span class='ocrx_word' id='word_1_289' title='bbox 1459 2422 1520 2471; x_wconf 90' lang='lat' dir='ltr'>Et</span> <span class='ocrx_word' id='word_1_290' title='bbox 1558 2425 1626 2472; x_wconf 91' lang='lat' dir='ltr'>sic</span> <span class='ocrx_word' id='word_1_291' title='bbox 1666 2425 1890 2474; x_wconf 86' lang='lat' dir='ltr'>monachi</span> <span class='ocrx_word' id='word_1_292' title='bbox 1928 2422 2076 2473; x_wconf 89' lang='lat' dir='ltr'>nichil</span> <span class='ocrx_word' id='word_1_293' title='bbox 2114 2424 2244 2473; x_wconf 90' lang='lat' dir='ltr'>aliud</span> <span class='ocrx_word' id='word_1_294' title='bbox 2284 2424 2424 2476; x_wconf 43' lang='lat' dir='ltr'>deas</span> 
     </span>
     <span class='ocr_line' id='line_1_27' title="bbox 232 2506 2370 2574; baseline 0 -16"><span class='ocrx_word' id='word_1_295' title='bbox 232 2509 406 2558; x_wconf 87' lang='lat' dir='ltr'>herent</span> <span class='ocrx_word' id='word_1_296' title='bbox 432 2508 595 2558; x_wconf 85' lang='lat' dir='ltr'>facere</span> <span class='ocrx_word' id='word_1_297' title='bbox 622 2524 766 2572; x_wconf 87' lang='lat' dir='ltr'>quam</span> <span class='ocrx_word' id='word_1_298' title='bbox 794 2506 1082 2556; x_wconf 90' lang='lat' dir='ltr'>Psalterium</span> <span class='ocrx_word' id='word_1_299' title='bbox 1120 2506 1311 2569; x_wconf 87' lang='lat' dir='ltr'>legere:</span> <span class='ocrx_word' id='word_1_300' title='bbox 1352 2507 1436 2556; x_wconf 85' lang='lat' dir='ltr'>sed</span> <span class='ocrx_word' id='word_1_301' title='bbox 1477 2524 1566 2572; x_wconf 90' lang='lat' dir='ltr'>ego</span> <span class='ocrx_word' id='word_1_302' title='bbox 1606 2509 1754 2558; x_wconf 88' lang='lat' dir='ltr'>credo</span> <span class='ocrx_word' id='word_1_303' title='bbox 1795 2525 1900 2559; x_wconf 89' lang='lat' dir='ltr'>esse</span> <span class='ocrx_word' id='word_1_304' title='bbox 1937 2511 2219 2559; x_wconf 86' lang='lat' dir='ltr'>mentitum:</span> <span class='ocrx_word' id='word_1_305' title='bbox 2259 2510 2370 2574; x_wconf 89' lang='lat' dir='ltr'>quia</span> 
     </span>
     <span class='ocr_line' id='line_1_28' title="bbox 233 2592 2368 2659; baseline -0 -15"><span class='ocrx_word' id='word_1_306' title='bbox 233 2600 427 2644; x_wconf 86' lang='lat' dir='ltr'>sanctus</span> <span class='ocrx_word' id='word_1_307' title='bbox 465 2594 789 2658; x_wconf 85' lang='lat' dir='ltr'>Hieronymus</span> <span class='ocrx_word' id='word_1_308' title='bbox 829 2598 926 2641; x_wconf 87' lang='lat' dir='ltr'>met</span> <span class='ocrx_word' id='word_1_309' title='bbox 964 2594 1053 2640; x_wconf 88' lang='lat' dir='ltr'>suit</span> <span class='ocrx_word' id='word_1_310' title='bbox 1092 2592 1388 2642; x_wconf 86' lang='lat' dir='ltr'>monachus:</span> <span class='ocrx_word' id='word_1_311' title='bbox 1439 2599 1487 2641; x_wconf 90' lang='lat' dir='ltr'>et</span> <span class='ocrx_word' id='word_1_312' title='bbox 1533 2593 1643 2643; x_wconf 89' lang='lat' dir='ltr'>ideo</span> <span class='ocrx_word' id='word_1_313' title='bbox 1692 2609 1789 2642; x_wconf 90' lang='lat' dir='ltr'>non</span> <span class='ocrx_word' id='word_1_314' title='bbox 1828 2595 2026 2659; x_wconf 89' lang='lat' dir='ltr'>scripsit</span> <span class='ocrx_word' id='word_1_315' title='bbox 2062 2599 2231 2643; x_wconf 85' lang='lat' dir='ltr'>contra</span> <span class='ocrx_word' id='word_1_316' title='bbox 2270 2610 2368 2643; x_wconf 77' lang='lat' dir='ltr'>eos,</span> 
     </span>
     <span class='ocr_line' id='line_1_29' title="bbox 233 2677 2370 2743; baseline 0 -16"><span class='ocrx_word' id='word_1_317' title='bbox 233 2679 403 2728; x_wconf 84' lang='lat' dir='ltr'>Audivi</span> <span class='ocrx_word' id='word_1_318' title='bbox 453 2680 594 2728; x_wconf 89' lang='lat' dir='ltr'>etiam</span> <span class='ocrx_word' id='word_1_319' title='bbox 634 2693 780 2727; x_wconf 91' lang='lat' dir='ltr'>unam</span> <span class='ocrx_word' id='word_1_320' title='bbox 819 2678 1000 2727; x_wconf 84' lang='lat' dir='ltr'>trusam</span> <span class='ocrx_word' id='word_1_321' title='bbox 1040 2683 1088 2727; x_wconf 90' lang='lat' dir='ltr'>et</span> <span class='ocrx_word' id='word_1_322' title='bbox 1126 2692 1350 2741; x_wconf 89' lang='lat' dir='ltr'>magnam</span> <span class='ocrx_word' id='word_1_323' title='bbox 1390 2677 1673 2728; x_wconf 90' lang='lat' dir='ltr'>ribaldriam</span> <span class='ocrx_word' id='word_1_324' title='bbox 1712 2679 1771 2729; x_wconf 87' lang='lat' dir='ltr'>de</span> <span class='ocrx_word' id='word_1_325' title='bbox 1811 2695 1908 2728; x_wconf 92' lang='lat' dir='ltr'>uno</span> <span class='ocrx_word' id='word_1_326' title='bbox 1947 2679 2182 2743; x_wconf 90' lang='lat' dir='ltr'>discipulo</span> <span class='ocrx_word' id='word_1_327' title='bbox 2223 2679 2370 2728; x_wconf 90' lang='lat' dir='ltr'>Wim·</span> 
     </span>
     <span class='ocr_line' id='line_1_30' title="bbox 233 2761 2372 2828; baseline -0 -15"><span class='ocrx_word' id='word_1_328' title='bbox 233 2762 464 2827; x_wconf 89' lang='lat' dir='ltr'>phelingii</span> <span class='ocrx_word' id='word_1_329' title='bbox 515 2764 593 2828; x_wconf 88' lang='lat' dir='ltr'>qui</span> <span class='ocrx_word' id='word_1_330' title='bbox 645 2778 805 2827; x_wconf 91' lang='lat' dir='ltr'>nuper</span> <span class='ocrx_word' id='word_1_331' title='bbox 852 2762 1045 2826; x_wconf 88' lang='lat' dir='ltr'>quando</span> <span class='ocrx_word' id='word_1_332' title='bbox 1096 2761 1188 2810; x_wconf 89' lang='lat' dir='ltr'>sibi</span> <span class='ocrx_word' id='word_1_333' title='bbox 1238 2762 1469 2812; x_wconf 88' lang='lat' dir='ltr'>audacter</span> <span class='ocrx_word' id='word_1_334' title='bbox 1515 2763 1572 2812; x_wconf 87' lang='lat' dir='ltr'>ad</span> <span class='ocrx_word' id='word_1_335' title='bbox 1624 2779 1677 2813; x_wconf 90' lang='lat' dir='ltr'>os</span> <span class='ocrx_word' id='word_1_336' title='bbox 1715 2764 1837 2813; x_wconf 88' lang='lat' dir='ltr'>dixi:</span> <span class='ocrx_word' id='word_1_337' title='bbox 1893 2765 2075 2814; x_wconf 76' lang='lat' dir='ltr'>‘Vester</span> <span class='ocrx_word' id='word_1_338' title='bbox 2112 2771 2372 2828; x_wconf 78' lang='lat' dir='ltr'>preceptor</span> 
     </span>
     <span class='ocr_line' id='line_1_31' title="bbox 234 2846 2428 2913; baseline 0.001 -16"><span class='ocrx_word' id='word_1_339' title='bbox 234 2848 639 2913; x_wconf 87' lang='lat' dir='ltr'>Wimphelingius</span> <span class='ocrx_word' id='word_1_340' title='bbox 678 2852 811 2896; x_wconf 91' lang='lat' dir='ltr'>errat</span> <span class='ocrx_word' id='word_1_341' title='bbox 849 2846 1011 2903; x_wconf 87' lang='lat' dir='ltr'>valde,</span> <span class='ocrx_word' id='word_1_342' title='bbox 1053 2848 1162 2910; x_wconf 87' lang='lat' dir='ltr'>quia</span> <span class='ocrx_word' id='word_1_343' title='bbox 1203 2847 1399 2910; x_wconf 88' lang='lat' dir='ltr'>scripsit</span> <span class='ocrx_word' id='word_1_344' title='bbox 1437 2854 1606 2897; x_wconf 90' lang='lat' dir='ltr'>contra</span> <span class='ocrx_word' id='word_1_345' title='bbox 1647 2849 1897 2898; x_wconf 88' lang='lat' dir='ltr'>dominum</span> <span class='ocrx_word' id='word_1_346' title='bbox 1936 2849 2174 2899; x_wconf 88' lang='lat' dir='ltr'>Abbatem</span> <span class='ocrx_word' id='word_1_347' title='bbox 2212 2848 2368 2897; x_wconf 87' lang='lat' dir='ltr'>Trite·</span> <span class='ocrx_word' id='word_1_348' title='bbox 2385 2863 2428 2899; x_wconf 79' lang='lat' dir='ltr'>ao</span> 
     </span>
     <span class='ocr_line' id='line_1_32' title="bbox 233 2932 2374 2995; baseline 0 -13"><span class='ocrx_word' id='word_1_349' title='bbox 233 2935 382 2982; x_wconf 92' lang='lat' dir='ltr'>mium</span> <span class='ocrx_word' id='word_1_350' title='bbox 422 2939 589 2982; x_wconf 88' lang='lat' dir='ltr'>contra</span> <span class='ocrx_word' id='word_1_351' title='bbox 629 2932 917 2981; x_wconf 88' lang='lat' dir='ltr'>monachos:</span> <span class='ocrx_word' id='word_1_352' title='bbox 967 2933 1076 2995; x_wconf 87' lang='lat' dir='ltr'>quia</span> <span class='ocrx_word' id='word_1_353' title='bbox 1125 2932 1174 2980; x_wconf 92' lang='lat' dir='ltr'>in</span> <span class='ocrx_word' id='word_1_354' title='bbox 1223 2932 1441 2981; x_wconf 89' lang='lat' dir='ltr'>doctrina</span> <span class='ocrx_word' id='word_1_355' title='bbox 1491 2948 1576 2982; x_wconf 88' lang='lat' dir='ltr'>sua</span> <span class='ocrx_word' id='word_1_356' title='bbox 1617 2940 1662 2982; x_wconf 91' lang='lat' dir='ltr'>et</span> <span class='ocrx_word' id='word_1_357' title='bbox 1700 2935 1952 2983; x_wconf 87' lang='lat' dir='ltr'>sanctitate</span> <span class='ocrx_word' id='word_1_358' title='bbox 1990 2940 2103 2983; x_wconf 88' lang='lat' dir='ltr'>sunt</span> <span class='ocrx_word' id='word_1_359' title='bbox 2139 2933 2374 2983; x_wconf 88' lang='lat' dir='ltr'>notabiles</span> 
     </span>
     <span class='ocr_line' id='line_1_33' title="bbox 234 3016 2369 3068; baseline 0.001 -2"><span class='ocrx_word' id='word_1_360' title='bbox 234 3024 281 3066; x_wconf 84' lang='lat' dir='ltr'>et.</span> <span class='ocrx_word' id='word_1_361' title='bbox 316 3017 522 3066; x_wconf 89' lang='lat' dir='ltr'>multum</span> <span class='ocrx_word' id='word_1_362' title='bbox 561 3017 727 3067; x_wconf 88' lang='lat' dir='ltr'>utiles:</span> <span class='ocrx_word' id='word_1_363' title='bbox 769 3023 816 3066; x_wconf 86' lang='lat' dir='ltr'>et</span> <span class='ocrx_word' id='word_1_364' title='bbox 853 3016 1055 3066; x_wconf 87' lang='lat' dir='ltr'>ecclesia</span> <span class='ocrx_word' id='word_1_365' title='bbox 1095 3018 1189 3066; x_wconf 89' lang='lat' dir='ltr'>iam</span> <span class='ocrx_word' id='word_1_366' title='bbox 1229 3033 1328 3065; x_wconf 91' lang='lat' dir='ltr'>non</span> <span class='ocrx_word' id='word_1_367' title='bbox 1366 3018 1514 3067; x_wconf 86' lang='lat' dir='ltr'>habet</span> <span class='ocrx_word' id='word_1_368' title='bbox 1539 3018 1653 3067; x_wconf 88' lang='lat' dir='ltr'>alias</span> <span class='ocrx_word' id='word_1_369' title='bbox 1680 3018 1931 3068; x_wconf 90' lang='lat' dir='ltr'>columnas</span> <span class='ocrx_word' id='word_1_370' title='bbox 1956 3019 2050 3068; x_wconf 91' lang='lat' dir='ltr'>nisi</span> <span class='ocrx_word' id='word_1_371' title='bbox 2076 3017 2369 3068; x_wconf 85' lang='lat' dir='ltr'>monachos&#39;.</span> 
     </span>
     <span class='ocr_line' id='line_1_34' title="bbox 233 3101 2368 3168; baseline 0 -18"><span class='ocrx_word' id='word_1_372' title='bbox 233 3102 371 3151; x_wconf 90' lang='lat' dir='ltr'>Tunc</span> <span class='ocrx_word' id='word_1_373' title='bbox 408 3101 486 3151; x_wconf 92' lang='lat' dir='ltr'>ille</span> <span class='ocrx_word' id='word_1_374' title='bbox 524 3103 665 3151; x_wconf 90' lang='lat' dir='ltr'>dixit:</span> <span class='ocrx_word' id='word_1_375' title='bbox 707 3110 812 3167; x_wconf 90' lang='lat' dir='ltr'>‘ego</span> <span class='ocrx_word' id='word_1_376' title='bbox 851 3103 1092 3164; x_wconf 87' lang='lat' dir='ltr'>distinguo</span> <span class='ocrx_word' id='word_1_377' title='bbox 1132 3102 1192 3151; x_wconf 92' lang='lat' dir='ltr'>de</span> <span class='ocrx_word' id='word_1_378' title='bbox 1229 3103 1503 3151; x_wconf 88' lang='lat' dir='ltr'>monachis:</span> <span class='ocrx_word' id='word_1_379' title='bbox 1546 3104 1658 3168; x_wconf 89' lang='lat' dir='ltr'>quia</span> <span class='ocrx_word' id='word_1_380' title='bbox 1685 3104 1990 3167; x_wconf 88' lang='lat' dir='ltr'>accipiuntur</span> <span class='ocrx_word' id='word_1_381' title='bbox 2016 3104 2173 3153; x_wconf 89' lang='lat' dir='ltr'>tribus</span> <span class='ocrx_word' id='word_1_382' title='bbox 2199 3104 2368 3154; x_wconf 78' lang='lat' dir='ltr'>modis,</span> 
     </span>
     <span class='ocr_line' id='line_1_35' title="bbox 233 3185 2404 3252; baseline 0.001 -18"><span class='ocrx_word' id='word_1_383' title='bbox 233 3186 399 3234; x_wconf 93' lang='lat' dir='ltr'>Primo</span> <span class='ocrx_word' id='word_1_384' title='bbox 437 3201 526 3249; x_wconf 86' lang='lat' dir='ltr'>pro</span> <span class='ocrx_word' id='word_1_385' title='bbox 565 3188 743 3236; x_wconf 87' lang='lat' dir='ltr'>sanctis</span> <span class='ocrx_word' id='word_1_386' title='bbox 782 3194 830 3237; x_wconf 87' lang='lat' dir='ltr'>et</span> <span class='ocrx_word' id='word_1_387' title='bbox 866 3186 1084 3236; x_wconf 89' lang='lat' dir='ltr'>utilibus:</span> <span class='ocrx_word' id='word_1_388' title='bbox 1125 3187 1209 3236; x_wconf 90' lang='lat' dir='ltr'>sed</span> <span class='ocrx_word' id='word_1_389' title='bbox 1248 3185 1316 3234; x_wconf 90' lang='lat' dir='ltr'>illi</span> <span class='ocrx_word' id='word_1_390' title='bbox 1354 3194 1465 3236; x_wconf 88' lang='lat' dir='ltr'>sunt</span> <span class='ocrx_word' id='word_1_391' title='bbox 1502 3190 1549 3237; x_wconf 92' lang='lat' dir='ltr'>in</span> <span class='ocrx_word' id='word_1_392' title='bbox 1590 3188 1708 3252; x_wconf 78' lang='lat' dir='ltr'>celo.</span> <span class='ocrx_word' id='word_1_393' title='bbox 1785 3188 2009 3238; x_wconf 87' lang='lat' dir='ltr'>Secundo</span> <span class='ocrx_word' id='word_1_394' title='bbox 2048 3203 2138 3252; x_wconf 90' lang='lat' dir='ltr'>pro</span> <span class='ocrx_word' id='word_1_395' title='bbox 2167 3204 2257 3238; x_wconf 88' lang='lat' dir='ltr'>nec</span> <span class='ocrx_word' id='word_1_396' title='bbox 2281 3189 2404 3238; x_wconf 70' lang='lat' dir='ltr'>uti-&#39;</span> 
     </span>
     <span class='ocr_line' id='line_1_36' title="bbox 235 3270 2422 3336; baseline 0.002 -18"><span class='ocrx_word' id='word_1_397' title='bbox 235 3270 363 3319; x_wconf 90' lang='lat' dir='ltr'>libus</span> <span class='ocrx_word' id='word_1_398' title='bbox 401 3285 492 3319; x_wconf 88' lang='lat' dir='ltr'>nec</span> <span class='ocrx_word' id='word_1_399' title='bbox 529 3271 805 3328; x_wconf 86' lang='lat' dir='ltr'>inutilibus,</span> <span class='ocrx_word' id='word_1_400' title='bbox 856 3279 903 3321; x_wconf 87' lang='lat' dir='ltr'>et</span> <span class='ocrx_word' id='word_1_401' title='bbox 952 3271 1022 3320; x_wconf 92' lang='lat' dir='ltr'>illi</span> <span class='ocrx_word' id='word_1_402' title='bbox 1070 3277 1182 3320; x_wconf 92' lang='lat' dir='ltr'>sunt</span> <span class='ocrx_word' id='word_1_403' title='bbox 1227 3273 1346 3335; x_wconf 89' lang='lat' dir='ltr'>picti</span> <span class='ocrx_word' id='word_1_404' title='bbox 1384 3273 1432 3320; x_wconf 91' lang='lat' dir='ltr'>in</span> <span class='ocrx_word' id='word_1_405' title='bbox 1471 3273 1690 3323; x_wconf 87' lang='lat' dir='ltr'>ecclesia.</span> <span class='ocrx_word' id='word_1_406' title='bbox 1765 3274 1929 3323; x_wconf 91' lang='lat' dir='ltr'>Tertio</span> <span class='ocrx_word' id='word_1_407' title='bbox 1966 3274 2112 3323; x_wconf 91' lang='lat' dir='ltr'>modo</span> <span class='ocrx_word' id='word_1_408' title='bbox 2151 3288 2241 3336; x_wconf 90' lang='lat' dir='ltr'>pro</span> <span class='ocrx_word' id='word_1_409' title='bbox 2278 3272 2370 3322; x_wconf 90' lang='lat' dir='ltr'>illis</span> <span class='ocrx_word' id='word_1_410' title='bbox 2385 3287 2422 3322; x_wconf 75' lang='lat'>35</span> 
     </span>
     <span class='ocr_line' id='line_1_37' title="bbox 237 3354 2370 3422; baseline 0.002 -20"><span class='ocrx_word' id='word_1_411' title='bbox 237 3355 317 3419; x_wconf 85' lang='lat' dir='ltr'>qui</span> <span class='ocrx_word' id='word_1_412' title='bbox 356 3354 515 3403; x_wconf 88' lang='lat' dir='ltr'>adhuc</span> <span class='ocrx_word' id='word_1_413' title='bbox 565 3357 750 3414; x_wconf 70' lang='lat' dir='ltr'>vivunt,</span> <span class='ocrx_word' id='word_1_414' title='bbox 801 3362 847 3405; x_wconf 89' lang='lat' dir='ltr'>et</span> <span class='ocrx_word' id='word_1_415' title='bbox 894 3356 964 3405; x_wconf 92' lang='lat' dir='ltr'>illi</span> <span class='ocrx_word' id='word_1_416' title='bbox 1001 3356 1163 3405; x_wconf 85' lang='lat' dir='ltr'>multis</span> <span class='ocrx_word' id='word_1_417' title='bbox 1202 3362 1402 3412; x_wconf 88' lang='lat' dir='ltr'>nocent,</span> <span class='ocrx_word' id='word_1_418' title='bbox 1458 3359 1601 3406; x_wconf 90' lang='lat' dir='ltr'>etiam</span> <span class='ocrx_word' id='word_1_419' title='bbox 1639 3373 1737 3407; x_wconf 89' lang='lat' dir='ltr'>non</span> <span class='ocrx_word' id='word_1_420' title='bbox 1776 3364 1888 3407; x_wconf 89' lang='lat' dir='ltr'>sunt</span> <span class='ocrx_word' id='word_1_421' title='bbox 1934 3360 2108 3408; x_wconf 89' lang='lat' dir='ltr'>sancti:</span> <span class='ocrx_word' id='word_1_422' title='bbox 2158 3359 2269 3422; x_wconf 88' lang='lat' dir='ltr'>quia</span> <span class='ocrx_word' id='word_1_423' title='bbox 2306 3358 2370 3406; x_wconf 88' lang='lat' dir='ltr'>ita</span> 
     </span>
     <span class='ocr_line' id='line_1_38' title="bbox 238 3438 2371 3507; baseline 0.001 -20"><span class='ocrx_word' id='word_1_424' title='bbox 238 3438 436 3502; x_wconf 87' lang='lat' dir='ltr'>superbi</span> <span class='ocrx_word' id='word_1_425' title='bbox 486 3446 600 3487; x_wconf 90' lang='lat' dir='ltr'>sunt</span> <span class='ocrx_word' id='word_1_426' title='bbox 643 3441 765 3489; x_wconf 91' lang='lat' dir='ltr'>sicut</span> <span class='ocrx_word' id='word_1_427' title='bbox 812 3457 938 3491; x_wconf 91' lang='lat' dir='ltr'>unus</span> <span class='ocrx_word' id='word_1_428' title='bbox 986 3441 1304 3504; x_wconf 81' lang='lat' dir='ltr'>secularium:</span> <span class='ocrx_word' id='word_1_429' title='bbox 1353 3442 1411 3490; x_wconf 88' lang='lat' dir='ltr'>Et</span> <span class='ocrx_word' id='word_1_430' title='bbox 1455 3443 1521 3491; x_wconf 90' lang='lat' dir='ltr'>ita</span> <span class='ocrx_word' id='word_1_431' title='bbox 1566 3442 1775 3491; x_wconf 86' lang='lat' dir='ltr'>libenter</span> <span class='ocrx_word' id='word_1_432' title='bbox 1824 3442 2007 3492; x_wconf 87' lang='lat' dir='ltr'>habent</span> <span class='ocrx_word' id='word_1_433' title='bbox 2055 3444 2286 3507; x_wconf 86' lang='lat' dir='ltr'>pecunias</span> <span class='ocrx_word' id='word_1_434' title='bbox 2324 3446 2371 3491; x_wconf 89' lang='lat' dir='ltr'>et</span> 
     </span>
     <span class='ocr_line' id='line_1_39' title="bbox 238 3523 2371 3594; baseline 0.001 -22"><span class='ocrx_word' id='word_1_435' title='bbox 238 3523 469 3588; x_wconf 85' lang='lat' dir='ltr'>pulchras</span> <span class='ocrx_word' id='word_1_436' title='bbox 507 3523 763 3574; x_wconf 89' lang='lat' dir='ltr'>mulieres:</span> <span class='ocrx_word' id='word_1_437' title='bbox 806 3527 917 3589; x_wconf 86' lang='lat' dir='ltr'>quia</span> <span class='ocrx_word' id='word_1_438' title='bbox 954 3527 1062 3574; x_wconf 83' lang='lat' dir='ltr'>veni</span> <span class='ocrx_word' id='word_1_439' title='bbox 1101 3542 1259 3590; x_wconf 91' lang='lat' dir='ltr'>nuper</span> <span class='ocrx_word' id='word_1_440' title='bbox 1298 3543 1355 3575; x_wconf 94' lang='lat' dir='ltr'>ex</span> <span class='ocrx_word' id='word_1_441' title='bbox 1395 3526 1859 3594; x_wconf 30' lang='lat' dir='ltr'>Heidelberga,·ubi</span> <span class='ocrx_word' id='word_1_442' title='bbox 1897 3543 2051 3591; x_wconf 87' lang='lat' dir='ltr'>prope</span> <span class='ocrx_word' id='word_1_443' title='bbox 2088 3525 2371 3576; x_wconf 89' lang='lat' dir='ltr'>Heidelber-</span> 
     </span>
     <span class='ocr_line' id='line_1_40' title="bbox 238 3606 2423 3674; baseline 0.001 -18"><span class='ocrx_word' id='word_1_444' title='bbox 238 3623 411 3673; x_wconf 89' lang='lat' dir='ltr'>genses</span> <span class='ocrx_word' id='word_1_445' title='bbox 451 3614 521 3657; x_wconf 92' lang='lat' dir='ltr'>est</span> <span class='ocrx_word' id='word_1_446' title='bbox 560 3623 684 3656; x_wconf 91' lang='lat' dir='ltr'>unus</span> <span class='ocrx_word' id='word_1_447' title='bbox 722 3624 926 3672; x_wconf 90' lang='lat' dir='ltr'>magnus</span> <span class='ocrx_word' id='word_1_448' title='bbox 964 3609 1137 3666; x_wconf 82' lang='lat' dir='ltr'>abbaS‚</span> <span class='ocrx_word' id='word_1_449' title='bbox 1187 3612 1381 3674; x_wconf 88' lang='lat' dir='ltr'>pinguis</span> <span class='ocrx_word' id='word_1_450' title='bbox 1430 3611 1663 3661; x_wconf 91' lang='lat' dir='ltr'>discolus:</span> <span class='ocrx_word' id='word_1_451' title='bbox 1716 3618 1763 3661; x_wconf 92' lang='lat' dir='ltr'>et</span> <span class='ocrx_word' id='word_1_452' title='bbox 1809 3613 1898 3661; x_wconf 90' lang='lat' dir='ltr'>iste</span> <span class='ocrx_word' id='word_1_453' title='bbox 1945 3612 2158 3674; x_wconf 87' lang='lat' dir='ltr'>abigavit</span> <span class='ocrx_word' id='word_1_454' title='bbox 2204 3626 2372 3660; x_wconf 86' lang='lat' dir='ltr'>omnes</span> <span class='ocrx_word' id='word_1_455' title='bbox 2417 3606 2423 3617; x_wconf 78' lang='grc'>’</span> 
     </span>
     <span class='ocr_line' id='line_1_41' title="bbox 238 3691 2424 3760; baseline 0 -18"><span class='ocrx_word' id='word_1_456' title='bbox 238 3693 503 3742; x_wconf 88' lang='lat' dir='ltr'>monachos</span> <span class='ocrx_word' id='word_1_457' title='bbox 541 3693 600 3741; x_wconf 91' lang='lat' dir='ltr'>de</span> <span class='ocrx_word' id='word_1_458' title='bbox 639 3691 849 3755; x_wconf 87' lang='lat' dir='ltr'>Collegio</span> <span class='ocrx_word' id='word_1_459' title='bbox 888 3695 1040 3742; x_wconf 85' lang='lat' dir='ltr'>sancti</span> <span class='ocrx_word' id='word_1_460' title='bbox 1077 3694 1265 3742; x_wconf 87' lang='lat' dir='ltr'>lacobi:</span> <span class='ocrx_word' id='word_1_461' title='bbox 1307 3701 1353 3743; x_wconf 91' lang='lat' dir='ltr'>et</span> <span class='ocrx_word' id='word_1_462' title='bbox 1389 3697 1493 3757; x_wconf 87' lang='lat' dir='ltr'>ipse</span> <span class='ocrx_word' id='word_1_463' title='bbox 1532 3697 1665 3751; x_wconf 84' lang='lat' dir='ltr'>dixit,</span> <span class='ocrx_word' id='word_1_464' title='bbox 1706 3697 1835 3760; x_wconf 86' lang='lat' dir='ltr'>quod</span> <span class='ocrx_word' id='word_1_465' title='bbox 1875 3696 1972 3745; x_wconf 88' lang='lat' dir='ltr'>vult</span> <span class='ocrx_word' id='word_1_466' title='bbox 2010 3698 2078 3746; x_wconf 88' lang='lat' dir='ltr'>eis</span> <span class='ocrx_word' id='word_1_467' title='bbox 2114 3703 2246 3745; x_wconf 83' lang='lat' dir='ltr'>recte</span> <span class='ocrx_word' id='word_1_468' title='bbox 2283 3695 2368 3743; x_wconf 91' lang='lat' dir='ltr'>bo·</span> <span class='ocrx_word' id='word_1_469' title='bbox 2385 3711 2424 3744; x_wconf 76' lang='lat'>40</span> 
     </span>
    </p>
   </div>
   <div class='ocr_carea' id='block_1_3' title="bbox 333 3787 572 3791">
    <p class='ocr_par' dir='ltr' id='par_1_3' title="bbox 333 3787 572 3791">
     <span class='ocr_line' id='line_1_42' title="bbox 333 3787 572 3791; baseline 0 0"><span class='ocrx_word' id='word_1_470' title='bbox 333 3787 572 3791; x_wconf 95' lang='lat' dir='ltr'> </span> 
     </span>
    </p>
   </div>
   <div class='ocr_carea' id='block_1_4' title="bbox 236 3818 2369 3940">
    <p class='ocr_par' dir='ltr' id='par_1_4' title="bbox 236 3818 2369 3940">
     <span class='ocr_line' id='line_1_43' title="bbox 349 3818 2369 3874; baseline 0.001 -15"><span class='ocrx_word' id='word_1_471' title='bbox 349 3820 364 3844; x_wconf 78' lang='grc'><strong>9</strong></span> <span class='ocrx_word' id='word_1_472' title='bbox 399 3851 407 3860; x_wconf 95' lang='grc'><strong>.</strong></span> <span class='ocrx_word' id='word_1_473' title='bbox 432 3821 586 3859; x_wconf 87' lang='lat' dir='ltr'>Tertio</span> <span class='ocrx_word' id='word_1_474' title='bbox 610 3823 649 3860; x_wconf 89' lang='lat'>5.</span> <span class='ocrx_word' id='word_1_475' title='bbox 730 3818 764 3844; x_wconf 81' lang='lat'>¹²</span> <span class='ocrx_word' id='word_1_476' title='bbox 797 3823 842 3859; x_wconf 83' lang='lat' dir='ltr'>et</span> <span class='ocrx_word' id='word_1_477' title='bbox 875 3822 943 3859; x_wconf 76' lang='lat' dir='ltr'>est</span> <span class='ocrx_word' id='word_1_478' title='bbox 974 3822 1156 3872; x_wconf 64' lang='lat' dir='ltr'>legerim.</span> <span class='ocrx_word' id='word_1_479' title='bbox 1227 3818 1260 3844; x_wconf 76' lang='lat'>¹4</span> <span class='ocrx_word' id='word_1_480' title='bbox 1292 3833 1376 3874; x_wconf 74' lang='lat' dir='ltr'>que</span> <span class='ocrx_word' id='word_1_481' title='bbox 1407 3834 1496 3860; x_wconf 90' lang='lat' dir='ltr'>non</span> <span class='ocrx_word' id='word_1_482' title='bbox 1587 3822 1823 3862; x_wconf 83' lang='lat' dir='ltr'>Parrhisia</span> <span class='ocrx_word' id='word_1_483' title='bbox 1852 3836 1997 3862; x_wconf 78' lang='lat' dir='ltr'>versus</span> <span class='ocrx_word' id='word_1_484' title='bbox 2027 3830 2104 3862; x_wconf 76' lang='lat' dir='ltr'>est.</span> <span class='ocrx_word' id='word_1_485' title='bbox 2173 3820 2209 3846; x_wconf 80' lang='lat'>²⁰</span> <span class='ocrx_word' id='word_1_486' title='bbox 2240 3820 2308 3860; x_wconf 64' lang='lat' dir='ltr'>lfa</span> <span class='ocrx_word' id='word_1_487' title='bbox 2330 3824 2369 3862; x_wconf 85' lang='lat'>5.</span> 
     </span>
     <span class='ocr_line' id='line_1_44' title="bbox 236 3888 1494 3940; baseline 0.001 -9"><span class='ocrx_word' id='word_1_488' title='bbox 236 3889 271 3917; x_wconf 78' lang='lat'>²²</span> <span class='ocrx_word' id='word_1_489' title='bbox 304 3892 480 3932; x_wconf 78' lang='lat' dir='ltr'>sauctus</span> <span class='ocrx_word' id='word_1_490' title='bbox 511 3895 551 3931; x_wconf 87' lang='lat'>5.</span> <span class='ocrx_word' id='word_1_491' title='bbox 639 3889 674 3915; x_wconf 76' lang='lat'>²⁶</span> <span class='ocrx_word' id='word_1_492' title='bbox 707 3920 715 3930; x_wconf 91' lang='lat'>.</span> <span class='ocrx_word' id='word_1_493' title='bbox 741 3890 859 3940; x_wconf 79' lang='lat' dir='ltr'>Quia</span> <span class='ocrx_word' id='word_1_494' title='bbox 889 3895 927 3931; x_wconf 86' lang='lat'>5.</span> <span class='ocrx_word' id='word_1_495' title='bbox 1015 3889 1051 3915; x_wconf 76' lang='lat'>38</span> <span class='ocrx_word' id='word_1_496' title='bbox 1082 3890 1169 3930; x_wconf 89' lang='lat' dir='ltr'>Ubi</span> <span class='ocrx_word' id='word_1_497' title='bbox 1203 3894 1243 3930; x_wconf 89' lang='lat'>5.</span> <span class='ocrx_word' id='word_1_498' title='bbox 1330 3888 1366 3916; x_wconf 71' lang='lat'>⁴⁰</span> <span class='ocrx_word' id='word_1_499' title='bbox 1386 3904 1431 3932; x_wconf 77' lang='lat' dir='ltr'>s.</span> <span class='ocrx_word' id='word_1_500' title='bbox 1454 3896 1494 3932; x_wconf 85' lang='lat'>5.</span> 
     </span>
    </p>
   </div>
  </div>
 </body>
</html>
