2456 4264
493 331 884 361 LAMENTATIONES
907 333 1219 362 OBSCVRORVM
1240 333 1688 362 REVGHLINISTARVM
1711 334 1859 363 NOVAE.
2142 311 2219 369 38
2238 313 2255 368 1

94 468 192 526 est,
236 467 367 526 puta
403 464 655 524 animam,
707 465 782 512 ita
818 465 971 513 etiam
1009 465 1198 523 oratio,
1246 465 1410 525 maqis
1445 465 1708 514 verborum
1736 479 1931 528 pompa
1968 479 2118 527 quam
2154 481 2263 516 sen-

93 549 365 600 tentiarum
398 549 659 609 gravitate
694 562 971 610 exurqens,
1012 549 1265 598 exanimis
1300 554 1374 598 est
1402 552 1704 612 penitusque
1728 551 2024 612 reiicienda,
2061 566 2262 614 preser-

93 635 180 684 tim
213 634 272 706 si·
293 633 449 682 bonos
483 633 757 694 lacessere,
798 635 947 683 malis
983 635 1216 694 adulari,
1259 648 1323 683 ac
1358 648 1475 684 suos
1512 636 1716 684 tandem
1754 650 1970 697 errores,
2014 638 2093 685 vel
2127 639 2260 686 insa-

91 719 229 770 niam
257 718 458 780 potius,
502 731 607 780 per
643 732 812 768 omnes
848 720 1156 781 impudentie
1184 733 1434 768 numeros
1485 719 1762 779 defensare
1807 735 1909 770 non
1963 722 2256 772 erubescat’.

11 822 35 865 g
54 803 200 864 sHec
233 817 312 854 me
346 803 555 852 invitum
593 805 778 853 audire
813 804 916 853 viri
947 805 1113 865 coeqit
1148 805 1454 865 auctoritas,
1508 819 1604 866 que
1651 806 1698 854 si
1730 807 1888 867 talpis
1925 807 2255 869 tenebricosa,

12 895 34 943 ῑῑ
75 879 319 953 'lyncibus
354 892 523 937 tamen
572 888 656 948 (ut
691 889 770 937 illi
803 890 997 950 volunt)
1037 890 1320 951 perspicua
1365 890 1493 938 satis
1538 903 1644 938 esse
1688 891 1938 939 videntur.
2018 892 2130 952 qu
2168 906 2257 942 au—

11 961 34 1038 ᾗ
89 979 186 1024 tem
220 973 361 1036 quod
391 974 527 1022 scire
562 975 731 1034 cupis,
773 975 874 1022 illis
909 987 1231 1035 nequaquam
1258 975 1529 1034 assentior,
1571 975 1770 1023 etiamsi
1790 977 2050 1024 veritatem
2074 978 2253 1038 ipsam,

11 1045 35 1123 ‘j-
88 1059 320 1109 nu'llesies
353 1059 463 1117 celo
499 1059 763 1120 delapsam
801 1059 1069 1118 (obstinati
1109 1060 1243 1107 enim
1291 1060 1345 1106 in
1391 1059 1598 1108 malicia
1644 1073 1757 1108 cum
1806 1060 2019 1109 diabolis
2065 1065 2255 1123 sumus)

17 1139 38 1213 ζ.
86 1145 201 1194 tuoe
233 1144 428 1192 clarius
462 1144 704 1192 intuerer.
790 1144 975 1192 Verum
1011 1142 1104 1202 bec
1140 1144 1288 1192 alias.
1367 1142 1512 1200 Quod
1550 1149 1790 1206 preterea
1829 1144 2086 1194 Coloniam
2123 1148 2256 1195 insa-

12 1207 77 1286 (ιο
89 1231 253 1280 lutam
275 1229 474 1290 hospite
497 1229 828 1289 reliqueritis,
871 1229 1002 1276 nibil
1024 1228 1151 1276 mihi
1168 1230 1335 1290 potuit
1359 1229 1438 1277 vel
1462 1230 1643 1278 auditu
1669 1227 1962 1290 iucundius,
2002 1232 2081 1279 vel
2103 1232 2258 1280 laude

12 1295 51 1391 {5
86 1315 251 1376 ,καρίς
285 1314 495 1375 dianum
530 1312 740 1372 referri.
814 1312 928 1362 Hoc
963 1315 1093 1362 enim
1131 1313 1272 1362 nobis
1306 1326 1505 1375 semper
1530 1315 1782 1375 aqendum
1808 1327 1938 1375 esse,
1981 1317 2032 1363 in
2057 1318 2258 1365 statutis

14 1392 38 1443 Ἴῐ
87 1400 274 1449 nostris
298 1398 729 1462 provincialibus,
779 1411 812 1445 a
850 1399 1060 1448 doctore
1099 1399 1260 1461 Grytz
1305 1411 1473 1460 nuper
1520 1400 1692 1460 editis,
1745 1401 2060 1461 apertissime
2095 1404 2256 1450 conti-

11 1445 25 1556 }
87 1488 253 1535 netur.
329 1485 586 1534 Postremo
623 1490 790 1532 autem
826 1497 913 1533 vos
939 1485 1220 1545 plurimum
1266 1484 1446 1543 laud0‚
1497 1485 1712 1544 extoll0,
1765 1490 1917 1546 atque
1964 1487 2253 1547 maqnificO,

88 1569 225 1632 quod
245 1570 359 1619 sola
375 1567 516 1630 fuya
552 1573 714 1628 vestre
752 1569 1092 1618 incolumitati
1125 1573 1229 1617 tam
1268 1570 1527 1630 inqeniose
1558 1571 1912 1631 prospexistis.
1993 1569 2139 1628 Quod
2163 1574 2263 1621 nisi

0 1607 283 1750 {bsai-tum
313 1653 521 1716 fuisset,
570 1667 723 1703 sacco
762 1654 992 1714 forsitan
1039 1655 1144 1703 illic
1189 1668 1277 1703 vos
1321 1655 1646 1715 catbeqorico
1684 1656 1903 1704 inclusos
1940 1657 1992 1703 in
2030 1656 2258 1706 Rhenum

13 1751 28 1843 ἶ
74 1741 432 1790 ··c0niecissent.
530 1741 658 1789 Vale
703 1754 818 1789 cum
866 1741 966 1788 tuis
1011 1753 1162 1801 quam
1201 1741 1292 1788 diu
1329 1741 1488 1800 voles,
1543 1745 1647 1789 tam
1686 1741 1775 1788 diu
1812 1746 1977 1789 autem
2016 1743 2141 1790 velle
2177 1743 2259 1790 de-

19 1845 42 1919 ἰ»,
85 1824 244 1886 bebis,
283 1825 460 1886 quoad
491 1830 540 1874 te
575 1825 841 1874 obscurum
878 1825 1277 1875 Reuclzlinistam
1314 1839 1420 1874 esse
1454 1839 1555 1874 non
1586 1826 1845 1887 penitebit.

39 1316 50 1329 Ἴ

36 1751 47 1770 μ

1126 2061 1214 2122 25.

739 2194 783 2242 (Ι
834 2182 1136 2260 Antipho
1189 2183 1608 2242 Castronius

36 2305 80 2342 n
894 2298 1139 2347 Ioanni
1175 2298 1449 2348 Corvino

1047 2396 1121 2446 .S.
1148 2397 1207 2447 P.
1234 2397 1298 2446 D.

229 2509 450 2572 Roqasti
468 2523 548 2559 me
569 2523 897 2573 sepenumero
914 2525 1016 2574 per
1040 2512 1264 2572 litteras,
1297 2510 1526 2570 Corvine,
1557 2516 1612 2560 ut
1636 2512 1904 2573 epistolam
1931 2511 2143 2561 Ioannis
2169 2512 2259 2560 Pe-

45 2615 62 2624 *
79 2597 366 2658 peric-orni,
406 2596 481 2644 ad
499 2609 743 2645 summum
769 2609 936 2659 nuper
962 2598 1256 2658 pontificem
1292 2598 1520 2658 missam,
1563 2597 1656 2645 tibi
1681 2611 1784 2659 pro
1821 2602 1994 2646 nostro
2032 2598 2083 2645 in
2110 2603 2157 2646 te
2182 2596 2260 2657 of-

84 2682 205 2741 ficio
226 2682 496 2743 leqendam
528 2695 886 2744 procurarem.
943 2681 1278 2744 Respondebo
1304 2683 1462 2743 iqitur
1476 2682 1717 2744 petitioni
1739 2686 1842 2742 tue,
1885 2695 2190 2744 quamquam
2216 2688 2263 2730 et

33 2766 151 2822 zia
173 2780 279 2830 pro
313 2771 488 2816 nostro
523 2767 577 2815 in
614 2770 664 2816 te
701 2765 874 2827 officio
912 2766 993 2826 (ut
1028 2767 1193 2816 verbis
1228 2772 1350 2816 utar
1385 2767 1508 2828 tuis)
1540 2764 1727 2827 facere
1751 2769 2040 2828 neutiquam
2067 2768 2261 2816 debuis-

88 2864 207 2902 sem.
281 2850 390 2902 Nec
425 2853 625 2901 mirum.
704 2851 838 2910 Quid
881 2854 1013 2901 enim
1060 2854 1284 2913 stultius,
1346 2853 1472 2914 quid
1519 2853 1900 2912 dedecorosius,
1963 2853 2089 2913 quid
2132 2854 2262 2901 iniu-

89 2937 309 2988 cundum
345 2938 535 2999 maqis,
578 2950 731 2999 quam
767 2940 966 3001 tyronis
999 2939 1178 2999 qladio
1203 2938 1408 2987 militem
1434 2936 1653 2997 confodi
1675 2938 2002 2986 veteranum?
2043 2937 2259 2998 Capnio-

90 3022 255 3073 zoilus
266 3021 512 3085 profecto
536 3027 611 3072 est
634 3028 683 3071 et
697 3023 937 3085 publicus
960 3019 1265 3090 Iussdeorum
1289 3023 1466 3084 bostis,
1510 3024 1598 3084 qui
1631 3024 1683 3071 in
1719 3036 1815 3071 sua
1853 3024 2005 3071 etiam
2045 3023 2118 3070 ad
2139 3035 2255 3071 san·
2274 3019 2366 3073 ΜΓ·

89 3108 357 3158 ctissimwn
392 3107 690 3168 defensione
726 3110 801 3157 ita
838 3122 929 3158 nos
966 3123 1134 3158 omnes
1170 3108 1320 3157 rebus
1355 3109 1612 3158 convincit
1656 3108 1983 3167 necessariis,
2031 3112 2086 3156 ut
2121 3107 2263 3156 bonis

34 3192 319 3249 nomnibus
362 3193 585 3243 ludibrio
630 3207 738 3242 esse
783 3195 1070 3244 videamur.
1148 3194 1306 3256 Atqui
1346 3195 1419 3243 sic
1471 3206 1504 3241 a
1554 3193 1759 3241 summis
1817 3193 2262 3253 eruditissimisque

90 3278 216 3328 viris
250 3280 561 3341 accepimus,
602 3279 813 3328 eundem
839 3279 1237 3342 Pepericornum
1277 3279 1398 3337 (etsi
1427 3282 1734 3339 rumpantur
1769 3278 1860 3327 ilia
1888 3277 2079 3339 Codro)
2118 3282 2263 3326 tanta

51 3370 60 3417 t
91 3363 300 3424 virtute,
341 3367 587 3425 tantaque
612 3364 875 3426 preditum
911 3365 1252 3424 humanitate,
1295 3369 1351 3413 ut
1385 3363 1588 3411 laudem
1618 3363 1791 3423 potius
1828 3362 2071 3412 bonorum
2110 3375 2262 3423 quam

54 3438 363 3511 &sidonium
408 3450 650 3498 meruerit
695 3449 1163 3499 Reucblinistarum
1209 3449 1586 3507 contumeliam,
1648 3448 1738 3509 qui
1778 3449 1965 3509 seipsos
2015 3446 2262 3496 Obscuros

56 3528 62 3551 '
93 3533 228 3583 ultro
264 3533 373 3582 dici
404 3534 623 3583 voluere.
702 3533 835 3582 Nam
874 3536 964 3596 qui
999 3535 1198 3583 animas
1234 3533 1619 3595 quatuordecim
1659 3532 1862 3582 diabolo
1899 3533 2173 3592 subtraxit,
2215 3538 2263 3580 et

31 3679 34 3683 λ
97 3615 295 3668 67ιηῖίο
330 3619 674 3678 consecravit,
716 3632 828 3667 eum
866 3620 919 3668 in
951 3620 1057 3679 fide
1091 3619 1347 3668 catholica
1383 3631 1650 3681 syncerum
1675 3631 1779 3667 esse
1805 3619 2036 3667 dicamus
2061 3630 2261 3666 necesse

0 3758 1 3768 ἵ
57 3693 183 3766 ,ἷ-εεί.
255 3704 369 3754 Hoc
404 3704 551 3752 credi
584 3703 719 3752 iubet
754 3705 966 3765 veritas,
1019 3718 1113 3766 que
1161 3710 1404 3766 quantam
1454 3703 1629 3762 (etiam
1667 3704 1802 3752 inter
1838 3704 2020 3764 malos)
2075 3702 2260 3749 babeat

0 3769 1 3812 l
57 3748 191 3838 uim
225 3802 325 3839 non
362 3791 587 3851 iqnoras.
673 3789 856 3837 Verum
894 3789 993 3838 hac
1031 3790 1093 3838 de
1129 3803 1188 3838 re
1222 3791 1370 3849 satis,
1412 3794 1466 3838 tu
1503 3803 1596 3850 que
1620 3789 1812 3838 scribat
1835 3791 2054 3846 intuere,
2096 3791 2144 3833 et
2170 3798 2260 3832 nos

94 3876 151 3922 ut
182 3875 310 3924 soles
346 3888 481 3923 ama.
567 3875 692 3923 Vale
727 3875 834 3924 diu.
910 3874 1067 3934 Rome
1104 3889 1170 3924 ex
1208 3877 1394 3925 nostris
1429 3875 1628 3935 edibus,
1672 3883 1775 3916 XV!-
1802 3872 1923 3921 lcal'.
1955 3871 2195 3920 octobres.
