2456 4264
220 271 279 311 VI
700 273 842 303 mnnx
862 272 1016 301 nonviu
1040 271 1139 305 QvAE
1162 270 1249 299 noc
1270 268 1505 298 vonvmm:
1529 265 1865 297 con'rmnu‘rvss.

362 462 562 508 risieusis
601 459 832 505 sententiae
869 475 892 504 a
930 456 1293 507 Coloniensibus‚
1333 464 1384 502 ut
1419 457 1457 501 ei
1494 455 1683 500 relatum
1721 454 1889 505 fuerat,
1937 453 2143 513 conposi-

365 541 456 577 tum
495 530 693 581 exhibet,
743 529 1059 588 Ortvinumque
1097 534 1323 573 auctorem
1361 525 1584 573 collaudat
1620 525 1806 584 eiusque
1843 523 1959 585 parti
1997 522 2143 569 omnia

363 603 508 647 fausta
547 606 767 661 precatur.

222 704 270 751 9.
310 695 558 745 Conradus
597 694 655 743 de
694 693 936 742 Zuiceavia
975 692 1172 741 Ortvino
1210 691 1390 741 Grati0.
1536 706 1592 740 ex
1631 687 1860 754 Liptziek.

360 768 570 815 Lascivus
608 767 670 813 rei
709 780 908 812 venereae
946 766 1275 812 amantissimus
1313 763 1529 824 magister
1554 765 1785 809 Ortvinum
1813 762 1932 822 quod
1959 763 2142 808 amicam

359 838 640 885 verberasset
676 836 983 898 reprehendit,
1023 837 1153 896 eique
1191 849 1322 895 quam
1359 836 1572 880 amatorie
1606 836 1702 895 ipse
1736 834 1781 878 in
1817 831 1966 878 officio
1993 834 2144 880 amicae

362 923 454 954 suoe
502 909 583 959 sit,
641 914 691 953 ut
736 921 817 953 nee
862 906 1206 952 evidentissimis
1263 905 1590 966 suspitionibus
1637 910 1794 950 contra
1841 917 1936 950 eam
1994 902 2142 949 locum

360 979 459 1029 det,
507 992 718 1024 enarrans
765 977 946 1022 nimium
993 978 1242 1022 castitatem
1290 976 1625 1036 exposcentium
1662 976 1857 1034 rigorem
1896 986 1996 1019 esse
2040 987 2145 1035 pro-

364 1049 510 1094 fessus
539 1046 1039 1094 fornicationis-crimen
1063 1045 1209 1091 diluit.
1283 1046 1506 1091 Musarum
1531 1058 1602 1090 res
1627 1046 1774 1090 minus
1801 1043 1887 1090 sibi
1923 1043 2062 1095 cordi,
2101 1049 2147 1088 at

363 1126 507 1164 tamen
547 1131 645 1163 sese
683 1130 862 1178 quoque
886 1115 1326 1163 Antireuchlinistam
1363 1117 1806 1176 humanistarumque
1843 1114 2144 1161 adversarium

362 1203 461 1234 esse
499 1188 671 1234 adiecto
709 1187 914 1247 epistolae
961 1188 1284 1233 commentario
1334 1187 1378 1231 in
1415 1185 1720 1232 defensionem
1758 1184 1996 1232 Alexandri
2033 1183 2145 1231 Galli
2182 1188 2187 1192 ’

365 1265 518 1304 eontra
557 1258 794 1304 Busehium
831 1259 999 1317 scripto
1037 1257 1200 1317 prodit.

234 1351 306 1400 10.
347 1352 550 1402 loannes
586 1351 783 1402 Arnoldi
822 1351 1018 1400 Ortvino
1056 1351 1235 1401 GratiO.
1381 1351 1710 1415 (Mequntioe.)
1772 1389 1782 1400 .
1950 1389 1960 1399 .
2038 1389 2047 1399 .

360 1425 579 1472 Libellum
618 1421 848 1488 [llutteni]
887 1432 1043 1471 contra
1080 1425 1167 1471 loa.
1203 1425 1478 1470 Pfell'erkorn
1525 1423 1799 1485 publicatum
1841 1425 2146 1470 transmittens

363 1496 416 1541 ile
453 1495 854 1542 Reuehlinistarum
891 1495 1177 1541 multitudine
1215 1495 1486 1556 audaciaque
1532 1494 1837 1555 periculisque
1886 1494 1940 1541 ab
1978 1494 2042 1540 eis
2081 1496 2147 1540 in·

366 1565 639 1612 minentibus
666 1567 872 1627 queritur
897 1565 1065 1611 Ortviui
1093 1565 1314 1626 quondam
1338 1565 1586 1626 discipulus
1623 1572 1669 1611 et
1705 1565 1842 1611 rixam
1880 1580 2006 1611 suam
2045 1579 2145 1611 cum

2261 388 2349 430 Pag.

2125 727 2134 736 .
2211 693 2352 735 14.15

2125 1388 2137 1400 .
2214 1356 2279 1399 15.
2303 1356 2357 1399 16

363 1635 557 1696 quodam
586 1636 762 1682 illorum
780 1671 790 1687 ,
816 1635 1103 1682 Colonienses
1129 1636 1495 1696 Parisiensesque
1522 1637 1632 1681 mire
1658 1635 1914 1682 fastidiente
1938 1637 2146 1682 commis·
2221 1674 2223 1676 .

360 1720 451 1750 sam
490 1720 675 1752 narrans
712 1719 890 1753 carmen
927 1707 971 1751 in
1008 1707 1192 1756 horum,
1231 1707 1507 1766 Tungrensis
1532 1708 1758 1767 praeeipue
1784 1713 1830 1753 et
1852 1706 2146 1768 Altaeplateae,

359 1775 532 1821 laudem
569 1776 701 1823 adicit
737 1783 781 1821 et
817 1776 870 1822 de
907 1776 1068 1822 studiis
1106 1778 1200 1822 suis
1237 1776 1392 1823 refert.

222 1875 303 1923 11.
342 1869 594 1920 Cornelius
630 1871 955 1921 Fenestrifieis
993 1870 1193 1920 Ortvino
1233 1872 1411 1921 Gratio.
1558 1873 1891 1935 (Moyuntz‘oe.)
1954 1910 1963 1919 .
2040 1911 2050 1921 .

357 1945 510 1989 Partes
548 1942 878 1990 Coloniensium
918 1958 1016 1990 sese
1056 1947 1169 1990 tueri
1205 1945 1569 2007 Hoehstratoque
1616 1951 1661 1991 et
1696 1944 1896 1992 Arnoldo
1932 1946 1989 1992 de
2027 1947 2144 1992 Tun·

358 2015 451 2073 gris
477 2015 645 2074 optime
682 2013 808 2064 velle,
846 2014 1136 2060 Reuehlinum
1175 2022 1322 2061 autem
1360 2015 1523 2065 odisse,
1562 2029 1754 2075 eumque
1789 2023 1835 2063 et
1870 2031 1894 2062 a
1932 2023 2146 2077 quattuor

358 2083 724 2129 universitatibus
769 2091 814 2130 et
851 2099 872 2129 a
908 2085 1234 2130 Parisiensibus
1270 2085 1612 2132 condemnatum
1645 2085 1778 2147 plane
1821 2087 2058 2133 devictum
2088 2088 2143 2134 iri

359 2160 573 2213 quantum
612 2160 761 2214 optet,
800 2155 996 2216 scriptor
1031 2155 1166 2201 latius
1204 2156 1464 2215 perscribit,
1503 2164 1550 2202 et
1585 2157 1639 2202 de
1676 2156 1855 2204 duobus
1890 2157 2144 2204 Reuehlini-

358 2223 441 2269 stis
479 2225 522 2268 in
559 2223 832 2271 Parisienses
857 2224 1236 2286 Coloniensesque
1273 2226 1515 2285 magistros
1553 2227 1682 2272 miris
1719 2227 1860 2274 modis
1897 2229 2143 2274 invehenti-

359 2292 442 2339 bus
479 2308 529 2339 ae
566 2294 791 2354 quomodo
831 2296 928 2355 ipse
965 2302 1122 2342 contra
1159 2310 1237 2342 eos
1274 2298 1470 2342 tunicam
1507 2297 1674 2342 domini
1712 2297 2029 2345 Treverensem
2069 2298 2143 2344 de-

357 2363 548 2409 fenderit
593 2364 891 2411 narrationem
930 2365 1048 2411 facit.
1106 2366 1160 2411 de
1198 2365 1362 2426 quibus
1398 2381 1488 2412 non
1526 2369 1634 2413 satis
1675 2367 1848 2413 idoneis
1891 2368 1996 2414 viris
2035 2372 2144 2415 scri-

357 2439 486 2493 ptor,
535 2434 634 2494 ipse
678 2441 836 2494 poeta,
884 2437 992 2480 artis
1042 2449 1133 2483 suae
1171 2438 1397 2497 specimen
1433 2437 1554 2483 addit
1590 2437 1970 2500 Coloniensesque
2005 2442 2144 2500 magi-

359 2510 479 2548 stros
518 2503 711 2550 salutare
748 2504 884 2551 iubet.

223 2601 301 2649 12.
341 2596 655 2647 Hiltbrandus
691 2598 1015 2650 Mammaceus
1053 2599 1268 2650 Ortvino.
1412 2603 1462 2651 in
1499 2600 1734 2667 Tubinga.
1775 2643 1785 2654 .
1860 2642 1872 2654 .
2039 2645 2049 2655 .

357 2671 416 2717 lle
453 2671 799 2731 praedicatorum
836 2680 992 2719 contra
1028 2674 1322 2721 Reuehlinum
1358 2689 1489 2722 causa
1526 2676 1699 2722 sinistri
1736 2691 1966 2730 rumores,
2005 2686 2050 2725 et
2086 2681 2141 2727 de

359 2741 629 2788 lloehstrato
655 2758 679 2789 a
704 2743 1058 2790 Romanensibus
1083 2758 1229 2806 neque
1253 2746 1308 2791 ad
1343 2745 1607 2792 heneficium
1642 2762 1893 2809 pauperum
1929 2750 2139 2796 admisso.

358 2813 393 2855 Α
431 2825 568 2871 papa.
618 2812 655 2858 si
693 2820 850 2860 eontra
889 2813 1129 2875 theologos
1167 2815 1407 2866 iudicaret,
1448 2816 1501 2862 ad
1536 2816 1799 2870 concilium,
1847 2820 1969 2879 quod
2007 2836 2142 2882 supra

361 2894 519 2941 papam
558 2888 650 2933 est,
688 2882 1001 2944 appellandum
1039 2899 1151 2931 esse.
1226 2886 1576 2932 Praedieatorum
1613 2888 1808 2948 ordinis,
1848 2889 1947 2936 aliis
1972 2892 2140 2952 perosi,

359 2949 456 2996 laus
493 2958 539 2996 et
574 2952 896 3001 Hoclistratieae
933 2962 1090 3002 contra
1126 2970 1285 3016 parum
1323 2957 1508 3003 idoneos
1545 2958 1748 3005 haeretiei
1784 2960 2019 3008 Reuehlini
2065 2977 2142 3023 pa-

361 3026 516 3066 tronos
553 3036 699 3068 causae
735 3024 1074 3071 commendatio.
2096 3046 2097 3049 ¹

225 3125 300 3174 13.
342 3122 590 3172 Conradus
627 3124 687 3173 de
724 3124 970 3175 Zuiccavia
1008 3126 1222 3177 Ortvin0.
1368 3144 1427 3178 ex
1464 3129 1666 3194 Liptzik.
1779 3170 2136 3185 .....

358 3195 416 3240 De
454 3196 686 3243 adulteriis
724 3197 893 3245 Ortvini
929 3200 1206 3262 Arnoldique
1243 3203 1287 3247 in
1333 3217 1516 3249 uxorem
1553 3204 1848 3252 Pfefl'erkorni
1894 3211 2144 3256 commissis

359 3272 403 3309 et
439 3273 596 3313 eontra
633 3267 799 3314 Ortvini
838 3270 1146 3317 fornicationis
1184 3278 1414 3332 peecatum
1451 3287 1603 3320 severe
1639 3275 1987 3325 condemnantes
2025 3280 2145 3327 litte-

361 3348 432 3380 ras
458 3335 645 3382 Conradi
674 3337 787 3384 idem
814 3342 1066 3386 excusantis
1092 3349 1369 3401 argumenta.
1429 3344 1486 3390 De
1513 3345 1758 3392 hastiludio
1785 3347 2003 3409 festisque
2039 3365 2151 3400 conr

359 3405 483 3451 viviis
522 3405 759 3467 chorisque
796 3409 956 3470 Lipsiae
995 3412 1120 3456 actis.

223 3510 302 3558 14.
341 3504 542 3556 loannes
579 3508 845 3559 Krabacius
883 3510 1080 3561 Ortvino
1119 3514 1300 3563 Gratio.
1446 3531 1502 3565 ex
1542 3515 1876 3582 Nurenberga.
1953 3561 1963 3570 .
2040 3562 2050 3571 .

361 3578 691 3627 lleekmannum
718 3582 990 3630 Vindobonae
1028 3593 1255 3632 mortuum
1293 3601 1392 3634 esse
1429 3591 1683 3642 nuntiatur,
1723 3594 1767 3636 in
1804 3594 1932 3641 euius
1969 3595 2142 3644 laudem

361 3649 564 3709 adposito
604 3666 783 3712 quoque
819 3655 1011 3700 carmine
1048 3656 1287 3716 sepulchro
1326 3658 1610 3705 inscribendo
1658 3669 1865 3708 narratur
1913 3667 2144 3723 cuiusdam

359 3719 660 3779 superbientis
698 3729 840 3781 poetae
879 3720 1126 3786 [llutteni],
1165 3734 1304 3772 artem
1343 3729 1704 3776 versificatoriam
1741 3732 1903 3780 docere
1940 3737 2143 3790 volentis,

360 3803 460 3834 eum
500 3789 779 3838 lleckmanno
817 3801 993 3841 rectore
1041 3795 1286 3843 altercatio.
1362 3800 1488 3860 Apud
1523 3800 1919 3863 Norimbergenses
1967 3822 2147 3869 quoque

363 3858 417 3904 de
454 3873 586 3905 causa
626 3860 723 3907 fidei
762 3867 958 3925 suspecti
998 3879 1202 3913 rumores
1239 3869 1357 3914 inter
1394 3870 1626 3917 Reuehlini
1666 3872 1879 3921 fautores.

2129 1912 2139 1922 .
2199 1849 2355 1922 16...is

2125 2645 2137 2656 .
2212 2613 2354 2655 19.20

2195 3143 2355 3187 20„„22

2128 3564 2137 3572 .
2212 3534 2355 3575 22.23
