2456 4264
759 304 1091 334 nocnsnu'rvs
1114 303 1261 334 OVARS
1283 304 1533 335 DIALons.
2093 276 2215 335 475

62 438 204 490 riuis,-
245 438 333 484 viri
379 438 542 500 optimi
577 445 626 485 et
661 440 946 502 integerrimi
981 446 1120 501 atque
1157 440 1288 486 amici
1325 440 1543 502 praecipui
1580 438 1834 486 adversario
1871 444 2063 499 propter
2098 451 2220 484 sum-

61 523 180 556 mam
215 507 342 555 illius
377 509 695 556 eruditionem.
769 511 824 558 ad
861 512 960 558 haec
995 511 1160 557 infesti·
1189 517 1297 558 sunt
1332 525 1453 558 nunc
1489 511 1709 558 Rhomani
1746 509 2072 556 Germanorum
2119 509 2220 556 lite-

61 586 231 628 raturae
267 585 316 626 et
348 579 494 627 libero
531 595 690 629 eorum
729 582 896 629 iudicio
934 582 1231 644 liberiorique
1267 583 1455 630 calamo.

199 663 347 700 ΗΠΒ.
418 650 478 698 Es
514 661 775 706 accusator,
824 661 877 700 ut
913 654 1065 705 video,
1114 653 1416 706 fortissimus,
1465 669 1557 700 non
1596 667 1725 700 secus
1764 660 1900 714 atque
1938 653 2218 699 fortissimus
2235 652 2334 694 §.36.

25 721 320 784 adisputator
364 729 437 770 est
471 723 689 786 Magister
722 725 888 772 Noster
933 726 1146 772 dominus
1182 726 1373 773 Ioannes
1409 725 1570 772 Eccius
1608 725 1811 777 Maioris,
1862 724 2105 786 theologiae
2142 724 2221 771 do-

58 799 163 840 ctor
196 800 245 840 et
275 793 539 842 ⁴ordinarius
576 803 622 842 et
658 795 1044 858 procancellarius
1080 797 1209 846 almae
1233 797 1549 844 Universitatis
1575 796 1926 858 Auripolitanae,
1967 796 2220 843 Canonicus

57 864 368 912 Eustettensis
405 872 452 913 et
487 874 646 929 pastor
682 867 727 915 S.
765 869 960 916 Mauritii
997 869 1279 930 lngolstadii.

197 949 491 985 LvPoLDvs.
564 937 811 1002 Quousque
849 938 1064 986 titulum?

196 1020 348 1056 mave.
422 1009 672 1062 Hactenus,
719 1012 810 1058 nisi
845 1011 979 1057 velim
1016 1011 1071 1058 de
1106 1025 1189 1073 spe
1225 1010 1414 1058 aliarum
1453 1009 1724 1070 dignitatum
1762 1016 1939 1056 tantum
1975 1024 2066 1056 non
2103 1024 2219 1070 prae-

2 1085 192 1126 tosente
226 1079 379 1141 loqui,
418 1095 521 1127 nam
558 1083 599 1128 ei
636 1083 683 1128 in
720 1097 855 1130 manu
895 1082 1060 1128 fuisset
1096 1082 1298 1144 galerum
1323 1096 1416 1128 non
1442 1081 1589 1127 solum
1614 1083 1944 1142 protonotarii,
1984 1081 2062 1127 sed
2089 1083 2219 1127 etiam

57 1150 395 1198 cardinalitium
433 1153 659 1206 nancisci,
698 1155 817 1201 sicut
853 1153 988 1200 audio
1025 1167 1129 1200 eum
1166 1155 1315 1215 ipsum
1353 1168 1377 1199 a
1414 1153 1584 1198 Rhoma
1625 1152 1863 1214 scripsisse
1902 1152 2150 1199 avunculis.

196 1236 492 1272 LVPOLDVS.
568 1225 735 1271 Vereor
770 1239 827 1271 ne
862 1239 974 1272 vana
1011 1225 1271 1286 scripserit;
1319 1237 1467 1285 neque
1511 1223 1577 1269 illi
1625 1223 1754 1270 facile
1795 1223 2030 1270 tribuerim
2069 1224 2222 1284 dispu-

57 1293 180 1341 tandi
216 1294 485 1356 primatum;
524 1297 635 1358 quin
671 1297 746 1343 hic
781 1297 894 1343 meis
931 1297 1146 1357 princeps
1183 1298 1228 1342 in
1265 1295 1472 1342 diatribis
1510 1309 1701 1356 regnum
1740 1295 1929 1342 obtinet

194 1378 344 1414 ans.
417 1365 563 1424 Quem
599 1369 711 1414 mihi
747 1369 1002 1430 principem
1038 1368 1226 1415 narras?
1773 1403 1778 1407 .

0 1445 44 1483 ts
100 1478 103 1480 .
194 1449 594 1486 noons'rnA‘rvs.
665 1439 761 1500 Ego
798 1441 1012 1501 princeps
1050 1453 1151 1485 sum
1189 1438 1507 1500 Magistrorum
1544 1438 1899 1490 Haereticorum,
1949 1438 2091 1484 habeo
2132 1438 2330 1489 sub§.37.

52 1521 154 1555 meo
191 1509 404 1556 districtu
442 1517 535 1556 tres
571 1511 1003 1573 archiepiscopatus,
1039 1510 1370 1562 Coloniensem‚
1411 1511 1717 1557 Trevirensem
1745 1516 1791 1556 et
1815 1509 2221 1570 Moguntinensem,

52 1580 133 1640 qni
181 1593 342 1627 omnes
375 1579 599 1628 Erostrati
644 1583 866 1644 imperata
912 1582 1106 1634 faciunt,
1155 1597 1412 1644 quanquam
1457 1582 1569 1628 mihi
1617 1581 1755 1627 iudici
1795 1588 1840 1628 et
1879 1582 2022 1628 actori
2061 1587 2220 1628 contra

50 1650 560 1699 Reuchlinum‘sedenti
599 1653 847 1716 Moguntiae
894 1659 941 1701 et
990 1655 1171 1701 iamiam
1219 1654 1576 1701 condemnatum
1624 1652 1829 1699 libellum
1879 1653 2016 1699 huius
2062 1667 2221 1714 parum

2 1740 9 1750 ²
52 1721 259 1770 officiose
292 1724 532 1785 respondit
567 1725 883 1787 Moguntinus:
932 1727 1031 1787 egit
1078 1728 1197 1773 enim
1245 1739 1425 1787 semper
1462 1739 1545 1786 pro
1584 1739 1715 1786 pace,
1765 1724 1843 1771 ubi
1880 1739 1966 1785 ego
2005 1724 2223 1771 moliebar

0 1794 269 1842 nomnibus
302 1796 455 1843 nervis
490 1796 672 1843 auferre
707 1804 995 1859 peccatorem
1032 1813 1057 1844 a
1095 1797 1209 1844 facie
1250 1803 1381 1843 terrae
1421 1803 1467 1844 et
1503 1810 1701 1859 purgare
1737 1810 1819 1859 per
1843 1795 2017 1858 ignem:
2057 1797 2220 1843 iccirco

0 1869 298 1928 'postquam
333 1868 488 1930 perire
523 1868 645 1915 videt
681 1870 861 1915 anxium
901 1878 1054 1920 reum,
1092 1870 1400 1916 commonitus
1439 1883 1463 1915 a
1488 1868 1731 1915 Laurentio
1760 1869 1985 1915 Thrusses
2012 1868 2065 1913 de
2091 1868 2221 1915 Bom-

2 1936 343 1991 mborsselden
381 1938 551 1986 decano
588 1939 885 2023 Moguntino,
934 1942 1028 1986 viro
1067 1942 1115 1986 in
1151 1940 1290 1987 rebus
1330 1939 1540 2002 gerendis
1579 1940 1843 1987 dexterrimi
1880 1940 2078 2000 ingenii,
2118 1954 2220 1985 mox

50 2007 178 2055 iubet
212 2010 474 2071 imperiosis
511 2010 683 2063 literis,
721 2018 773 2058 ut
804 2013 899 2094 ’ipsi
935 2025 1019 2058 ceu
1057 2012 1285 2059 ordinario
1323 2013 1583 2073 permittam
1624 2012 1758 2057 simul
1796 2012 1850 2058 de
1889 2025 2022 2059 causa
2049 2025 2219 2093 cogno-

50 2093 205 2134 scere;
243 2094 332 2143 ego
369 2081 564 2142 fugienti
602 2082 764 2129 similis
802 2085 848 2129 in
887 2084 1052 2131 itinere
1089 2084 1271 2145 inquam
1312 2083 1361 2129 ‘O
1397 2083 1701 2144 Moguntiam‚
1741 2084 1843 2145 quis
1882 2083 2135 2144 cogitasset
2173 2084 2219 2128 in

0 2155 101 2203 tte
138 2151 221 2199 tali
252 2152 363 2199 nido
401 2152 516 2200 tales
551 2153 696 2200 fuisse
731 2156 873 2201 aves?

5 2238 10 2278 ζ
129 2265 138 2277 ,
189 2236 371 2283 ans..
410 2224 645 2287 Pugnaces
682 2233 813 2277 sunt,
861 2227 1198 2279 mediusfidius,
1252 2228 1331 2289 qui
1379 2232 1653 2288 praesentem
1690 2226 1889 2288 praedam
1930 2225 2010 2273 tibi
2048 2224 2218 2272 vulturi

5 2295 8 2299 ’
51 2308 105 2341 ex
139 2294 327 2357 ungulis
365 2296 629 2343 avulserint.

111 2395 117 2398 -
190 2379 596 2416 noonsms'rvs.
669 2369 776 2416 Rem
814 2376 968 2417 tenes:
1007 2384 1109 2417 nam
1149 2372 1322 2417 interea
1348 2383 1432 2431 per
1457 2370 1613 2416 literas
1638 2368 1898 2417 Pontificias
1926 2370 2086 2416 iudicis
2115 2385 2214 2430 par·
2232 2365 2332 2421 5:3⁸·

6 2462 8 2469 v
53 2443 123 2484 tes
158 2438 321 2487 cedere
358 2445 404 2486 et
440 2441 577 2486 unius
615 2441 784 2488 actoris
823 2444 941 2489 tueri
978 2442 1100 2503 apud
1137 2442 1401 2503 Spirensem
1441 2443 1707 2503 episcopum
1733 2448 1918 2488 coactus
1946 2456 2068 2488 sum:
2108 2440 2221 2486 nihil

0 2509 192 2558 ”habui
229 2510 355 2572 quod
390 2525 692 2573 opponerem,
741 2526 890 2574 neque
941 2513 1225 2560 familiaritas
1263 2521 1341 2560 aut
1378 2513 1669 2560 necessitudo
1710 2513 1859 2574 aliqua
1896 2528 1996 2560 cum
2037 2512 2222 2574 Spiren-

53 2579 182 2628 sibus
226 2581 488 2629 adversario
535 2585 883 2636 intercesserat,
936 2586 1015 2646 qui
1055 2585 1259 2631 melioris
1297 2586 1431 2631 etiam
1469 2585 1615 2637 samae,
1656 2599 1789 2647 quam
1831 2591 1881 2630 ut
1918 2583 2224 2631 verisimiliter

8 2650 258 2700 licuisset
293 2652 469 2714 fingere
505 2657 812 2717 suspicionem
850 2656 1133 2718 largitionis,
1182 2658 1434 2718 praesertim
1482 2670 1584 2703 cum
1633 2657 1876 2718 episcopus
1923 2670 2006 2717 per
2043 2670 2090 2702 se
2130 2656 2222 2702 edi-

53 2722 199 2772 disset
229 2726 496 2787 cognitores
531 2740 695 2774 causae.
767 2728 994 2775 Praeterea
1032 2730 1243 2791 superior
1279 2742 1378 2774 sum
1429 2727 1597 2774 vIribus
1645 2727 1927 2789 disputandi,
1978 2729 2097 2774 sicut
2134 2727 2222 2772 sra-

8 2812 12 2819 ’
53 2801 125 2842 ter
157 2794 394 2858 Lupoldus
430 2795 694 2850 affirmavit,
747 2799 914 2846 Ioanne
961 2799 1120 2852 Eccio,
1167 2801 1297 2846 cuius
1344 2806 1662 2862 argumentum
1713 2806 1834 2845 extat
1879 2800 1925 2845 in
1962 2798 2098 2844 Petro
2138 2799 2221 2845 Ra-

0 2864 250 2916 “vennate
285 2882 494 2916 meorum
531 2877 903 2931 argumentorum
943 2871 1047 2918 telis
1084 2871 1204 2919 suso.
1280 2871 1493 2933 quicquid
1531 2884 1617 2932 ego
1656 2870 1726 2916 vel
1764 2871 1993 2917 somnians
2041 2869 2222 2930 loquor,

9 2938 12 2942 ’
53 2938 285 2987 oractllum
333 2947 428 2993 est,
477 2942 725 2988 autoritate
772 2941 1062 3004 inquisitoria
1107 2942 1481 2994 corroboratum,
1535 2956 1693 2988 murus
1750 2943 2006 2988 tutissimus
2059 2948 2222 2987 contra

0 3053 1 3063 ,
52 3013 353 3072 antagonistae
398 3010 611 3064 missilia,
661 3014 779 3075 ignis
817 3021 910 3067 est,
950 3014 1140 3061 flammis
1178 3015 1297 3060 enim
1337 3014 1464 3061 trado
1505 3015 1582 3075 qui
1620 3014 1729 3061 mihi
1768 3015 1811 3059 in
1853 3014 1991 3059 aciem
2031 3026 2220 3074 egresso

0 3079 2 3124 ἕ
51 3095 143 3130 non
179 3083 400 3130 continuo
442 3083 646 3145 trepidus
684 3084 868 3132 herbam
907 3085 1094 3147 praebet,
1134 3085 1222 3132 nisi
1248 3100 1407 3133 manus
1434 3091 1604 3132 nostrae
1630 3086 1919 3147 paternitatis
1945 3084 2217 3131 ΙὶονοιοηάῬ

10 3154 272 3210 {evaserim
333 3155 466 3202 testis
520 3161 592 3202 est
638 3156 838 3203 medicus
887 3156 1159 3210 llollandus,
1218 3158 1382 3204 charus
1431 3157 1733 3219 principibus,
1794 3170 1926 3217 quem
1983 3153 2252 3203 combussi§
2235 3152 2334 3195 §m39

0 3215 102 3282 bin
137 3224 260 3286 Haga
297 3224 511 3283 Comitis;
557 3225 730 3273 frustra
767 3242 980 3290 proceres
1019 3230 1117 3276 eius
1164 3230 1409 3291 provinciae
1458 3228 1836 3280 intercesserant,
1887 3227 2058 3274 frustra
2107 3227 2219 3274 ssens

10 3298 18 3339 ἶ

10 3355 16 3379 ὲ

51 3376 216 3421 habuit
252 3378 495 3421 licentiam
534 3392 562 3421 a
591 3381 723 3435 Papa
762 3381 980 3423 manendi
1020 3386 1150 3424 extra
1187 3381 1369 3434 urbem,
1408 3381 1489 3423 ubi
1530 3381 1572 3422 ei
1611 3380 1820 3435 placeret
1849 3387 1930 3423 etc.
1965 3379 1996 3435 †
2027 3396 2070 3423 a..
2096 3381 2218 3423 1524.

53 3452 128 3493 nt.
149 3448 220 3491 70.
242 3450 501 3505 Episcopus
532 3450 765 3494 Ostiensis
790 3457 844 3494 fet
873 3453 996 3495 sacri
1028 3452 1214 3507 collegii
1246 3453 1464 3495 decanus.
1500 3453 1692 3494 Ciaccon.
1716 3455 1742 3493 I.
1767 3467 1803 3496 c.
1826 3466 1869 3506 p.
1895 3451 1993 3496 203.
2017 3466 2084 3506 sq.

163 3519 184 3547 ⁶
201 3522 392 3564 Ioannis
416 3525 453 3563 1.
465 3524 507 3563 2.
597 3522 784 3574 Recine,
807 3524 998 3565 maioris
1021 3524 1159 3568 Th.1.
1173 3527 1214 3565 2.
1230 3526 1273 3565 3.
1307 3525 1467 3573 Euius,
1490 3523 1678 3577 majoris
1702 3523 1820 3565 th.4.
1856 3524 2036 3578 Inepte:
2058 3526 2218 3577 Maym·

0 3621 1 3626 ,
51 3602 142 3634 von
170 3591 273 3634 Eck
299 3593 579 3646 significatur.
667 3592 686 3619 ⁷
716 3594 1031 3636 Enstettensis
1063 3597 1102 3635 1.
1118 3596 1159 3635 2.
1192 3596 1495 3637 Eistettensis
1529 3598 1570 3637 3.
1585 3597 1625 3637 4.
1658 3595 1887 3637 Eiclwtddt
1918 3608 1953 3636 s.
1988 3596 2214 3636 Aichstett.

0 3689 2 3704 ,
53 3660 270 3705 Mauricii
302 3665 345 3707 2.
359 3666 400 3705 3.
512 3662 542 3691 ¹¹
578 3664 945 3707 Cardinalieium
977 3668 1020 3707 3.
1133 3663 1164 3691 ¹³
1196 3664 1319 3720 quin]
1355 3679 1489 3720 quem
1522 3668 1562 3707 4.
1680 3667 1794 3707 meis
1827 3668 1864 3707 1.
1881 3669 1921 3707 2.
1956 3679 2082 3707 meus
2117 3669 2157 3707 3.
2175 3668 2213 3706 4.

0 3736 2 3750 ¹
54 3729 92 3759 ¹⁸
118 3733 343 3778 Haeretic.
366 3737 460 3777 1.2.
490 3735 742 3777 Haeretico.
763 3739 806 3778 2.
873 3734 907 3762 ²¹
942 3737 1007 3778 De
1029 3736 1282 3778 Truchsess
1315 3750 1342 3778 a
1363 3737 1757 3779 Pommersfelden
1787 3738 1843 3790 cf.
1866 3751 1999 3791 supra
2030 3738 2088 3777 ad
2107 3737 2145 3785 ἕ.
2172 3739 2212 3774 3.

0 3831 4 3871 Ι
40 3801 93 3846 ’,Β
121 3806 424 3860 suspitionem
457 3809 501 3850 3.
610 3805 647 3833 ³⁴
676 3807 861 3848 Petrum
893 3807 1211 3849 Ravennatem
1244 3808 1517 3851 Hochstrati
1549 3809 1779 3863 praecipue
1812 3809 1991 3849 insidiae
2026 3822 2048 3847 e
2082 3806 2214 3846 Colo-

0 3874 5 3892 *
31 3874 136 3919 'nia
165 3876 450 3931 expulerant.
484 3877 546 3918 cf.
571 3881 656 3921 art.
680 3878 942 3922 Ravennas.
1042 3878 1078 3905 ³⁰
1112 3876 1336 3935 medicus]
1370 3880 1471 3923 Non
1504 3880 1618 3922 libet
1648 3880 1695 3920 in
1726 3879 1812 3921 hoc
1847 3880 2027 3920 facinus
2062 3876 2212 3917 Hoch-

0 3939 24 4007 [ι
57 3946 296 3989 straticum
325 3948 595 4002 diligentius
626 3949 871 4002 inquirere.
