2456 4264
561 243 619 278 54.
642 249 889 280 wlnnnmu
911 252 1100 283 mucor.
1161 249 1219 283 55·
1245 256 1502 286 SYLVESTRI
1524 258 1693 287 omen.
2079 236 2200 297 273

29 392 180 445 'punc
214 376 364 431 abivit
401 376 511 443 (deo
547 381 745 447 gratias)
786 383 846 432 ad
885 383 1102 434 fiendum
1142 385 1330 443 doctor,
1371 394 1419 437 et
1454 387 1503 436 in
1541 404 1639 438 uno
1677 404 1805 439 anno
1842 405 1940 441 non
1981 391 2070 442 fuit
2105 393 2202 444 hic.

23 460 280 542 'zffiabolus
315 463 509 514 auferat
545 480 671 515 eum.
747 467 932 519 Deinde
968 476 1084 520 sunt
1131 470 1229 520 duo
1280 472 1458 523 fratres
1495 473 1787 525 Nobilitares
1825 474 1952 527 Otho
2002 485 2052 528 et
2088 479 2203 528 Phi-

21 577 27 582 ·
114 562 210 616 pus
258 548 320 599 de
365 548 528 607 Bock,
579 552 671 615 ipsi
718 559 894 603 vexant
942 570 1114 606 omnes
1151 556 1443 622 Theologos.
1519 560 1581 609 Et
1625 561 1777 611 semel
1825 563 1876 611 in
1928 561 2010 612 illo
2058 578 2200 613 sacro
2264 625 2269 630 ⁸

28 624 33 707 a*
68 695 75 699 g
111 686 114 690 ,
195 649 343 700 quem
380 637 603 700 magistri
640 640 796 688 nostri
834 638 1211 692 celebraverunt
1235 644 1283 692 in
1310 643 1558 709 Maguntia
1586 653 1756 696 contra
1782 646 2049 712 Speculum
2076 647 2202 699 Ocu-

44 723 62 778 j
135 753 182 782 Ἰ.
213 725 332 769 tunc
367 720 602 785 Magister
638 723 847 774 lacobus
884 725 946 775 de
981 725 1310 778 Hochstraten
1350 745 1412 779 ex
1451 729 1614 779 officio
1652 745 1742 780 suo
1780 731 1911 782 dedit
1947 733 2203 798 indulgen-

112 826 128 849 s.
173 803 403 856 omnibus
441 807 525 870 qui
561 808 898 860 interfuerunt
934 811 1051 862 huic
1089 815 1236 863 actui.
1311 813 1452 864 Tunc
1491 816 1568 864 isti
1606 815 1704 865 duo
1741 816 1919 867 fratres
1957 833 2070 868 cum
2097 818 2202 869 aliis

16 901 47 933 Ἃ
97 888 312 942 onibus
347 890 567 942 sedendo
614 894 664 943 in
712 902 981 960 conspectu
1019 897 1385 963 Theologorum
1425 901 1510 965 qui
1546 900 1746 950 fuerunt
1781 901 1850 951 ibi
1886 903 1935 950 in
1973 903 2199 968 hospitio,

44 984 47 986 ·
104 1011 154 1034 ¹„
194 982 270 1027 ιιι
305 991 420 1027 cum
456 977 566 1027 talis
601 993 694 1043 pro
731 978 825 1029 illis
863 981 1193 1046 indulgentiis,
1268 984 1440 1038 Adbuc
1480 990 1553 1034 est
1588 985 1655 1034 ibi
1694 1001 1822 1035 unus
1868 989 1952 1053 qui
2004 996 2202 1038 vocatur

46 1058 50 1100 ῗ
116 1085 149 1107 ι’
177 1077 287 1112 1nes
321 1062 605 1114 Huttichius
650 1066 734 1130 qui
783 1066 930 1133 etiam
978 1073 1052 1118 est
1101 1069 1328 1119 inimicus
1375 1076 1549 1120 vester.
1626 1077 1674 1121 et
1720 1071 1839 1120 alias
1887 1079 1960 1122 est
2006 1074 2201 1139 quidam

50 1154 60 1162 '
145 1148 158 1160 ⁸
196 1168 197 1175 ¹
282 1154 542 1215 promotus
588 1150 638 1198 in
686 1150 941 1202 doctorem
990 1154 1040 1202 in
1084 1153 1224 1211 Iure,
1274 1156 1554 1206 nominatus
1599 1154 1859 1206 Cunradus
1906 1157 2201 1223 Weydmau:

43 1234 49 1278 Ῐ
115 1287 125 1290 ,
185 1224 319 1284 iuvat
354 1234 528 1285 omnes
565 1236 652 1301 qui
688 1235 875 1285 faciunt
911 1236 1090 1303 aliquid
1131 1245 1302 1289 contra
1341 1255 1440 1289 vos,
1516 1240 1576 1290 Et
1613 1239 1738 1290 alius
1776 1241 1949 1291 doctor
1975 1245 2061 1309 qui
2087 1243 2202 1293 olim

101 1320 115 1332 ”
169 1319 351 1372 Artista
387 1319 450 1370 de
486 1321 560 1370 via
599 1321 982 1380 modernorum,
1032 1328 1080 1373 et
1127 1330 1329 1374 vocatur
1367 1325 1656 1376 Eucharius.
1734 1327 1795 1376 Et
1832 1338 1944 1376 cum
1991 1328 2087 1378 hoc
2124 1329 2205 1379 Ni·

44 1414 115 1454 2³..
158 1420 221 1457 us
255 1404 560 1456 Carbachius
597 1407 681 1472 qui
718 1406 838 1473 legit
875 1409 924 1457 in
962 1410 1115 1473 poesi.
1190 1409 1314 1459 Item
1353 1411 1632 1461 Henrichus
1658 1411 1974 1463 Brumannus
2013 1416 2095 1479 qui
2134 1421 2207 1464 est

73 1491 89 1504 ⁶
146 1510 243 1537 az:
286 1492 341 1540 in
375 1505 569 1542 summo
608 1498 655 1542 et
694 1499 767 1542 est
802 1492 964 1543 bonus
1003 1493 1277 1560 Organista.
1353 1496 1414 1545 Et
1450 1497 1559 1546 dico
1607 1512 1804 1561 semper
1851 1499 1918 1548 ei:
1972 1498 2083 1548 ‘Vos
2122 1499 2206 1550 de-

12 1594 13 1598 *
137 1577 506 1642 ctisrespicere
542 1593 728 1643 organa
766 1587 927 1630 vestra
968 1585 1017 1630 et
1053 1581 1301 1632 dimittere
1327 1580 1606 1646 Theologos
1644 1584 1692 1632 in
1730 1582 1883 1647 pace'.
1960 1584 2056 1634 Sed
2094 1592 2206 1634 ante

56 1660 191 1707 121⁸v
242 1661 476 1713 Canonici
513 1664 618 1714 fere
657 1680 830 1715 omnes
868 1672 984 1715 sunt
1020 1681 1113 1731 pro
1150 1667 1417 1724 Reuchlin;
1469 1674 1696 1733 preterea
1746 1667 1884 1718 multi
1933 1668 2014 1719 alii
2051 1671 2204 1733 magi-

25 1747 45 1822 2
86 1768 94 1785 ·
159 1749 247 1816 qui
269 1754 437 1799 amant
472 1751 732 1815 poetriam,
772 1767 984 1817 quorum
1024 1754 1223 1802 nomina
1261 1767 1360 1802 non
1398 1758 1559 1803 teneo.
1637 1753 1777 1805 Nunc
1815 1754 2029 1805 scribam
2067 1755 2204 1805 vobis

45 1828 64 1853 ⁵
140 1833 323 1905 Amicis
361 1839 410 1892 et
445 1834 738 1886 fautoribus,
815 1836 911 1886 Vos
949 1837 1140 1888 habetis
1178 1838 1258 1887 hic
1296 1853 1447 1889 unum
1474 1839 1699 1888 Amicum
1737 1840 1821 1905 qui
1859 1846 1932 1890 est
1969 1842 2040 1890 vir
2078 1840 2202 1890 mul-

38 1907 150 1978 Μαι
183 1919 455 1972 excellens:
504 1926 554 1972 et
589 1927 792 1972 vocatur
831 1921 1060 1972 dominus
1097 1923 1359 1973 Adularius
1398 1924 1632 1974 Schwan:
1683 1925 1787 1990 ipse
1827 1931 1901 1975 est
1937 1925 2115 1976 nobilis
2155 1933 2203 1976 et

0 2013 32 2055 Ι
177 2011 384 2058 tunum
423 2005 634 2058 Calicem
673 2008 721 2057 in
762 2007 964 2074 clypeo;
1015 2015 1153 2074 pater
1193 2010 1297 2059 eius
1335 2009 1425 2059 fuit
1462 2009 1803 2074 Campanisex,
1853 2010 1913 2060 Et
1962 2017 2036 2060 est
2085 2010 2201 2060 sub-

66 2089 115 2149 ’Ϊ
175 2090 452 2158 disputator
489 2094 541 2142 in
579 2094 651 2143 via
679 2093 1019 2152 Scotistarum,
1060 2101 1109 2144 et
1146 2095 1260 2145 facit
1296 2093 1423 2145 bona
1464 2096 1791 2159 Argumenta:
1833 2101 1880 2146 et
1917 2094 2033 2146 dicit
2069 2096 2200 2162 quod

114 2177 204 2229 tim
237 2176 385 2229 vellet
420 2177 719 2230 concludere
757 2179 1028 2230 Iohannem
1068 2179 1326 2238 Reuchlin,
1366 2182 1405 2230 si
1443 2180 1649 2231 deberet
1687 2196 1798 2231 cum
1838 2196 1896 2230 eo
1934 2181 2199 2246 disputare.

37 2259 179 2331 „5¹¹⁸
214 2271 292 2316 est
326 2263 491 2314 fautor
528 2271 691 2315 vester
717 2265 1153 2330 singularissimuS,
1195 2266 1354 2316 dictus
1380 2265 1622 2316 Henricus
1647 2266 1770 2322 Han,
1810 2265 1930 2316 alias
1957 2265 2200 2317 Glocken·

39 2333 220 2434 ¹bintz,
256 2350 372 2416 quia
410 2349 622 2402 libenter
662 2353 980 2416 campanisat.
1056 2350 1143 2402 Ille
1182 2359 1256 2402 est
1293 2351 1440 2402 homo
1480 2350 1619 2402 valde
1648 2352 1937 2409 inventivus,
1978 2357 2027 2401 et
2052 2351 2202 2402 habet

0 2422 318 2497 *fiirnbsscm
356 2435 688 2494 intellectum,
741 2444 791 2488 et
838 2438 903 2487 ita
943 2437 1243 2502 profundum
1285 2437 1533 2502 ingenium
1573 2436 1704 2502 quod
1744 2452 1841 2486 non
1882 2437 2103 2494 crediti&
2153 2443 2203 2486 et

38 2514 254 2582 Neuter
301 2520 543 2587 disputat:
601 2529 650 2573 et
696 2523 894 2589 quando
944 2523 1184 2587 disputat,
1235 2528 1353 2572 tunc
1402 2522 1551 2573 ridet:
1603 2528 1651 2572 et
1698 2522 1905 2573 ridendo
1953 2521 2202 2572 concludit

39 2611 211 2666 unum.
284 2605 416 2657 Talis
462 2608 661 2674 quando
712 2608 827 2659 vidit
872 2608 1119 2659 Articulos
1168 2607 1456 2673 hereticales
1502 2607 1735 2658 lobannis
1772 2607 2037 2666 Reuchlin,
2086 2614 2202 2657 tunc

40 2686 176 2751 dixit,
213 2691 347 2759 quod
385 2699 592 2759 propter
630 2709 784 2744 unum
824 2709 885 2744 ex
924 2695 1029 2745 istis
1055 2693 1272 2745 articulis
1299 2694 1543 2744 lohannes
1570 2692 1807 2744 lteucblin
1837 2692 2040 2743 deberet
2067 2709 2200 2742 com-

41 2769 172 2833 buri.
241 2776 416 2829 Postea
456 2778 648 2829 habetis
687 2781 831 2829 etiam
871 2780 932 2830 dc
972 2787 1130 2830 vestra
1171 2781 1427 2845 compania
1467 2795 1617 2829 unum
1647 2778 1859 2828 nobilem
1887 2777 2199 2828 domicellum

0 2865 95 2918 [et
127 2864 427 2928 armigerum
465 2865 550 2930 qui
587 2864 766 2915 dicitur
794 2864 1017 2915 Matthias
1055 2865 1116 2915 de
1144 2864 1507 2929 Falckenberg:
1549 2871 1595 2913 et
1633 2871 1706 2913 est
1744 2865 1815 2913 vir
1854 2862 2059 2912 multum
2101 2862 2200 2912 bel·

39 2941 221 3000 ficosus
270 2954 320 2999 ct
363 2955 530 3014 portat
574 2965 772 3015 semper
819 2966 952 3000 arma
1003 2966 1171 3000 secum
1221 2957 1269 3000 et
1316 2957 1390 3000 cst
1438 2952 1707 3016 equestris:
1759 2950 1861 3014 ipse
1908 2963 2104 3011 sempor
2153 2949 2197 2997 in

40 3044 209 3089 Densa
244 3033 385 3085 sedet
421 3040 534 3084 ante
572 3041 620 3085 et
657 3050 911 3101 nunquam
952 3042 1113 3085 retro:
1154 3036 1264 3102 quia
1306 3035 1423 3084 dicit
1460 3035 1590 3101 quod
1619 3034 1815 3100 «litando
1841 3033 2037 3083 sederet
2064 3039 2198 3082 retro

41 3123 94 3178 ᾳ
123 3118 269 3172 ficret
303 3118 507 3178 bellum,
547 3126 665 3170 tunc
705 3136 801 3170 non
843 3127 1009 3186 posset
1047 3122 1108 3171 ita
1149 3122 1312 3170 statim
1354 3134 1559 3183 surgere
1601 3125 1648 3168 et
1687 3125 1947 3183 percutere
1976 3119 2199 3167 inimicos

38 3214 172 3262 Ποῦ.
245 3204 307 3255 Et
342 3220 457 3255 cum
495 3204 589 3255 hoc
626 3211 701 3256 est
736 3212 1107 3270 argumentator
1147 3205 1353 3255 multum
1393 3203 1584 3254 subtilis
1622 3203 1682 3253 de
1735 3205 1804 3252 via
1854 3204 2195 3269 antiquorum:

0 3285 149 3358 §bne
193 3289 335 3346 dicit,
388 3291 427 3339 si
468 3289 703 3340 Reucblin
756 3307 854 3341 non
905 3291 1005 3341 vult
1053 3306 1276 3345 cessare,
1328 3296 1443 3339 tunc
1493 3287 1593 3338 vult
1647 3289 1810 3337 venire
1848 3304 1960 3337 cum
2000 3296 2197 3338 «tentum

68 3439 69 3442 Ἴ
139 3374 181 3427 is
215 3375 277 3426 ad
316 3373 650 3425 auxiliandum
691 3374 841 3425 vobis,
919 3375 1093 3425 Adbuc
1131 3381 1205 3424 est
1243 3389 1370 3423 unus
1408 3373 1523 3422 civis
1564 3372 1952 3437 Mogontinensis
1990 3374 2070 3440 qui
2111 3389 2196 3421 no·

93 3458 109 3471 “’
174 3464 255 3510 tur
292 3457 562 3525 wigandus
599 3460 660 3509 ‹le
698 3458 893 3509 Solmss.
971 3458 1053 3509 lile
1093 3466 1166 3509 est
1204 3459 1411 3513 iuvenis,
1464 3458 1549 3508 sed
1590 3459 1653 3508 ita
1693 3458 1892 3515 doctus,
1924 3458 2070 3525 quod
2113 3474 2196 3522 po·

40 3535 136 3597 (Ut
155 3544 433 3612 equivalere
460 3560 611 3594 unum
640 3546 925 3609 magistrum
954 3551 1200 3594 nostrum:
1231 3545 1334 3608 ipse
1361 3543 1478 3594 dicit
1502 3543 1631 3609 quod
1660 3542 1802 3593 vellet
1827 3560 1937 3593 cum
1960 3542 2194 3593 lleuoblin

43 3640 375 3681 2-——-

55 3712 82 3734 .,

151 3755 171 3785 ⁸
199 3758 341 3815 Bocg.
363 3765 405 3803 5.
494 3757 512 3784 ⁵
541 3760 603 3803 M.
627 3761 720 3803 4.5.
807 3759 824 3785 ⁹
856 3758 983 3802 loan.
1008 3761 1047 3801 A.
1138 3755 1171 3785 ¹⁸
1204 3757 1431 3800 Hem-icus
1452 3762 1492 3800 5.
1577 3757 1607 3785 ¹⁸
1639 3757 1857 3799 cononici
1882 3759 1920 3798 4.
1999 3752 2033 3781 θ’
2068 3755 2126 3796 lo.
2151 3756 2190 3794 4.

42 3821 204 3871 lobon.
226 3831 381 3872 reuch.
405 3836 446 3873 5.
506 3828 545 3856 ¹⁷
574 3831 638 3875 Io.
662 3833 704 3872 ⁴.
735 3831 863 3872 Ioan.
888 3830 1041 3871 reuch.
1065 3834 1105 3870 5.
1167 3830 1203 3856 ²⁸
1234 3829 1297 3871 10.
1319 3834 1360 3870 5.
1423 3844 1503 3870 mm
1534 3829 1658 3870 lmlmt
1682 3833 1720 3872 4.
1781 3826 1816 3853 ²¹⁶
1850 3830 1939 3867 etis·
1973 3827 2127 3878 imin-12
2150 3829 2189 3863 5.

46 3901 309 3955 compunta:
333 3905 374 3943 4.
408 3902 645 3956 caponia5.
726 3901 765 3927 ³⁰
795 3901 1000 3943 Mathias
1022 3905 1063 3942 5.
1132 3899 1168 3926 ⁸⁵
1199 3902 1261 3944 .C.
1286 3905 1326 3940 5.
1388 3900 1700 3952 Moguntineui.
1726 3903 1766 3939 5.
1837 3897 1869 3922 ³⁷
1900 3895 2123 3935 sobolum.
2149 3898 2187 3932 5.

149 3969 261 4016 Εη.
285 3986 543 4015 onscvnon.
567 3985 726 4014 vitot.
1764 3973 1824 4021 μς
