2456 4264
79 323 137 361 fi„
157 327 331 360 mnu
352 325 640 357 nmen-son.
729 324 786 358 26.
810 328 1009 360 mmmm
1031 329 1393 361 scmrsuvnn.
1481 325 1539 373 28.
1562 332 1808 364 WILHELMI
1831 334 2025 365 S'roncu.
2115 310 2239 372 227

79 441 344 513 tir-alitor
376 471 525 522 quam
562 472 736 516 ovum,
775 458 937 510 donec
974 465 1050 509 est
1085 465 1244 510 natus.
1319 460 1382 510 Et
1418 460 1539 511 dixit
1575 460 1694 511 mihi
1733 462 1864 527 quod
1904 469 1979 514 est
2014 466 2143 515 sicut
2181 466 2241 516 de

80 543 245 600 (huie
276 541 331 591 in
365 541 545 607 quibus
566 542 844 609 aliquando
881 549 999 594 sunt
1036 559 1244 602 vermeS,
1285 551 1334 594 et
1370 546 1419 594 in
1459 547 1660 604 cerasis,
1700 551 1749 596 et
1786 547 1835 596 in
1872 548 1994 612 pisis
2033 556 2081 599 et
2117 550 2243 600 fabis

78 625 375 685 mentibus,
412 626 502 676 sed
538 632 706 677 tamen
743 627 1074 678 comeduntur
1110 629 1160 678 iu
1198 629 1349 679 sextis
1386 630 1536 688 feriiS,
1577 636 1626 679 et
1663 632 1811 681 etiam
1837 633 1886 682 in
1912 632 2087 698 vigiliis
2112 634 2241 699 Apo-

77 709 332 768 stolorum.
398 711 639 776 Hospites
675 718 839 763 autem
875 714 944 763 ita
981 720 1097 763 sunt
1133 712 1355 779 pultroni
1393 715 1524 779 quod
1575 714 1744 764 dicunt
1791 716 1922 781 quod
1970 724 2085 767 sunt
2133 734 2240 769 car-

40 808 195 855 om,
231 801 288 846 ut
322 794 537 846 habeant
573 795 686 862 plus
723 799 1001 863 pecuniam.
1075 798 1216 849 Tunc
1255 812 1346 862 ego
1384 797 1512 848 abivi
1550 805 1599 849 et
1635 800 1841 864 cogitavi
1879 801 2107 866 desuper.
2183 804 2243 853 Et

76 894 170 948 per
201 879 368 938 deum,
406 880 641 946 Magister
667 881 885 941 Ortvine,
925 897 1017 948 ego
1054 897 1165 933 sum
1202 882 1413 933 multum
1448 882 1676 933 turbatus
1714 890 1762 933 et
1799 886 1964 934 nescio
1992 888 2240 950 quomodo

76 963 237 1021 dobeo
270 980 352 1015 me
387 980 583 1031 regere.
657 966 710 1016 Si
746 966 920 1018 vellem
956 966 1169 1018 libenter
1198 966 1468 1018 *consilium
1506 982 1721 1032 querere
1760 967 1821 1017 ab
1847 983 1947 1018 uno
1976 971 2241 1029 curtisan0,

76 1055 195 1102 tunc
229 1050 334 1100 scio
372 1050 506 1116 quod
543 1065 644 1100 non
682 1051 867 1102 habent
913 1051 1071 1102 bonas
1118 1052 1473 1102 conscientias.
1550 1052 1756 1102 Videtur
1802 1052 1922 1102 mihi
1971 1055 2101 1118 quod
2151 1057 2242 1120 iste

12 1127 36 1188 ef
75 1133 276 1185 &avenes
312 1133 493 1200 galline
532 1136 580 1184 in
621 1137 725 1185 ovis
760 1143 877 1186 sunt
913 1150 1114 1186 carnes:
1155 1136 1271 1200 quia
1310 1135 1515 1185 materia
1554 1142 1630 1186 est
1666 1137 1761 1186 iam
1800 1138 2008 1187 formata
2048 1145 2097 1188 et
2123 1140 2245 1204 figu-

12 1223 186 1275 «θῆαι
222 1219 274 1269 in
313 1219 538 1273 membra
575 1225 625 1269 et
662 1235 846 1286 corpus
883 1219 1133 1278 animaliS,
1185 1225 1233 1270 et
1268 1219 1419 1270 habet
1455 1220 1668 1269 animam
1706 1219 1916 1271 vitalem.
1992 1221 2132 1272 Aliud
2173 1230 2245 1272 est

13 1267 42 1389 ξ
77 1303 140 1357 de
175 1302 427 1354 vermibus
462 1304 513 1353 iu
551 1305 707 1354 caseis
744 1310 794 1354 et
829 1303 961 1353 aliis:
1001 1305 1113 1369 quia
1149 1318 1343 1355 vermes
1379 1310 1674 1370 reputantur
1710 1320 1828 1370 pro
1840 1305 2083 1370 piscibuS,
2122 1308 2248 1357 sicut

15 1398 31 1460 ζ·
76 1401 169 1453 ego
204 1387 366 1438 audivi
401 1386 465 1438 ab
502 1401 605 1437 uno
643 1387 837 1438 medico
876 1389 961 1455 qui
1009 1395 1084 1439 est
1129 1387 1270 1447 valde
1317 1389 1479 1440 honus
1515 1389 1755 1440 PhisicuS.
1830 1391 1962 1455 Ergo
1999 1406 2122 1456 rogo
2162 1407 2247 1441 vos

23 1460 46 1509 Γ
76 1471 283 1524 multum
321 1471 604 1523 cordialiter
650 1478 893 1539 quatenus
941 1472 1098 1523 velitis
1147 1473 1267 1523 mihi
1312 1473 1620 1540 respondere
1669 1475 1728 1525 ad
1777 1477 2081 1541 propositam
2129 1492 2246 1543 que-

75 1558 302 1609 stionem.
374 1557 499 1617 Quia
536 1558 578 1607 si
614 1560 795 1609 tenetis
831 1558 964 1622 quod
1004 1564 1079 1609 est
1115 1565 1373 1623 peccatum
1424 1558 1659 1609 mortale:
1708 1565 1827 1610 tunc
1876 1559 1987 1609 volo
2035 1560 2118 1610 hic
2165 1576 2245 1610 ac-

20 1643 278 1710 §quin-ere
313 1656 464 1692 unam
502 1640 893 1700 ahsolutionem,
932 1648 1194 1708 antequam
1236 1644 1358 1693 vado
1396 1644 1457 1694 ad
1494 1643 1784 1694 Almaniam.
1860 1645 2018 1696 Etiam
2057 1644 2246 1696 debetis

76 1726 205 1778 noire
240 1726 373 1791 quod
409 1725 644 1792 Magister
681 1726 861 1778 Noster
899 1727 1110 1778 lacobus
1147 1728 1208 1778 de
1246 1728 1575 1780 Hochstraten
1614 1729 1871 1794 acquisivit
1916 1728 2050 1780 mille
2098 1730 2245 1780 flore-

82 1825 176 1863 nos
209 1827 272 1863 ex
307 1810 492 1863 banco:
530 1818 581 1863 et
617 1813 771 1864 credo
811 1813 942 1878 quod
979 1812 1192 1863 lucrabit
1230 1828 1444 1873 causam,
1485 1820 1534 1863 et
1570 1813 1793 1865 diabolus
1830 1814 2087 1865 confundit
2112 1814 2244 1865 illum

80 1894 308 1963 lonnuem
344 1894 587 1948 Reuchlin
626 1903 675 1947 et
711 1897 833 1948 alios
869 1905 1040 1964 poetas
1079 1904 1127 1948 et
1163 1899 1387 1957 iuristas‚
1438 1900 1552 1963 quia
1590 1897 1761 1949 volunt
1798 1914 1905 1950 esse
1944 1907 2114 1949 contra
2154 1899 2246 1948 Ec-

79 1979 277 2032 eloeiam
311 1981 419 2040 dei,
468 1981 521 2032 id
559 1988 634 2033 est
671 1989 841 2032 contra
880 1982 1186 2048 Theologos,
1235 1985 1286 2032 in
1326 1983 1506 2048 quibus
1545 1988 1619 2033 est
1666 1983 1866 2034 fundata
1915 1983 2146 2041 ecclesia,
2194 1990 2246 2033 ut

25 2063 303 2118 »maistas
351 2066 471 2117 dixit
518 2066 611 2117 ‘Tu
659 2084 712 2117 es
758 2068 938 2118 Petrus
986 2073 1035 2118 et
1083 2083 1235 2132 super
1285 2068 1414 2117 hanc
1462 2075 1654 2133 petram
1700 2068 1939 2133 edificabo
1985 2068 2245 2119 ecclesiam

81 2150 271 2202 mm’.
325 2150 388 2202 Et
422 2153 495 2202 sic
532 2152 827 2202 commendo
864 2168 951 2202 vos
989 2153 1190 2202 domino
1229 2151 1338 2203 deo.
1397 2151 1579 2203 Valete.
1633 2153 1808 2203 Datum
1836 2154 1885 2203 in
1913 2152 2045 2204 Urbe
2073 2153 2243 2203 Roma.

1121 2389 1208 2451 27.

554 2505 938 2588 Magister
980 2504 1441 2571 Wilhelmus
1491 2504 1781 2567 Storeh

691 2619 1026 2689 Magistro
1065 2618 1357 2673 Ortvino
1397 2618 1642 2672 Gratio

32 2730 77 2768 ιι
101 2787 137 2793 .,
814 2719 1034 2771 Salutem
1071 2719 1337 2786 plurimam
1376 2718 1509 2770 dicit.

207 2829 352 2903 Quid
390 2837 467 2884 est
502 2833 636 2898 quod
675 2833 883 2884 multum
921 2833 1136 2885 scribitis
1174 2833 1294 2883 mihi
1341 2833 1402 2883 de
1448 2831 1586 2882 vobis
1637 2838 1684 2882 et
1730 2838 1891 2882 tamen
1941 2847 2038 2881 uon
2079 2845 2249 2896 repre-

84 2917 286 2968 tmtttis
320 2916 442 2968 mibi
478 2917 632 2968 semel
670 2917 806 2969 illum
843 2918 1028 2969 librum
1066 2935 1212 2985 quem
1252 2918 1518 2983 scripsistis
1557 2922 1728 2967 contra
1756 2916 2026 2967 Iohannem
2055 2915 2249 2965 Reuch-

84 2997 170 3053 lin.
238 3001 302 3053 Et
335 3000 553 3052 scribitis
588 3002 710 3053 mihi
747 3003 880 3068 quod
918 3003 1157 3055 habuistis
1194 3003 1383 3053 bonum
1422 3003 1675 3067 ingenium
1725 3001 1922 3065 quaudo
1972 3001 2250 3065 composui-

85 3085 172 3136 ssis
204 3083 343 3138 illum
378 3084 587 3146 librum,
638 3092 687 3139 et
735 3087 935 3139 creditis
983 3089 1116 3155 quod
1154 3087 1263 3139 talis
1309 3087 1436 3138 liber
1485 3088 1578 3137 erit
1627 3084 1833 3136 multum
1882 3084 2136 3141 notabilis,
2187 3085 2248 3133 ita

34 3169 220 3237 Qvod
254 3185 384 3223 unus
419 3171 694 3237 impressor
732 3171 886 3223 voluit
923 3173 1060 3225 vobis
1098 3174 1217 3224 dare
1255 3173 1424 3239 viginti
1449 3171 1667 3222 florenos
1692 3170 1822 3234 quod
1851 3170 2110 3220 mitteretis
2138 3184 2249 3218 eum

67 3251 386 3323 inprimere.
459 3256 522 3307 Et
557 3256 774 3308 scribitis
810 3258 930 3309 mihi
968 3258 1101 3324 quod
1140 3257 1283 3309 vultis
1321 3256 1439 3307 mihi
1466 3256 1659 3306 mittere
1685 3256 1894 3319 copiam,
1934 3254 2065 3319 quod
2094 3252 2251 3303 deluo

79 3338 346 3392 uendere
380 3340 462 3394 hic
499 3341 771 3394 Curtisanis
808 3349 858 3394 et
895 3343 1122 3409 copistiS,
1171 3348 1222 3394 et
1257 3356 1438 3393 vexare
1477 3355 1589 3397 eos,
1638 3340 1751 3405 quia
1790 3355 1891 3390 non
1930 3337 2100 3389 volunt
2140 3352 2250 3387 cre-

69 3418 207 3476 he
244 3423 378 3491 quod
414 3426 464 3476 in
502 3425 726 3479 Almania
763 3433 880 3478 sunt
917 3428 1062 3478 etiam
1099 3427 1165 3478 ita
1202 3426 1330 3478 bene
1367 3431 1511 3492 poete
1551 3425 1676 3475 sicut
1713 3425 1761 3475 in
1799 3423 1952 3475 ltalia
2029 3424 2086 3475 Et
2125 3428 2252 3472 essct

71 3614 76 3624 “
143 3631 151 3638 ·
198 3605 214 3635 ¹
244 3621 297 3654 02
326 3613 370 3653 5.
457 3608 475 3635 ⁵
507 3611 616 3652 ,tue
648 3614 690 3651 5.
778 3609 796 3636 ⁰
825 3610 887 3651 M.
911 3613 951 3652 4.
966 3614 1006 3654 5.
1116 3623 1203 3663 quo
1234 3614 1275 3651 5.
1383 3608 1622 3662 ⁷querere
1654 3612 1695 3652 5.
1803 3609 1819 3633 ‘⁸
1850 3606 2156 3649 conscientias
2188 3604 2250 3645 vi-

75 3671 222 3720 fitur
246 3679 390 3722 michi
420 3684 461 3721 5.
572 3695 596 3722 e
629 3684 670 3725 4.
702 3694 728 3735 q
760 3684 801 3722 5.
910 3680 947 3707 ¹⁰
978 3710 989 3722 .
1013 3680 1138 3721 alind
1169 3685 1210 3722 5.
1321 3677 1354 3706 ¹³
1386 3679 1523 3720 michi
1552 3682 1594 3723 5.
1703 3676 1738 3704 ¹⁰
1769 3679 1830 3721 M.
1852 3678 1911 3719 N.
1933 3679 2027 3717 4.5.
2118 3675 2150 3700 ¹⁸
2184 3675 2246 3714 Io.

70 3739 209 3789 ·.B.⁴
234 3747 303 3791 Io.
323 3749 466 3794 Reuc.
489 3754 531 3794 5.
620 3748 655 3776 ¹⁹
686 3781 697 3792 .
722 3750 847 3792 ldest
877 3753 919 3791 4.
954 3782 963 3791 .
987 3749 1040 3791 Id
1072 3750 1142 3792 est
1172 3754 1212 3791 5.
1301 3748 1339 3776 ²⁰
1370 3749 1499 3791 crist‘)
1531 3751 1572 3790 4.
1661 3748 1695 3775 ²¹
1728 3749 1979 3790 Rhomnnn.
2004 3750 2042 3787 5.

199 3815 239 3846 ¹³
265 3819 327 3864 M.
352 3822 393 3862 4.
425 3821 519 3862 Ma.
543 3823 584 3861 5.
683 3818 719 3846 ²⁸
749 3821 811 3862 M.
835 3823 929 3865 4.5.
1036 3819 1072 3846 ²⁵
1103 3820 1229 3862 Salu.
1253 3820 1302 3862 P.
1327 3820 1383 3860 D.
1407 3822 1447 3861 4.
1482 3850 1493 3862 .
1517 3819 1657 3862 Γαῐιιιζ·
1688 3821 1739 3863 Ρ.
1762 3820 1819 3860 I).
1841 3822 1882 3859 5.
1970 3815 2006 3841 ²⁰
2039 3813 2172 3854 michi
2206 3817 2247 3852 5.

91 3889 142 3929 U
161 3890 244 3930 lm
269 3890 436 3935 iterum.
551 3889 590 3917 ²⁷
618 3891 710 3933 105.
733 3896 773 3933 5.
891 3891 928 3918 ²⁸
960 3892 1024 3932 πιῖ
1054 3896 1095 3932 5.
1210 3890 1247 3917 ²⁹
1280 3905 1290 3931 τ
1316 3895 1362 3932 ct
1393 3893 1435 3934 4.
1551 3890 1626 3931 Ita
1658 3892 1697 3930 4.
1732 3920 1742 3931 .
1767 3889 1837 3928 Ita
1868 3891 1907 3928 5.
2025 3884 2062 3909 ³⁰
2092 3896 2180 3925 .xx.
2206 3886 2244 3919 5-

92 3948 131 3982 ⁸⁸
158 3955 223 3999 ιιιῑ
249 3962 290 4002 5.
378 3961 442 4001 mi'
471 3965 514 4002 5.
602 3959 642 3986 ³²
671 3966 814 4003 vexat
843 3966 883 4003 5.
977 3994 988 4005 .
1014 3963 1136 4012 Quia
1168 3964 1261 4003 4.5.
1351 3959 1388 3986 ³³
1420 3975 1443 4001 e
1478 3962 1518 4005 4.
1551 3974 1576 4013 «ρ
1609 3964 1649 3999 5.

1764 4027 1869 4080 15
