2456 4264
459 933 1134 1005 CONTINENTVR
1179 936 1378 1003 HOC
1437 935 1930 1003 VOLVMINE

274 1065 599 1117 EplsTOLAE
638 1063 1055 1148 ossscvRonM
1096 1062 1392 1114 vinoRVM.
1460 1062 1780 1128 [voLvMEN
1819 1064 2107 1134 PilevMJ.

2184 1177 2233 1211 Pa
2265 1204 2273 1212 .

111 1244 155 1292 1.
196 1239 412 1306 Thomas
449 1219 938 1302 Langschneyderius
977 1234 1179 1284 Ortvino
1219 1235 1401 1284 Gratio.
1548 1236 1798 1302 Lyptzick.
1876 1275 1887 1285 .
1966 1274 1975 1284 .
2053 1277 2063 1286 .
2175 1188 2275 1286 3ηὲ

247 1313 489 1359 Prandium
526 1310 803 1357 Aristotelis.
879 1310 1200 1370 Magistrorum
1238 1310 1488 1371 disputatio
1529 1310 1583 1356 de
1631 1310 1779 1357 verbis
1830 1313 2064 1372 ‘magister

247 1382 538 1431 nostrandus’
575 1389 621 1428 et
658 1389 830 1429 ‘noster
866 1377 1232 1442 magistrandus’.

108 1482 154 1531 2.
196 1482 404 1531 loannes
440 1477 642 1530 Pellifex
682 1478 884 1529 Ortvino
924 1479 1106 1529 Gratio.
1253 1478 1502 1545 Lyptzick.
1606 1519 1970 1528 .....
2011 1482 2015 1486 ’
2050 1519 2059 1528 .
2171 1488 2272 1528 5...7

245 1556 481 1603 Peccatum
518 1554 693 1601 ludaeos
731 1554 1136 1600 Francofurtenses
1173 1568 1258 1614 pro
1298 1554 1530 1614 magistris
1568 1554 1742 1600 nostris
1782 1554 2021 1601 salutandi.

107 1653 155 1703 3.
194 1651 514 1702 Bernhardus
551 1650 852 1714 Plumilegus
891 1649 1092 1700 Ortvino
1132 1650 1314 1700 Gratio.
1463 1649 1859 1716 (Wittenpurck.)
1960 1690 1970 1700 .
2049 1692 2059 1702 .
2186 1661 2227 1702 7.
2250 1657 2276 1698 8

245 1728 304 1773 De
342 1727 439 1774 rixa
476 1741 578 1772 cuin
617 1725 813 1786 Georgio
852 1725 1012 1772 Sibuto
1051 1725 1426 1787 propinationum
1463 1725 1591 1786 leges
1629 1733 1959 1772 contemnente.

105 1825 153 1873 4.
192 1825 401 1874 loannes
438 1822 789 1873 Cantrifusoris
828 1821 1030 1871 Ortvino
1070 1823 1254 1884 Gratio.
1399 1820 1725 1886 Wittenberg.
1786 1863 1794 1871 .
1873 1862 1884 1872 .
1965 1863 1974 1871 .
2054 1863 2063 1872 .
2188 1830 2228 1873 8.
2252 1829 2279 1870 9

245 1899 304 1944 De
342 1898 538 1958 Georgio
577 1897 872 1959 praedicatore
910 1897 1198 1944 sermonibus
1237 1898 1332 1943 suis
1360 1899 1491 1943 etiam
1539 1899 1784 1958 magistros
1822 1899 2064 1958 reprehen-

245 1970 380 2016 dente
406 1969 599 2016 vindicta
627 1970 839 2020 sumitur,
878 1983 981 2015 cum
1008 1982 1058 2014 ex
1087 1969 1311 2015 adulterio
1350 1969 1557 2015 faciendo
1596 1969 1746 2015 nudus
1773 1970 1826 2015 ab
1866 1970 1955 2015 illis
1997 1971 2065 2015 fu-

246 2047 379 2102 gatus
427 2039 759 2088 contumeliose
805 2046 1053 2091 tractatur,
1104 2041 1150 2086 hi
1188 2047 1338 2087 autem
1377 2040 1613 2087 mulierem
1653 2040 1839 2101 Georgii
1878 2043 2064 2087 amicam

247 2127 401 2159 omnes
438 2113 651 2174 deinceps
690 2118 917 2172 stuprant.

105 2212 152 2259 5.
194 2209 402 2259 loannes
439 2204 850 2259 Straussi'ederius
887 2209 1088 2259 Ortvino
1128 2209 1312 2258 Gratio.
1458 2209 1736 2271 Moguntiae.
1788 2248 1798 2258 .
1877 2248 1887 2257 .
1966 2247 1976 2258 .
2057 2249 2066 2258 .
2161 2215 2280 2259 9.10

244 2283 417 2331 Nobilis
444 2284 626 2345 quidam
653 2283 893 2330 Reuchlini
921 2283 1058 2330 etiam
1085 2283 1131 2329 in
1160 2283 1432 2345 theologicis
1472 2283 1641 2329 litteris
1681 2284 1932 2330 doctrinam
1972 2299 2065 2329 me-

243 2356 423 2417 ritaque
447 2354 656 2402 laudibus
682 2355 927 2406 evehendo,
955 2354 1078 2401 illius
1105 2361 1256 2402 autem
1283 2355 1564 2402 adversarios
1585 2356 1837 2416 despicatui
1859 2355 2064 2401 habendo

241 2427 365 2474 Petri
391 2427 558 2489 Meyeri
599 2428 713 2472 iram
757 2427 1064 2487 invidiamque
1109 2427 1316 2473 suscitat.
1381 2418 1595 2472 Urtvinus
1640 2426 1792 2487 itaque
1835 2427 1891 2472 ad
1937 2428 2063 2473 theo-

242 2497 412 2560 logiam
449 2498 724 2545 carminibus
763 2499 897 2544 etiam
934 2498 1259 2545 defendendam
1299 2498 1598 2550 sollicitatur,
1648 2499 1834 2545 adiectis
1884 2500 1972 2559 piis
2011 2499 2065 2544 de

242 2570 551 2617 comburendo
579 2568 815 2616 Reuchlini
852 2569 971 2616 libro
1008 2571 1144 2616 votis.
1217 2570 1276 2614 Dc
1314 2577 1460 2616 morte
1498 2571 1702 2630 magistri
1730 2570 1892 2631 Sotpbi
1930 2577 1975 2616 et
2011 2570 2065 2615 de

242 2643 465 2702 magistro
502 2642 733 2702 Remigio,
782 2641 1013 2703 quomodo
1063 2642 1262 2703 scriptor
1311 2641 1440 2693 olim,
1489 2656 1592 2688 cum
1639 2641 1775 2688 huius
1813 2640 2064 2703 discipulus

243 2719 387 2766 esset,
427 2712 482 2759 ab
521 2727 576 2760 eo
614 2728 639 2759 a
677 2713 887 2760 studendi
925 2713 1113 2774 pigritia
1152 2713 1412 2760 abinonitus
1451 2720 1535 2759 est.

102 2810 150 2861 6.
190 2808 418 2861 Nicolaus
455 2808 816 2876 Caprimulgius
855 2809 1058 2860 Ortvino
1099 2810 1280 2861 Grati0.
1429 2809 1676 2875 Lyptzick.
1780 2850 1790 2860 .
1869 2850 1878 2859 .
1959 2849 1968 2858 .
2048 2850 2057 2858 .
2136 2816 2275 2858 10.11

239 2885 472 2944 Quaeritur
499 2891 652 2931 utrum
679 2884 846 2932 Graecis
870 2884 1021 2932 verbis
1049 2885 1196 2937 melli,
1236 2886 1264 2931 i.
1293 2898 1330 2930 e.
1358 2891 1572 2931 accentus
1600 2884 1983 2946 superscribendi,
2011 2900 2066 2931 an

245 2971 347 3007 oum
374 2955 558 3003 Ortvino
598 2956 835 3003 omittendi
874 2958 978 3002 sint.
1029 2958 1067 3003 is
1106 2957 1159 3004 ad
1199 2958 1271 3018 pia
1309 2957 1506 3004 carmina
1547 2956 1783 3003 scribenda
1821 2957 2060 3003 excitatur.

103 3055 150 3102 7.
188 3046 364 3104 Petrus
401 3052 749 3103 Hafenmusius
788 3053 990 3105 Ortvino
1030 3054 1213 3105 Gratio.
1365 3071 1423 3104 ex
1463 3052 1806 3116 Nurenberga.
1869 3093 1878 3103 .
1958 3093 1967 3102 .
2048 3092 2057 3101 .
2137 3059 2202 3101 11.
2228 3059 2278 3099 1-2

243 3129 341 3181 ,,Αη
390 3134 461 3174 est
507 3130 812 3175 necessarium
862 3128 916 3175 ad
965 3135 1181 3175 aeternam
1222 3129 1410 3176 salutem
1453 3129 1573 3190 quod
1613 3127 1845 3174 scholares
1885 3128 2066 3174 discunt

243 3199 581 3261 grammaticam
631 3215 684 3247 ex
732 3202 882 3262 poetis
932 3198 1275 3247 saecularibus”.
1353 3200 1514 3262 Opinio
1565 3201 1807 3261 scriptoris
1854 3199 1909 3245 de
1947 3215 2062 3246 novo

246 3271 380 3318 modo
419 3271 629 3317 studendi
668 3278 713 3318 et
751 3271 995 3319 consilium
1022 3272 1244 3318 Valentini
1283 3272 1337 3318 dc
1364 3271 1688 3323 Geltersheim‚
1731 3272 1852 3332 quod
1892 3271 1967 3317 illc
1995 3285 2066 3317 sc-

242 3349 377 3390 cutus
404 3344 447 3389 in
475 3342 718 3389 ludibrium
746 3344 1102 3390 hunianistarum
1129 3345 1263 3391 venit.
1327 3344 1501 3406 Ingenii
1528 3343 1777 3390 Ortviniani
1814 3343 2066 3390 admiratio.

240 3414 363 3460 Nova
401 3414 456 3460 dc
497 3413 794 3476 indulgentiis
833 3415 978 3461 ordini
1019 3416 1372 3477 praedicatorum
1410 3416 1657 3462 concessis.

102 3509 149 3560 8.
189 3510 480 3561 Franciscus
518 3509 810 3562 Genselinus
848 3511 1050 3561 Ortvino
1089 3512 1272 3563 Gratio.
1421 3528 1480 3562 ex
1518 3511 1788 3577 Friburga·
1876 3552 1885 3561 .
1966 3552 1975 3561 .
2056 3551 2065 3561 .
2132 3518 2277 3560 12.13

240 3585 367 3632 Alios
393 3601 477 3647 pro
504 3586 922 3633 Antireuchlinistis
949 3593 1149 3639 certare,
1191 3586 1305 3633 alios
1332 3586 1655 3634 Reuchlinistis
1683 3587 1857 3639 favere,
1898 3586 1952 3633 ab
1992 3587 2067 3632 illa

157 3663 164 3671 ‘
241 3663 371 3718 parte
412 3656 652 3717 theologos
690 3659 943 3719 praecipue,
992 3658 1047 3704 ab
1086 3659 1169 3705 hac
1205 3659 1386 3704 iuristas
1426 3666 1546 3705 stare
1584 3667 1820 3710 narratur,
1870 3658 2066 3719 illosque

243 3742 416 3774 summo
466 3729 628 3789 gaudio
668 3729 922 3775 Parisiensc
971 3737 1129 3777 contra
1180 3730 1477 3777 Reuchlinum
1528 3731 1741 3777 iudicium
1793 3731 2064 3790 suscepisse,

243 3813 439 3860 quocum
490 3802 595 3861 quia
631 3800 1036 3860 lleidelbcrgcnses
1083 3816 1353 3848 consensum
1404 3816 1534 3848 sunm
1584 3817 1675 3848 non
1726 3808 2065 3863 expresserunt,

244 3870 538 3918 Colonienses
576 3871 800 3919 insensum
841 3874 883 3918 in
923 3888 1002 3919 eos
1042 3873 1238 3919 animum
1277 3873 1378 3934 lege
1418 3874 1667 3920 academica
1706 3874 1794 3921 lata
1844 3872 1936 3917 sere
1983 3872 2065 3917 du-

243 3943 338 3988 rius
376 3942 690 3990 manifestasse
728 3946 926 4005 scriptor
965 3944 1133 3997 innuit,
1184 3944 1410 4005 simulque
1458 3959 1636 3991 carmen
1689 3947 1731 3990 in
1771 3944 1945 3990 laudem
1983 3944 2062 3988 Pa-
