2456 4264
198 301 555 332 Pnrnnlconnvs
577 302 944 333 REvcHLINIANAE
966 303 1282 334 DEFENSIONIS
1303 302 1592 334 ARGVMENTA
1614 305 1859 336 REPVTARE
1884 308 2078 337 STVDET.
2127 283 2242 342 145

81 436 227 485 talem
265 437 553 495 tantumque
585 435 745 483 virum
779 447 844 484 ac
878 447 1044 483 senem
1083 447 1150 483 ex
1174 436 1392 497 propria
1428 437 1511 495 (ni
1539 435 1733 499 fallar)
1770 439 1972 486 malicia
2009 444 2057 487 et
2081 453 2247 501 prava

79 531 182 570 suav
199 519 447 568 voluntate
483 518 567 578 (id
598 520 734 580 quod
771 520 1062 585 doctissimis
1095 534 1212 582 sepe
1248 522 1370 569 viris
1404 523 1631 583 contiqit)
1679 536 1799 571 suas
1835 523 2082 583 hereticas
2114 538 2249 586 pra-

80 606 252 654 vitates
280 603 657 665 conscripsisse,
705 618 855 666 quam
893 619 962 654 ex
1006 606 1295 665 iqnorantia
1343 611 1433 654 aut
1472 608 1658 655 calami
1702 610 1866 670 lapsu.
1943 607 2047 658 Sed
2091 623 2250 670 quare

79 683 313 743 obsecro?
361 693 417 736 ut
462 688 652 748 infami
692 689 915 749 sortasse
963 691 1132 750 qloria
1185 696 1235 739 et
1275 692 1433 739 nimia
1471 693 1756 740 curiositate
1795 695 2012 755 seipsum
2056 695 2249 743 redde-

0 788 55 844 ᾗ)
78 778 160 825 ret
195 778 246 823 et
289 773 531 834 insiqnem
575 779 625 823 et
663 773 944 834 famosum,
999 777 1148 824 sicuti
1191 776 1441 836 quendam
1481 790 1593 824 cum
1634 778 1804 826 adhuc
1848 778 2038 838 Iudeus
2080 793 2250 836 essem,

0 847 10 868 ⁵
75 858 259 922 misse
308 860 509 920 accepi,
557 861 648 920 qui
695 863 750 908 ut
795 861 1069 920 qloriosum
1120 875 1174 909 se
1218 860 1443 920 faceret,
1498 861 1663 920 Diane
1717 865 1951 923 templum
2004 864 2250 912 accendit.

8 933 13 939 ’
81 943 127 996 1
164 943 296 1003 Quid
336 939 529 992 multa?
578 943 736 993 Nimis
780 946 1006 994 curiosus
1046 944 1155 1005 fuit
1193 946 1456 994 scribendo
1488 945 1706 994 Ioannes
1735 945 2005 1006 Reuclilin,
2050 954 2098 996 et
2133 950 2255 1009 plus

80 1029 258 1086 ceteris
284 1029 687 1078 universitatibus
718 1030 908 1078 occulte
943 1030 1088 1091 apud
1125 1030 1388 1089 Cesaream
1422 1030 1737 1079 Maiestatem
1766 1036 1815 1079 et
1851 1032 2255 1093 Archipresulem

5 1152 7 1154 .
82 1105 427 1175 laeaniticum
462 1114 627 1161 videri
658 1115 824 1162 voluit.
899 1115 1032 1163 Nam
1068 1115 1155 1163 ubi
1186 1115 1412 1163 doctores
1445 1117 1629 1176 reliqui
1659 1118 1746 1164 vix
1790 1116 1890 1165 duo
1921 1115 2055 1176 folia
2088 1123 2257 1165 sancte

4 1191 65 1265 {io
81 1199 413 1261 scripserunt,
449 1199 556 1260 ipse
590 1199 768 1259 viqinti
795 1198 1016 1258 fortasse
1044 1201 1096 1248 in
1133 1213 1192 1248 re
1227 1213 1325 1248 non
1363 1202 1650 1249 necessaria
1681 1202 1974 1263 insipienter
2008 1203 2183 1251 emisit.

947 1327 1106 1376 Nota
1142 1326 1392 1386 Quarto.

12 1503 14 1505 Ι
195 1487 198 1489 Α
225 1438 270 1488 1
302 1438 390 1488 Ex
418 1438 578 1488 verbis
612 1441 828 1501 apostoli
850 1440 1240 1502 precedentibus
1285 1454 1412 1490 nova
1457 1443 1748 1491 criticorum
1794 1442 2016 1492 oboritur
2055 1445 2254 1504 questi0‚

12 1515 22 1582 ἦ
84 1510 180 1590 que
215 1530 266 1575 et
300 1525 477 1574 mullos
510 1524 644 1586 proli
683 1525 827 1573 dolor
861 1525 1233 1576 Reuchlinistas
1279 1528 1515 1575 atrociter
1564 1527 1680 1587 (sed
1725 1534 1780 1576 ut
1820 1541 1965 1589 spero
2009 1529 2258 1588 iqnoran-

12 1605 23 1658 f··
55 1667 58 1669 ,
82 1613 185 1674 ter)
219 1610 496 1674 moenordit.
570 1610 754 1660 Dicunt
781 1612 912 1660 enim
946 1625 1058 1659 cum
1094 1625 1183 1661 suo
1203 1618 1452 1675 patrono:
1489 1611 1740 1670 Quomodo
1774 1613 1857 1662 liic
1896 1613 2260 1674 Pepericornus

12 1660 266 1771 {assuerus
297 1697 492 1745 litteras
541 1700 590 1744 et
632 1697 749 1744 iura
786 1710 850 1745 ac
884 1698 1152 1746 latinorum
1199 1699 1467 1747 sententias
1517 1700 1748 1759 alleqare
1796 1700 1951 1756 nouit,
1989 1711 2112 1747 cum
2151 1698 2260 1747 Ro-

16 1799 19 1822 :
85 1794 232 1842 mane
265 1781 437 1842 linque
470 1794 570 1830 non
606 1783 671 1830 sit
693 1778 926 1843 peritus?
962 1781 1258 1844 Respondeo
1285 1783 1420 1832 lianc
1454 1782 1768 1832 obiectionem
1805 1797 1911 1832 esse
1936 1782 2155 1843 futilem,
2191 1785 2261 1831 li-

86 1872 164 1916 cet
190 1879 399 1928 maqnos
430 1867 578 1916 etiam
615 1868 747 1915 viros
771 1868 823 1914 in
856 1866 991 1916 hunc
1020 1882 1176 1930 usque
1205 1868 1336 1917 diem
1366 1870 1498 1917 male
1525 1869 1837 1930 perverterit.
1912 1868 2021 1929 qu
2045 1869 2132 1929 qui
2154 1882 2257 1917 me-

18 1938 26 1990 f
86 1964 201 2002 cum
229 1949 351 2012 sero
383 1957 432 2001 et
460 1952 714 2001 calamum
748 1956 798 1999 et
825 1953 1132 2013 puqillarem
1148 1991 1159 2013 ‚
1207 1968 1270 2003 ea
1289 1966 1498 2015 possum
1532 1954 1779 2002 adnotare
1823 1967 1917 2015 que
1949 1955 2025 2002 vel
2060 1955 2111 2001 in
2147 1967 2263 2002 ser—

19 2023 33 2106 }
60 2090 62 2098 ‚
86 2036 313 2086 monibus
337 2036 556 2099 publicis
592 2038 669 2085 vel
703 2038 755 2085 in
786 2038 1140 2087 conventiculis
1183 2039 1338 2088 audio
1382 2039 1707 2094 eruditorum.
1784 2037 1909 2097 Quot
1947 2052 2038 2099 eqo
2086 2038 2262 2086 docto-

20 2109 210 2255 ?nrum
243 2126 294 2171 et
324 2123 669 2184 reli9iosorum
700 2122 1071 2184 predicationes
1105 2124 1239 2172 intra
1277 2124 1539 2172 duodecim
1578 2137 1737 2172 annos
1774 2119 1983 2172 audivi?
2019 2130 2137 2184 quot
2159 2123 2263 2171 ad-

24 2262 29 2276 (
93 2203 423 2257 monitiones?
455 2212 574 2269 quot
599 2212 885 2256 sanctorum
908 2213 1116 2270 patrum
1147 2205 1504 2258 auctoritates?
1540 2222 1667 2270 quas
1691 2222 1782 2270 eqo
1809 2210 1883 2257 vel
1900 2222 1999 2270 per
2024 2210 2264 2270 meipsum

90 2293 307 2343 retinere
335 2297 427 2341 aut
460 2306 530 2342 ex
563 2293 748 2342 eisdem
785 2294 1100 2354 interroqare
1134 2300 1224 2342 aut
1259 2294 1332 2341 ad
1363 2294 1585 2342 tabulam
1615 2296 1762 2356 potui
1791 2307 2051 2356 reponere.

31 2375 35 2384 '
236 2377 281 2427 ί
318 2377 556 2439 Ρνᾳίενεα
589 2390 682 2439 eqo
715 2378 809 2427 hoc
843 2379 1187 2439 mediusfidius
1239 2379 1394 2438 (citra
1430 2380 1724 2428 iactantiam
1762 2384 1924 2428 tamen
1919 2382 1950 2441 J
1990 2379 2053 2427 de
2085 2380 2268 2441 meipso

85 2465 330 2528 profiteor
360 2463 498 2525 quod
527 2464 696 2512 omnia
731 2477 826 2525 que
866 2465 944 2513 vel
989 2465 1041 2513 in
1083 2461 1234 2513 biblia
1275 2466 1353 2513 vel
1394 2466 1446 2514 in
1492 2465 1656 2514 sacris
1695 2466 1968 2526 evanqeliis
2005 2463 2268 2526 habentur,

40 2563 194 2614 sper
226 2550 468 2613 meilisum
495 2553 546 2598 et
575 2548 760 2611 absque
803 2550 1089 2612 interpretis
1138 2550 1443 2599 adminiculo
1484 2551 1644 2599 citare
1676 2551 1884 2611 possim,
1935 2554 1983 2598 et
2022 2549 2093 2598 ad
2130 2561 2272 2596 omne

29 2622 43 2690 ξ
89 2636 400 2701 propositum
440 2635 693 2698 alteqare,
746 2636 849 2684 sive
897 2637 1008 2696 quis
1051 2640 1272 2685 nostram
1318 2637 1649 2685 alemanicum
1693 2636 1919 2696 linquam
1964 2635 2078 2683 velit
2099 2629 2122 2701 ΙΙ
2148 2633 2365 2688 εῖυερέψ

97 2721 348 2783 hebream.
420 2719 490 2769 Et
531 2725 587 2769 ut
627 2720 722 2770 hoc
756 2721 921 2782 ipsum
958 2720 1198 2770 adiiciam
1238 2719 1415 2770 Omnia
1450 2734 1541 2783 eqo
1575 2722 1836 2781 evanqetia
1866 2734 1960 2782 que
1992 2733 2088 2782 per
2126 2723 2273 2767 totum

100 2818 289 2856 annum
314 2807 368 2856 in
403 2806 615 2856 ecclesia
649 2805 736 2854 dei
767 2806 841 2854 ad
869 2807 1113 2868 populum
1142 2812 1466 2874 exponuntur
1496 2807 1727 2866 memorie
1753 2805 2098 2855 commendavi
2130 2810 2177 2853 et
2206 2804 2278 2852 ad

102 2883 316 2954 monem
346 2892 566 2942 recitare
597 2890 779 2956 didici,
821 2892 960 2954 quod
1002 2905 1102 2940 non
1147 2905 1314 2942 omnes
1354 2891 1578 2951 fortasse
1611 2891 1793 2952 facere
1832 2895 2072 2953 poterunt
2101 2890 2189 2950 qui
2224 2891 2274 2937 in

45 2967 283 3046 §litteris
313 2976 623 3039 secularibus
656 2981 706 3027 et
731 2975 927 3037 fabulis
953 2979 1071 3041 plus
1100 2991 1225 3040 equo
1261 2977 1632 3028 obbrutuerunt.
1708 2976 1750 3024 (Ι
1787 2977 2039 3025 Postremo
2074 2980 2128 3023 ut
2161 2975 2278 3024 leuic

105 3061 361 3116 obiectioni
392 3060 707 3123 satisfaciam
754 3063 929 3113 Habeo
979 3065 1139 3124 filium
1185 3063 1514 3113 Laurentium
1553 3064 1776 3117 nomine,
1834 3063 2103 3122 inqenuum
2147 3073 2277 3122 pro—

100 3145 238 3208 fecto
280 3147 641 3198 adolescentem
686 3153 735 3197 et
773 3148 1064 3199 liberalibus
1112 3149 1394 3211 disciplinis
1441 3149 1714 3210 studiisque
1749 3148 1955 3209 poeticis
1985 3147 2142 3194 anxie
2179 3147 2279 3194 im-·

47 3219 50 3222 ⁴
104 3233 476 3295 pallescentem,
513 3234 604 3295 qui
630 3235 852 3294 infinitas
893 3234 1260 3296 quodammodo
1294 3242 1342 3284 et
1387 3241 1643 3284 oratorum
1690 3238 1737 3281 et
1769 3238 2034 3295 poetarum
2077 3236 2279 3280 senten-

108 3318 204 3369 tias
238 3323 340 3368 tum
375 3332 443 3369 ex
477 3332 681 3368 suorum
718 3332 806 3368 ore
836 3325 1212 3383 preceptorum,
1263 3325 1364 3369 tum
1395 3334 1463 3368 ex
1498 3319 1662 3368 studio
1701 3318 1925 3381 private,
1971 3317 2046 3366 ad
2090 3328 2282 3366 omnem

45 3402 235 3481 *mihi
263 3404 528 3453 materiam
577 3409 625 3453 et
668 3405 742 3453 ad
784 3417 927 3454 omne
971 3407 1281 3467 propositum
1328 3406 1599 3465 recolleqit.
1679 3402 1995 3465 Quapropter
2041 3415 2154 3451 cum
2197 3414 2283 3462 eqo

10 3508 18 3515 ·
45 3494 72 3539 ἔ
110 3485 328 3558 dicerem
356 3488 589 3538 ‘Ioannes
614 3488 862 3539 Reuchlin
888 3494 962 3538 est
988 3491 1136 3539 valde
1158 3489 1346 3554 senex’,
1373 3489 1630 3551 respondit
1648 3489 1784 3547 silius
1816 3487 2135 3537 ‘Maledictus
2153 3500 2284 3548 puer

49 3581 78 3636 ξ
112 3579 305 3633 omum
340 3574 603 3623 annorum'
654 3573 721 3622 Et
756 3575 934 3623 iterum
979 3576 1217 3636 alleqavit
1253 3574 1514 3635 Iluqonem
1559 3586 1703 3635 quem
1754 3573 1945 3622 dixisse
1991 3570 2286 3631 affirmabat

56 3647 77 3734 ξ
114 3658 248 3720 quod
278 3660 408 3709 inter
443 3659 703 3709 abusiones
734 3659 882 3708 liuius
914 3661 1072 3719 seculi
1105 3662 1213 3709 sola
1251 3661 1414 3709 maior
1459 3664 1533 3709 est
1574 3660 1705 3708 senis
1742 3659 2019 3707 obstinatio.
2093 3655 2289 3705 Dicenti

59 3724 78 3809 ζ
114 3743 262 3795 etiam
311 3744 436 3796 milli
474 3744 718 3794 Ioannem
759 3744 1007 3795 Reuclzlin
1056 3748 1272 3809 seipsum
1328 3745 1546 3795 laudare
1600 3746 1817 3804 solitum,
1873 3742 2129 3805 respondit
2181 3740 2286 3787 ‘lece

0 3847 3 3863 *
58 3815 96 3895 ‘e-

229 3939 268 3970 ¹⁰
297 3943 414 3997 quod
436 3943 557 3987 adm.
581 3946 621 3984 1.

191 4075 195 4078 ‚
218 4013 330 4055 Etr.
355 4028 615 4060 onscvssoa.
638 4027 801 4057 vmon.
1848 4015 1912 4063 10
