<?xml version="1.0" encoding="UTF-8"?>
<!DOCTYPE html PUBLIC "-//W3C//DTD XHTML 1.0 Transitional//EN"
    "http://www.w3.org/TR/xhtml1/DTD/xhtml1-transitional.dtd">
<html xmlns="http://www.w3.org/1999/xhtml" xml:lang="en" lang="en">
 <head>
  <title>
</title>
<meta http-equiv="Content-Type" content="text/html;charset=utf-8" />
  <meta name='ocr-system' content='tesseract 3.04.00' />
  <meta name='ocr-capabilities' content='ocr_page ocr_carea ocr_par ocr_line ocrx_word'/>
</head>
<body>
  <div class='ocr_page' id='page_1' title='image "./supoperaquaerepe01huttuoft_0191.png"; bbox 0 0 2456 4264; ppageno 0'>
   <div class='ocr_carea' id='block_1_1' title="bbox 289 267 2285 333">
    <p class='ocr_par' dir='ltr' id='par_1_1' title="bbox 289 267 2285 333">
     <span class='ocr_line' id='line_1_1' title="bbox 289 267 2285 333; baseline 0.004 -21"><span class='ocrx_word' id='word_1_1' title='bbox 289 283 506 313; x_wconf 63' lang='lat' dir='ltr'><strong><em>nunnus</em></strong></span> <span class='ocrx_word' id='word_1_2' title='bbox 526 283 893 314; x_wconf 71' lang='lat' dir='ltr'><strong><em>vmvssnsmAms</em></strong></span> <span class='ocrx_word' id='word_1_3' title='bbox 916 283 1231 314; x_wconf 65' lang='lat' dir='ltr'><strong><em>nmmumuffls</em></strong></span> <span class='ocrx_word' id='word_1_4' title='bbox 1253 284 1314 315; x_wconf 72' lang='lat' dir='ltr'><strong><em>An</em></strong></span> <span class='ocrx_word' id='word_1_5' title='bbox 1335 285 1524 315; x_wconf 69' lang='lat' dir='ltr'><strong><em>motum</em></strong></span> <span class='ocrx_word' id='word_1_6' title='bbox 1545 287 1616 316; x_wconf 82' lang='lat' dir='ltr'><strong><em>PP.</em></strong></span> <span class='ocrx_word' id='word_1_7' title='bbox 1640 288 1685 318; x_wconf 87' lang='lat' dir='ltr'><strong><em>x.</em></strong></span> <span class='ocrx_word' id='word_1_8' title='bbox 1707 283 1914 319; x_wconf 74' lang='lat' dir='ltr'><strong><em>n.23.uA1</em></strong></span> <span class='ocrx_word' id='word_1_9' title='bbox 1937 277 2000 328; x_wconf 75' lang='lat' dir='ltr'><strong><em>(A.</em></strong></span> <span class='ocrx_word' id='word_1_10' title='bbox 2018 280 2135 333; x_wconf 76' lang='lat'>¹515.)</span> <span class='ocrx_word' id='word_1_11' title='bbox 2174 267 2285 326; x_wconf 82' lang='lat'><strong><em>151</em></strong></span> 
     </span>
    </p>
   </div>
   <div class='ocr_carea' id='block_1_2' title="bbox 5 414 2392 3714">
    <p class='ocr_par' dir='ltr' id='par_1_2' title="bbox 3 414 2392 3714">
     <span class='ocr_line' id='line_1_2' title="bbox 125 414 2293 485; baseline 0.003 -20"><span class='ocrx_word' id='word_1_12' title='bbox 125 427 240 466; x_wconf 78' lang='lat' dir='ltr'><strong><em>cum</em></strong></span> <span class='ocrx_word' id='word_1_13' title='bbox 263 414 492 463; x_wconf 87' lang='lat' dir='ltr'><strong><em>omnibus</em></strong></span> <span class='ocrx_word' id='word_1_14' title='bbox 514 418 565 463; x_wconf 90' lang='lat' dir='ltr'><strong><em>et</em></strong></span> <span class='ocrx_word' id='word_1_15' title='bbox 597 427 803 464; x_wconf 87' lang='lat' dir='ltr'><strong><em>sacram</em></strong></span> <span class='ocrx_word' id='word_1_16' title='bbox 840 414 1143 477; x_wconf 75' lang='lat' dir='ltr'><strong><em>theoloeiam</em></strong></span> <span class='ocrx_word' id='word_1_17' title='bbox 1181 429 1332 477; x_wconf 90' lang='lat' dir='ltr'><strong><em>quam</em></strong></span> <span class='ocrx_word' id='word_1_18' title='bbox 1361 417 1627 480; x_wconf 78' lang='lat' dir='ltr'><em>peculiari</em></span> <span class='ocrx_word' id='word_1_19' title='bbox 1659 419 1880 480; x_wconf 89' lang='lat' dir='ltr'><strong><em>quodam</em></strong></span> <span class='ocrx_word' id='word_1_20' title='bbox 1918 435 2056 470; x_wconf 88' lang='lat' dir='ltr'><strong><em>nexu</em></strong></span> <span class='ocrx_word' id='word_1_21' title='bbox 2082 426 2293 485; x_wconf 80' lang='lat' dir='ltr'><strong><em>profite-</em></strong></span> 
     </span>
     <span class='ocr_line' id='line_1_3' title="bbox 126 499 2294 579; baseline 0.003 -29"><span class='ocrx_word' id='word_1_22' title='bbox 126 514 268 561; x_wconf 75' lang='lat' dir='ltr'><strong><em>mur,</em></strong></span> <span class='ocrx_word' id='word_1_23' title='bbox 318 503 369 548; x_wconf 93' lang='lat' dir='ltr'><strong><em>et</em></strong></span> <span class='ocrx_word' id='word_1_24' title='bbox 401 500 490 548; x_wconf 90' lang='lat' dir='ltr'><strong><em>cui</em></strong></span> <span class='ocrx_word' id='word_1_25' title='bbox 519 499 694 548; x_wconf 88' lang='lat' dir='ltr'><strong><em>sedulo</em></strong></span> <span class='ocrx_word' id='word_1_26' title='bbox 731 500 1061 550; x_wconf 79' lang='lat' dir='ltr'><strong><em>incumbimus</em></strong></span> <span class='ocrx_word' id='word_1_27' title='bbox 1107 502 1254 550; x_wconf 87' lang='lat' dir='ltr'><strong><em>iuxta</em></strong></span> <span class='ocrx_word' id='word_1_28' title='bbox 1301 502 1455 562; x_wconf 89' lang='lat' dir='ltr'><strong><em>vires,</em></strong></span> <span class='ocrx_word' id='word_1_29' title='bbox 1507 503 1822 564; x_wconf 77' lang='lat' dir='ltr'><strong><em>diliqentiam</em></strong></span> <span class='ocrx_word' id='word_1_30' title='bbox 1868 511 1918 579; x_wconf 46' lang='grc' dir='ltr'><strong><em>θοι*</em></strong></span> <span class='ocrx_word' id='word_1_31' title='bbox 1964 520 2146 568; x_wconf 79' lang='lat' dir='ltr'><em>operas</em></span> <span class='ocrx_word' id='word_1_32' title='bbox 2193 514 2294 557; x_wconf 88' lang='lat' dir='ltr'><strong><em>toto</em></strong></span> 
     </span>
     <span class='ocr_line' id='line_1_4' title="bbox 123 584 2293 649; baseline 0.003 -13"><span class='ocrx_word' id='word_1_33' title='bbox 123 588 311 636; x_wconf 83' lang='lat' dir='ltr'><strong><em>conatu</em></strong></span> <span class='ocrx_word' id='word_1_34' title='bbox 344 584 771 646; x_wconf 78' lang='lat' dir='ltr'><strong><em>impenderemus,</em></strong></span> <span class='ocrx_word' id='word_1_35' title='bbox 819 590 870 634; x_wconf 90' lang='lat' dir='ltr'><strong><em>et</em></strong></span> <span class='ocrx_word' id='word_1_36' title='bbox 915 587 1170 649; x_wconf 89' lang='lat' dir='ltr'><strong><em>impensas</em></strong></span> <span class='ocrx_word' id='word_1_37' title='bbox 1206 588 1380 648; x_wconf 93' lang='lat' dir='ltr'><strong><em>quoad</em></strong></span> <span class='ocrx_word' id='word_1_38' title='bbox 1415 589 1696 638; x_wconf 80' lang='lat' dir='ltr'><strong><em>valeremus</em></strong></span> <span class='ocrx_word' id='word_1_39' title='bbox 1731 592 2107 641; x_wconf 85' lang='lat' dir='ltr'><strong><em>continuandas</em></strong></span> <span class='ocrx_word' id='word_1_40' title='bbox 2142 608 2293 642; x_wconf 92' lang='lat' dir='ltr'><strong><em>cura-</em></strong></span> 
     </span>
     <span class='ocr_line' id='line_1_5' title="bbox 122 667 2292 732; baseline 0.004 -13"><span class='ocrx_word' id='word_1_41' title='bbox 122 682 302 719; x_wconf 75' lang='lat' dir='ltr'><strong><em>remus·</em></strong></span> <span class='ocrx_word' id='word_1_42' title='bbox 382 667 530 726; x_wconf 78' lang='lat' dir='ltr'><strong><em>Quod</em></strong></span> <span class='ocrx_word' id='word_1_43' title='bbox 570 671 617 718; x_wconf 92' lang='lat' dir='ltr'><strong><em>si</em></strong></span> <span class='ocrx_word' id='word_1_44' title='bbox 660 683 694 718; x_wconf 92' lang='lat' dir='ltr'><strong><em>a</em></strong></span> <span class='ocrx_word' id='word_1_45' title='bbox 740 671 914 732; x_wconf 89' lang='lat' dir='ltr'><strong><em>quovis</em></strong></span> <span class='ocrx_word' id='word_1_46' title='bbox 940 672 1188 732; x_wconf 71' lang='lat' dir='ltr'><strong><em>pontifice</em></strong></span> <span class='ocrx_word' id='word_1_47' title='bbox 1223 673 1448 721; x_wconf 90' lang='lat' dir='ltr'><strong><em>maximo</em></strong></span> <span class='ocrx_word' id='word_1_48' title='bbox 1486 675 1637 721; x_wconf 88' lang='lat' dir='ltr'><strong><em>etiam</em></strong></span> <span class='ocrx_word' id='word_1_49' title='bbox 1674 676 1839 723; x_wconf 88' lang='lat' dir='ltr'><strong><em>minus</em></strong></span> <span class='ocrx_word' id='word_1_50' title='bbox 1873 677 2051 725; x_wconf 92' lang='lat' dir='ltr'><strong><em>solerti</em></strong></span> <span class='ocrx_word' id='word_1_51' title='bbox 2082 678 2178 727; x_wconf 91' lang='lat' dir='ltr'><strong><em>hoc</em></strong></span> <span class='ocrx_word' id='word_1_52' title='bbox 2215 693 2292 727; x_wconf 89' lang='lat' dir='ltr'><strong><em>ve-</em></strong></span> 
     </span>
     <span class='ocr_line' id='line_1_6' title="bbox 24 754 2292 821; baseline 0.004 -19"><span class='ocrx_word' id='word_1_53' title='bbox 24 767 91 813; x_wconf 48' lang='lat' dir='ltr'><strong><em>st</em></strong></span> <span class='ocrx_word' id='word_1_54' title='bbox 125 766 377 814; x_wconf 74' lang='lat' dir='ltr'><strong><em>rer-emur,</em></strong></span> <span class='ocrx_word' id='word_1_55' title='bbox 418 754 575 802; x_wconf 87' lang='lat' dir='ltr'><strong><em>multo</em></strong></span> <span class='ocrx_word' id='word_1_56' title='bbox 611 756 829 816; x_wconf 89' lang='lat' dir='ltr'><strong><em>amplius</em></strong></span> <span class='ocrx_word' id='word_1_57' title='bbox 865 768 898 802; x_wconf 92' lang='lat' dir='ltr'><strong><em>a</em></strong></span> <span class='ocrx_word' id='word_1_58' title='bbox 934 759 984 803; x_wconf 88' lang='lat' dir='ltr'><strong><em>te</em></strong></span> <span class='ocrx_word' id='word_1_59' title='bbox 1019 757 1128 804; x_wconf 89' lang='lat' dir='ltr'><strong><em>viro</em></strong></span> <span class='ocrx_word' id='word_1_60' title='bbox 1169 758 1508 806; x_wconf 78' lang='lat' dir='ltr'><strong><em>oculatissimo</em></strong></span> <span class='ocrx_word' id='word_1_61' title='bbox 1545 763 1594 806; x_wconf 91' lang='lat' dir='ltr'><strong><em>et</em></strong></span> <span class='ocrx_word' id='word_1_62' title='bbox 1630 759 1970 821; x_wconf 80' lang='lat' dir='ltr'><strong><em>undequaque</em></strong></span> <span class='ocrx_word' id='word_1_63' title='bbox 2007 763 2292 811; x_wconf 85' lang='lat' dir='ltr'><strong><em>doctissimo</em></strong></span> 
     </span>
     <span class='ocr_line' id='line_1_7' title="bbox 22 820 2290 907; baseline 0.004 -19"><span class='ocrx_word' id='word_1_64' title='bbox 22 820 29 861; x_wconf 64' lang='lat'><strong><em>¹¹</em></strong></span> <span class='ocrx_word' id='word_1_65' title='bbox 121 851 187 889; x_wconf 87' lang='lat' dir='ltr'><strong><em>ac</em></strong></span> <span class='ocrx_word' id='word_1_66' title='bbox 214 837 343 899; x_wconf 81' lang='lat' dir='ltr'><strong><em>fidei</em></strong></span> <span class='ocrx_word' id='word_1_67' title='bbox 374 838 626 896; x_wconf 77' lang='lat' dir='ltr'><strong><em>catholice</em></strong></span> <span class='ocrx_word' id='word_1_68' title='bbox 661 840 1019 889; x_wconf 82' lang='lat' dir='ltr'><strong><em>zelantissimo.</em></strong></span> <span class='ocrx_word' id='word_1_69' title='bbox 1061 841 1199 902; x_wconf 90' lang='lat' dir='ltr'><strong><em>quod</em></strong></span> <span class='ocrx_word' id='word_1_70' title='bbox 1231 855 1393 902; x_wconf 79' lang='lat' dir='ltr'><strong><em>qenus</em></strong></span> <span class='ocrx_word' id='word_1_71' title='bbox 1430 842 1695 891; x_wconf 83' lang='lat' dir='ltr'><strong><em>dedecoris</em></strong></span> <span class='ocrx_word' id='word_1_72' title='bbox 1718 857 1783 891; x_wconf 89' lang='lat' dir='ltr'><strong><em>ne</em></strong></span> <span class='ocrx_word' id='word_1_73' title='bbox 1807 846 2157 907; x_wconf 85' lang='lat' dir='ltr'><strong><em>incideremus,</em></strong></span> <span class='ocrx_word' id='word_1_74' title='bbox 2201 863 2290 896; x_wconf 90' lang='lat' dir='ltr'><strong><em>nu-</em></strong></span> 
     </span>
     <span class='ocr_line' id='line_1_8' title="bbox 24 923 2289 991; baseline 0.004 -20"><span class='ocrx_word' id='word_1_75' title='bbox 24 926 31 957; x_wconf 83' lang='grc'><strong><em>-’</em></strong></span> <span class='ocrx_word' id='word_1_76' title='bbox 116 937 214 988; x_wconf 82' lang='lat' dir='ltr'><strong><em>per</em></strong></span> <span class='ocrx_word' id='word_1_77' title='bbox 246 936 361 972; x_wconf 85' lang='lat' dir='ltr'><strong><em>eum</em></strong></span> <span class='ocrx_word' id='word_1_78' title='bbox 398 923 596 972; x_wconf 86' lang='lat' dir='ltr'><strong><em>oblatus</em></strong></span> <span class='ocrx_word' id='word_1_79' title='bbox 632 924 776 972; x_wconf 92' lang='lat' dir='ltr'><strong><em>nobis</em></strong></span> <span class='ocrx_word' id='word_1_80' title='bbox 804 923 950 983; x_wconf 85' lang='lat' dir='ltr'><strong><em>foret</em></strong></span> <span class='ocrx_word' id='word_1_81' title='bbox 986 939 1053 974; x_wconf 91' lang='lat' dir='ltr'><strong><em>ex</em></strong></span> <span class='ocrx_word' id='word_1_82' title='bbox 1085 930 1240 987; x_wconf 89' lang='lat' dir='ltr'><strong><em>parte</em></strong></span> <span class='ocrx_word' id='word_1_83' title='bbox 1266 928 1512 988; x_wconf 81' lang='lat' dir='ltr'><strong><em>preclare</em></strong></span> <span class='ocrx_word' id='word_1_84' title='bbox 1545 925 1821 985; x_wconf 82' lang='lat' dir='ltr'><strong><em>facultatis</em></strong></span> <span class='ocrx_word' id='word_1_85' title='bbox 1845 930 2122 991; x_wconf 80' lang='lat' dir='ltr'><strong><em>theoloqice</em></strong></span> <span class='ocrx_word' id='word_1_86' title='bbox 2149 933 2289 981; x_wconf 88' lang='lat' dir='ltr'><strong><em>Colo-</em></strong></span> 
     </span>
     <span class='ocr_line' id='line_1_9' title="bbox 118 1007 2290 1075; baseline 0.003 -16.648"><span class='ocrx_word' id='word_1_87' title='bbox 118 1009 304 1058; x_wconf 81' lang='lat' dir='ltr'><strong><em>niensis</em></strong></span> <span class='ocrx_word' id='word_1_88' title='bbox 333 1009 440 1067; x_wconf 80' lang='lat' dir='ltr'><strong><em>filie</em></strong></span> <span class='ocrx_word' id='word_1_89' title='bbox 476 1012 557 1067; x_wconf 90' lang='lat' dir='ltr'><strong><em>tue</em></strong></span> <span class='ocrx_word' id='word_1_90' title='bbox 580 1007 863 1058; x_wconf 86' lang='lat' dir='ltr'><strong><em>Sanctitati</em></strong></span> <span class='ocrx_word' id='word_1_91' title='bbox 894 1011 1195 1069; x_wconf 70' lang='lat' dir='ltr'><strong><em>deditissimo</em></strong></span> <span class='ocrx_word' id='word_1_92' title='bbox 1231 1015 1281 1059; x_wconf 90' lang='lat' dir='ltr'><strong><em>et</em></strong></span> <span class='ocrx_word' id='word_1_93' title='bbox 1316 1011 1459 1060; x_wconf 92' lang='lat' dir='ltr'><strong><em>nobis</em></strong></span> <span class='ocrx_word' id='word_1_94' title='bbox 1481 1025 1670 1060; x_wconf 88' lang='lat' dir='ltr'><strong><em>summo</em></strong></span> <span class='ocrx_word' id='word_1_95' title='bbox 1696 1014 1889 1075; x_wconf 84' lang='lat' dir='ltr'><strong><em>affectu</em></strong></span> <span class='ocrx_word' id='word_1_96' title='bbox 1912 1016 2190 1074; x_wconf 86' lang='lat' dir='ltr'><strong><em>coniuncte,</em></strong></span> <span class='ocrx_word' id='word_1_97' title='bbox 2232 1018 2290 1065; x_wconf 92' lang='lat' dir='ltr'><strong><em>li-</em></strong></span> 
     </span>
     <span class='ocr_line' id='line_1_10' title="bbox 25 1093 2288 1163; baseline 0.003 -21"><span class='ocrx_word' id='word_1_98' title='bbox 25 1127 32 1131; x_wconf 79' lang='lat'>·</span> <span class='ocrx_word' id='word_1_99' title='bbox 117 1093 272 1143; x_wconf 84' lang='lat' dir='ltr'><strong><em>bellus</em></strong></span> <span class='ocrx_word' id='word_1_100' title='bbox 296 1093 503 1155; x_wconf 87' lang='lat' dir='ltr'><strong><em>quidam</em></strong></span> <span class='ocrx_word' id='word_1_101' title='bbox 527 1093 617 1155; x_wconf 86' lang='lat' dir='ltr'><strong><em>qui</em></strong></span> <span class='ocrx_word' id='word_1_102' title='bbox 620 1095 899 1163; x_wconf 24' lang='lat' dir='ltr'><strong><em>‘cuiusdam</em></strong></span> <span class='ocrx_word' id='word_1_103' title='bbox 910 1095 1162 1144; x_wconf 82' lang='lat' dir='ltr'><strong><em>Beuchlin</em></strong></span> <span class='ocrx_word' id='word_1_104' title='bbox 1175 1095 1477 1145; x_wconf 88' lang='lat' dir='ltr'><strong><em>Phorcensis</em></strong></span> <span class='ocrx_word' id='word_1_105' title='bbox 1493 1094 1709 1154; x_wconf 87' lang='lat' dir='ltr'><strong><em>foetura</em></strong></span> <span class='ocrx_word' id='word_1_106' title='bbox 1733 1111 1838 1146; x_wconf 89' lang='lat' dir='ltr'><strong><em>esse</em></strong></span> <span class='ocrx_word' id='word_1_107' title='bbox 1863 1098 2140 1160; x_wconf 86' lang='lat' dir='ltr'><strong><em>dicebatur,</em></strong></span> <span class='ocrx_word' id='word_1_108' title='bbox 2153 1115 2288 1153; x_wconf 84' lang='lat' dir='ltr'><strong><em>exa-</em></strong></span> 
     </span>
     <span class='ocr_line' id='line_1_11' title="bbox 5 1177 2288 1247; baseline 0.002 -17"><span class='ocrx_word' id='word_1_109' title='bbox 5 1190 38 1247; x_wconf 45' lang='lat'><em>}</em></span> <span class='ocrx_word' id='word_1_110' title='bbox 62 1177 390 1228; x_wconf 74' lang='lat' dir='ltr'><strong><em>nominandus</em></strong></span> <span class='ocrx_word' id='word_1_111' title='bbox 413 1191 483 1226; x_wconf 90' lang='lat' dir='ltr'><strong><em>an</em></strong></span> <span class='ocrx_word' id='word_1_112' title='bbox 509 1178 853 1227; x_wconf 88' lang='lat' dir='ltr'><strong><em>admittendus</em></strong></span> <span class='ocrx_word' id='word_1_113' title='bbox 875 1184 1002 1228; x_wconf 89' lang='lat' dir='ltr'><strong><em>esset</em></strong></span> <span class='ocrx_word' id='word_1_114' title='bbox 1025 1183 1271 1241; x_wconf 82' lang='lat' dir='ltr'><strong><em>tanquam</em></strong></span> <span class='ocrx_word' id='word_1_115' title='bbox 1292 1181 1417 1239; x_wconf 76' lang='lat' dir='ltr'><strong><em>fidei</em></strong></span> <span class='ocrx_word' id='word_1_116' title='bbox 1439 1181 1723 1240; x_wconf 74' lang='lat' dir='ltr'><strong><em>orthodoxe</em></strong></span> <span class='ocrx_word' id='word_1_117' title='bbox 1747 1197 2010 1243; x_wconf 92' lang='lat' dir='ltr'><strong><em>consonus,</em></strong></span> <span class='ocrx_word' id='word_1_118' title='bbox 2040 1198 2108 1233; x_wconf 90' lang='lat' dir='ltr'><strong><em>an</em></strong></span> <span class='ocrx_word' id='word_1_119' title='bbox 2134 1185 2288 1245; x_wconf 85' lang='lat' dir='ltr'><strong><em>refel-</em></strong></span> 
     </span>
     <span class='ocr_line' id='line_1_12' title="bbox 79 1258 2281 1331; baseline 0.003 -16.8"><span class='ocrx_word' id='word_1_120' title='bbox 79 1286 84 1292; x_wconf 92' lang='lat'><strong>·</strong></span> <span class='ocrx_word' id='word_1_121' title='bbox 114 1263 292 1314; x_wconf 84' lang='lat' dir='ltr'><strong><em>lendus</em></strong></span> <span class='ocrx_word' id='word_1_122' title='bbox 327 1258 571 1324; x_wconf 84' lang='lat' dir='ltr'><strong><em>tanquam</em></strong></span> <span class='ocrx_word' id='word_1_123' title='bbox 603 1263 731 1322; x_wconf 77' lang='lat' dir='ltr'><strong><em>fidei</em></strong></span> <span class='ocrx_word' id='word_1_124' title='bbox 761 1269 1021 1326; x_wconf 79' lang='lat' dir='ltr'><strong><em>suspectus</em></strong></span> <span class='ocrx_word' id='word_1_125' title='bbox 1056 1268 1106 1312; x_wconf 91' lang='lat' dir='ltr'><strong><em>et</em></strong></span> <span class='ocrx_word' id='word_1_126' title='bbox 1132 1266 1332 1326; x_wconf 91' lang='lat' dir='ltr'><strong><em>populo</em></strong></span> <span class='ocrx_word' id='word_1_127' title='bbox 1368 1267 1717 1327; x_wconf 88' lang='lat' dir='ltr'><strong><em>scandalosus,</em></strong></span> <span class='ocrx_word' id='word_1_128' title='bbox 1760 1272 1809 1315; x_wconf 93' lang='lat' dir='ltr'><strong><em>et</em></strong></span> <span class='ocrx_word' id='word_1_129' title='bbox 1831 1270 2023 1318; x_wconf 90' lang='lat' dir='ltr'><strong><em>sanctis</em></strong></span> <span class='ocrx_word' id='word_1_130' title='bbox 2048 1271 2281 1331; x_wconf 91' lang='lat' dir='ltr'><strong><em>iniurius,</em></strong></span> 
     </span>
     <span class='ocr_line' id='line_1_13' title="bbox 20 1348 2283 1412; baseline 0.002 -13"><span class='ocrx_word' id='word_1_131' title='bbox 20 1351 31 1398; x_wconf 74' lang='grc' dir='ltr'>Ξ</span> <span class='ocrx_word' id='word_1_132' title='bbox 113 1349 288 1399; x_wconf 88' lang='lat' dir='ltr'><strong><em>habita</em></strong></span> <span class='ocrx_word' id='word_1_133' title='bbox 310 1352 361 1397; x_wconf 87' lang='lat' dir='ltr'><strong><em>et</em></strong></span> <span class='ocrx_word' id='word_1_134' title='bbox 383 1348 621 1409; x_wconf 75' lang='lat' dir='ltr'><strong><em>diliqenti</em></strong></span> <span class='ocrx_word' id='word_1_135' title='bbox 641 1353 691 1397; x_wconf 90' lang='lat' dir='ltr'><strong><em>et</em></strong></span> <span class='ocrx_word' id='word_1_136' title='bbox 714 1350 971 1398; x_wconf 89' lang='lat' dir='ltr'><strong><em>acerrima</em></strong></span> <span class='ocrx_word' id='word_1_137' title='bbox 996 1350 1306 1398; x_wconf 88' lang='lat' dir='ltr'><strong><em>discussione</em></strong></span> <span class='ocrx_word' id='word_1_138' title='bbox 1339 1351 1523 1399; x_wconf 90' lang='lat' dir='ltr'><strong><em>librum</em></strong></span> <span class='ocrx_word' id='word_1_139' title='bbox 1551 1356 1714 1412; x_wconf 90' lang='lat' dir='ltr'><strong><em>prout</em></strong></span> <span class='ocrx_word' id='word_1_140' title='bbox 1750 1353 1950 1401; x_wconf 90' lang='lat' dir='ltr'><strong><em>iacebat</em></strong></span> <span class='ocrx_word' id='word_1_141' title='bbox 1987 1355 2283 1405; x_wconf 90' lang='lat' dir='ltr'><strong><em>doctrinali-</em></strong></span> 
     </span>
     <span class='ocr_line' id='line_1_14' title="bbox 112 1433 2283 1497; baseline 0.001 -12"><span class='ocrx_word' id='word_1_142' title='bbox 112 1438 207 1495; x_wconf 78' lang='lat' dir='ltr'><strong><em>ter,</em></strong></span> <span class='ocrx_word' id='word_1_143' title='bbox 246 1433 666 1496; x_wconf 85' lang='lat' dir='ltr'><strong><em>quemadmodum</em></strong></span> <span class='ocrx_word' id='word_1_144' title='bbox 703 1434 776 1482; x_wconf 92' lang='lat' dir='ltr'><strong><em>ad</em></strong></span> <span class='ocrx_word' id='word_1_145' title='bbox 809 1447 900 1483; x_wconf 92' lang='lat' dir='ltr'><strong><em>nos</em></strong></span> <span class='ocrx_word' id='word_1_146' title='bbox 937 1435 1133 1495; x_wconf 88' lang='lat' dir='ltr'><strong><em>attinet,</em></strong></span> <span class='ocrx_word' id='word_1_147' title='bbox 1162 1435 1620 1497; x_wconf 82' lang='lat' dir='ltr'><strong><em>condemnavimus,</em></strong></span> <span class='ocrx_word' id='word_1_148' title='bbox 1663 1442 1712 1485; x_wconf 91' lang='lat' dir='ltr'><strong><em>et</em></strong></span> <span class='ocrx_word' id='word_1_149' title='bbox 1747 1451 1774 1485; x_wconf 90' lang='lat' dir='ltr'><strong><em>e</em></strong></span> <span class='ocrx_word' id='word_1_150' title='bbox 1809 1439 1973 1486; x_wconf 89' lang='lat' dir='ltr'><strong><em>medio</em></strong></span> <span class='ocrx_word' id='word_1_151' title='bbox 2010 1440 2283 1489; x_wconf 87' lang='lat' dir='ltr'><strong><em>tollendum</em></strong></span> 
     </span>
     <span class='ocr_line' id='line_1_15' title="bbox 20 1518 2278 1586; baseline 0.002 -17"><span class='ocrx_word' id='word_1_152' title='bbox 20 1565 25 1576; x_wconf 85' lang='grc'><em>,</em></span> <span class='ocrx_word' id='word_1_153' title='bbox 113 1519 358 1570; x_wconf 85' lang='lat' dir='ltr'><strong><em>arbitrati</em></strong></span> <span class='ocrx_word' id='word_1_154' title='bbox 375 1531 544 1568; x_wconf 89' lang='lat' dir='ltr'><strong><em>sumus</em></strong></span> <span class='ocrx_word' id='word_1_155' title='bbox 566 1519 827 1581; x_wconf 87' lang='lat' dir='ltr'><strong><em>expedire.</em></strong></span> <span class='ocrx_word' id='word_1_156' title='bbox 890 1518 1050 1577; x_wconf 80' lang='lat' dir='ltr'><strong><em>Quam</em></strong></span> <span class='ocrx_word' id='word_1_157' title='bbox 1074 1520 1540 1569; x_wconf 89' lang='lat' dir='ltr'><strong><em>condemnationem</em></strong></span> <span class='ocrx_word' id='word_1_158' title='bbox 1568 1522 1642 1570; x_wconf 91' lang='lat' dir='ltr'><strong><em>ad</em></strong></span> <span class='ocrx_word' id='word_1_159' title='bbox 1664 1521 1995 1572; x_wconf 87' lang='lat' dir='ltr'><strong><em>Sanctitatem</em></strong></span> <span class='ocrx_word' id='word_1_160' title='bbox 2033 1525 2278 1586; x_wconf 86' lang='lat' dir='ltr'><strong><em>Vestram,</em></strong></span> 
     </span>
     <span class='ocr_line' id='line_1_16' title="bbox 20 1594 2285 1671; baseline 0.003 -19"><span class='ocrx_word' id='word_1_161' title='bbox 20 1594 188 1669; x_wconf 53' lang='lat' dir='ltr'><strong><em>{uad</em></strong></span> <span class='ocrx_word' id='word_1_162' title='bbox 207 1616 358 1666; x_wconf 88' lang='lat' dir='ltr'><strong><em>quam</em></strong></span> <span class='ocrx_word' id='word_1_163' title='bbox 379 1607 579 1666; x_wconf 88' lang='lat' dir='ltr'><strong><em>spectat</em></strong></span> <span class='ocrx_word' id='word_1_164' title='bbox 597 1605 724 1663; x_wconf 77' lang='lat' dir='ltr'><strong><em>fidei</em></strong></span> <span class='ocrx_word' id='word_1_165' title='bbox 743 1606 991 1654; x_wconf 89' lang='lat' dir='ltr'><strong><em>materias</em></strong></span> <span class='ocrx_word' id='word_1_166' title='bbox 1017 1606 1273 1665; x_wconf 90' lang='lat' dir='ltr'><strong><em>decidere,</em></strong></span> <span class='ocrx_word' id='word_1_167' title='bbox 1315 1606 1514 1664; x_wconf 81' lang='lat' dir='ltr'><strong><em>hereses</em></strong></span> <span class='ocrx_word' id='word_1_168' title='bbox 1539 1611 1587 1655; x_wconf 88' lang='lat' dir='ltr'><strong><em>et</em></strong></span> <span class='ocrx_word' id='word_1_169' title='bbox 1622 1608 1876 1656; x_wconf 91' lang='lat' dir='ltr'><strong><em>scandala</em></strong></span> <span class='ocrx_word' id='word_1_170' title='bbox 1901 1610 2195 1671; x_wconf 89' lang='lat' dir='ltr'><strong><em>extirpare,</em></strong></span> <span class='ocrx_word' id='word_1_171' title='bbox 2237 1617 2285 1659; x_wconf 91' lang='lat' dir='ltr'><strong><em>et</em></strong></span> 
     </span>
     <span class='ocr_line' id='line_1_17' title="bbox 20 1674 2283 1754; baseline 0.002 -14"><span class='ocrx_word' id='word_1_172' title='bbox 20 1674 50 1728; x_wconf 66' lang='lat'><strong><em>²-</em></strong></span> <span class='ocrx_word' id='word_1_173' title='bbox 111 1702 266 1740; x_wconf 81' lang='lat' dir='ltr'><strong><em>ausus</em></strong></span> <span class='ocrx_word' id='word_1_174' title='bbox 289 1690 585 1738; x_wconf 87' lang='lat' dir='ltr'><strong><em>temerarios</em></strong></span> <span class='ocrx_word' id='word_1_175' title='bbox 607 1691 953 1752; x_wconf 89' lang='lat' dir='ltr'><strong><em>supprimere,</em></strong></span> <span class='ocrx_word' id='word_1_176' title='bbox 995 1695 1045 1739; x_wconf 90' lang='lat' dir='ltr'><strong><em>et</em></strong></span> <span class='ocrx_word' id='word_1_177' title='bbox 1081 1691 1481 1740; x_wconf 78' lang='lat' dir='ltr'><strong><em>examinandam</em></strong></span> <span class='ocrx_word' id='word_1_178' title='bbox 1518 1696 1568 1741; x_wconf 91' lang='lat' dir='ltr'><strong><em>et</em></strong></span> <span class='ocrx_word' id='word_1_179' title='bbox 1593 1693 1981 1754; x_wconf 85' lang='lat' dir='ltr'><strong><em>approbandam</em></strong></span> <span class='ocrx_word' id='word_1_180' title='bbox 2007 1698 2283 1744; x_wconf 88' lang='lat' dir='ltr'><strong><em>transmisi-</em></strong></span> 
     </span>
     <span class='ocr_line' id='line_1_18' title="bbox 109 1767 2284 1837; baseline 0.002 -13"><span class='ocrx_word' id='word_1_181' title='bbox 109 1788 235 1827; x_wconf 79' lang='lat' dir='ltr'><strong><em>mus.</em></strong></span> <span class='ocrx_word' id='word_1_182' title='bbox 309 1773 631 1836; x_wconf 87' lang='lat' dir='ltr'><strong><em>Suscepimus</em></strong></span> <span class='ocrx_word' id='word_1_183' title='bbox 666 1775 819 1824; x_wconf 88' lang='lat' dir='ltr'><strong><em>etiam</em></strong></span> <span class='ocrx_word' id='word_1_184' title='bbox 857 1788 891 1823; x_wconf 92' lang='lat' dir='ltr'><strong><em>a</em></strong></span> <span class='ocrx_word' id='word_1_185' title='bbox 927 1777 1185 1825; x_wconf 89' lang='lat' dir='ltr'><strong><em>nonnullis</em></strong></span> <span class='ocrx_word' id='word_1_186' title='bbox 1216 1777 1321 1835; x_wconf 78' lang='lat' dir='ltr'><strong><em>fide</em></strong></span> <span class='ocrx_word' id='word_1_187' title='bbox 1358 1777 1528 1837; x_wconf 76' lang='lat' dir='ltr'><strong><em>diqnis</em></strong></span> <span class='ocrx_word' id='word_1_188' title='bbox 1565 1778 1849 1826; x_wconf 85' lang='lat' dir='ltr'><strong><em>idemtidem</em></strong></span> <span class='ocrx_word' id='word_1_189' title='bbox 1887 1792 1920 1826; x_wconf 90' lang='lat' dir='ltr'><strong><em>a</em></strong></span> <span class='ocrx_word' id='word_1_190' title='bbox 1956 1767 2284 1829; x_wconf 80' lang='lat' dir='ltr'><strong><em>celeberrima</em></strong></span> 
     </span>
     <span class='ocr_line' id='line_1_19' title="bbox 30 1859 2283 1924; baseline 0.002 -15"><span class='ocrx_word' id='word_1_191' title='bbox 30 1896 38 1902; x_wconf 84' lang='lat'><strong><em>.</em></strong></span> <span class='ocrx_word' id='word_1_192' title='bbox 110 1859 470 1924; x_wconf 76' lang='lat' dir='ltr'><strong><em>Parrhysiensi</em></strong></span> <span class='ocrx_word' id='word_1_193' title='bbox 489 1859 776 1921; x_wconf 76' lang='lat' dir='ltr'><strong><em>theoloqica</em></strong></span> <span class='ocrx_word' id='word_1_194' title='bbox 793 1859 1052 1920; x_wconf 85' lang='lat' dir='ltr'><strong><em>facultate</em></strong></span> <span class='ocrx_word' id='word_1_195' title='bbox 1075 1875 1180 1910; x_wconf 91' lang='lat' dir='ltr'><strong><em>esse</em></strong></span> <span class='ocrx_word' id='word_1_196' title='bbox 1196 1860 1414 1922; x_wconf 90' lang='lat' dir='ltr'><strong><em>factum,</em></strong></span> <span class='ocrx_word' id='word_1_197' title='bbox 1455 1867 1506 1910; x_wconf 90' lang='lat' dir='ltr'><strong><em>et</em></strong></span> <span class='ocrx_word' id='word_1_198' title='bbox 1531 1862 1594 1910; x_wconf 92' lang='lat' dir='ltr'><strong><em>ab</em></strong></span> <span class='ocrx_word' id='word_1_199' title='bbox 1621 1863 1737 1911; x_wconf 91' lang='lat' dir='ltr'><strong><em>aliis</em></strong></span> <span class='ocrx_word' id='word_1_200' title='bbox 1762 1865 2017 1913; x_wconf 91' lang='lat' dir='ltr'><strong><em>nonnullis</em></strong></span> <span class='ocrx_word' id='word_1_201' title='bbox 2043 1867 2283 1915; x_wconf 89' lang='lat' dir='ltr'><strong><em>universi-</em></strong></span> 
     </span>
     <span class='ocr_line' id='line_1_20' title="bbox 108 1945 2281 2008; baseline 0.002 -14"><span class='ocrx_word' id='word_1_202' title='bbox 108 1945 310 2007; x_wconf 83' lang='lat' dir='ltr'><strong><em>tatibus,</em></strong></span> <span class='ocrx_word' id='word_1_203' title='bbox 351 1957 553 2008; x_wconf 82' lang='lat' dir='ltr'><strong><em>queres</em></strong></span> <span class='ocrx_word' id='word_1_204' title='bbox 577 1957 679 1993; x_wconf 93' lang='lat' dir='ltr'><strong><em>non</em></strong></span> <span class='ocrx_word' id='word_1_205' title='bbox 707 1958 900 2006; x_wconf 89' lang='lat' dir='ltr'><strong><em>parum</em></strong></span> <span class='ocrx_word' id='word_1_206' title='bbox 924 1946 1066 1994; x_wconf 87' lang='lat' dir='ltr'><strong><em>nobis</em></strong></span> <span class='ocrx_word' id='word_1_207' title='bbox 1090 1947 1378 2007; x_wconf 89' lang='lat' dir='ltr'><strong><em>spiritualis</em></strong></span> <span class='ocrx_word' id='word_1_208' title='bbox 1403 1948 1730 1996; x_wconf 90' lang='lat' dir='ltr'><strong><em>iocunditatis</em></strong></span> <span class='ocrx_word' id='word_1_209' title='bbox 1756 1950 1925 1996; x_wconf 88' lang='lat' dir='ltr'><strong><em>attulit</em></strong></span> <span class='ocrx_word' id='word_1_210' title='bbox 1948 1962 2061 1997; x_wconf 89' lang='lat' dir='ltr'><strong><em>cum</em></strong></span> <span class='ocrx_word' id='word_1_211' title='bbox 2089 1951 2281 1998; x_wconf 88' lang='lat' dir='ltr'><strong><em>videre·</em></strong></span> 
     </span>
     <span class='ocr_line' id='line_1_21' title="bbox 18 2023 2284 2094; baseline 0.001 -13"><span class='ocrx_word' id='word_1_212' title='bbox 18 2023 23 2046; x_wconf 71' lang='lat'><strong>⁷</strong></span> <span class='ocrx_word' id='word_1_213' title='bbox 49 2044 216 2082; x_wconf 65' lang='lat' dir='ltr'><strong><em>umus</em></strong></span> <span class='ocrx_word' id='word_1_214' title='bbox 238 2031 386 2079; x_wconf 87' lang='lat' dir='ltr'><strong><em>deum</em></strong></span> <span class='ocrx_word' id='word_1_215' title='bbox 410 2030 648 2092; x_wconf 90' lang='lat' dir='ltr'><strong><em>optimum</em></strong></span> <span class='ocrx_word' id='word_1_216' title='bbox 671 2031 1057 2079; x_wconf 84' lang='lat' dir='ltr'><strong><em>sollicitudinem</em></strong></span> <span class='ocrx_word' id='word_1_217' title='bbox 1082 2032 1288 2091; x_wconf 86' lang='lat' dir='ltr'><strong><em>ecclesie</em></strong></span> <span class='ocrx_word' id='word_1_218' title='bbox 1312 2045 1400 2091; x_wconf 93' lang='lat' dir='ltr'><strong><em>sue</em></strong></span> <span class='ocrx_word' id='word_1_219' title='bbox 1425 2046 1526 2081; x_wconf 92' lang='lat' dir='ltr'><strong><em>non</em></strong></span> <span class='ocrx_word' id='word_1_220' title='bbox 1551 2046 1750 2093; x_wconf 69' lang='lat' dir='ltr'><strong><em>seqnem</em></strong></span> <span class='ocrx_word' id='word_1_221' title='bbox 1774 2046 1971 2094; x_wconf 71' lang='lat' dir='ltr'><strong><em>qerere,</em></strong></span> <span class='ocrx_word' id='word_1_222' title='bbox 2000 2036 2157 2083; x_wconf 87' lang='lat' dir='ltr'><strong><em>servis</em></strong></span> <span class='ocrx_word' id='word_1_223' title='bbox 2180 2037 2284 2083; x_wconf 86' lang='lat' dir='ltr'><strong><em>suis</em></strong></span> 
     </span>
     <span class='ocr_line' id='line_1_22' title="bbox 107 2115 2280 2178; baseline 0.002 -14"><span class='ocrx_word' id='word_1_224' title='bbox 107 2115 320 2164; x_wconf 85' lang='lat' dir='ltr'><strong><em>eundem</em></strong></span> <span class='ocrx_word' id='word_1_225' title='bbox 341 2127 540 2164; x_wconf 89' lang='lat' dir='ltr'><strong><em>sensum</em></strong></span> <span class='ocrx_word' id='word_1_226' title='bbox 577 2115 631 2163; x_wconf 90' lang='lat' dir='ltr'><strong><em>in</em></strong></span> <span class='ocrx_word' id='word_1_227' title='bbox 663 2116 769 2174; x_wconf 79' lang='lat' dir='ltr'><strong><em>fide</em></strong></span> <span class='ocrx_word' id='word_1_228' title='bbox 791 2129 885 2164; x_wconf 89' lang='lat' dir='ltr'><strong><em>sua</em></strong></span> <span class='ocrx_word' id='word_1_229' title='bbox 910 2117 1260 2178; x_wconf 88' lang='lat' dir='ltr'><strong><em>impertiendo,</em></strong></span> <span class='ocrx_word' id='word_1_230' title='bbox 1302 2122 1358 2166; x_wconf 91' lang='lat' dir='ltr'><strong><em>ut</em></strong></span> <span class='ocrx_word' id='word_1_231' title='bbox 1382 2118 1728 2178; x_wconf 77' lang='lat' dir='ltr'><strong><em>theoloqorum</em></strong></span> <span class='ocrx_word' id='word_1_232' title='bbox 1747 2117 2028 2178; x_wconf 84' lang='lat' dir='ltr'><strong><em>facultates</em></strong></span> <span class='ocrx_word' id='word_1_233' title='bbox 2053 2120 2106 2167; x_wconf 91' lang='lat' dir='ltr'><strong><em>in</em></strong></span> <span class='ocrx_word' id='word_1_234' title='bbox 2132 2121 2280 2169; x_wconf 88' lang='lat' dir='ltr'><strong><em>domo</em></strong></span> 
     </span>
     <span class='ocr_line' id='line_1_23' title="bbox 19 2191 2278 2265; baseline 0.001 -15"><span class='ocrx_word' id='word_1_235' title='bbox 19 2224 22 2227; x_wconf 55' lang='lat'><strong>&gt;</strong></span> <span class='ocrx_word' id='word_1_236' title='bbox 108 2201 195 2250; x_wconf 86' lang='lat' dir='ltr'><strong><em>dei</em></strong></span> <span class='ocrx_word' id='word_1_237' title='bbox 227 2199 549 2250; x_wconf 83' lang='lat' dir='ltr'><strong><em>ambularent</em></strong></span> <span class='ocrx_word' id='word_1_238' title='bbox 583 2214 696 2249; x_wconf 88' lang='lat' dir='ltr'><strong><em>cum</em></strong></span> <span class='ocrx_word' id='word_1_239' title='bbox 733 2214 979 2250; x_wconf 92' lang='lat' dir='ltr'><strong><em>consensu</em></strong></span> <span class='ocrx_word' id='word_1_240' title='bbox 1014 2208 1062 2250; x_wconf 93' lang='lat' dir='ltr'><strong><em>et</em></strong></span> <span class='ocrx_word' id='word_1_241' title='bbox 1098 2203 1248 2263; x_wconf 91' lang='lat' dir='ltr'><strong><em>quasi</em></strong></span> <span class='ocrx_word' id='word_1_242' title='bbox 1281 2216 1382 2251; x_wconf 91' lang='lat' dir='ltr'><strong><em>uno</em></strong></span> <span class='ocrx_word' id='word_1_243' title='bbox 1421 2216 1509 2251; x_wconf 90' lang='lat' dir='ltr'><strong><em>ore</em></strong></span> <span class='ocrx_word' id='word_1_244' title='bbox 1546 2216 1715 2251; x_wconf 89' lang='lat' dir='ltr'><strong><em>omnes</em></strong></span> <span class='ocrx_word' id='word_1_245' title='bbox 1750 2191 2105 2265; x_wconf 86' lang='lat' dir='ltr'><strong><em>loquerentur,</em></strong></span> <span class='ocrx_word' id='word_1_246' title='bbox 2149 2206 2278 2254; x_wconf 89' lang='lat' dir='ltr'><strong><em>idem</em></strong></span> 
     </span>
     <span class='ocr_line' id='line_1_24' title="bbox 105 2286 2279 2349; baseline 0.002 -14"><span class='ocrx_word' id='word_1_247' title='bbox 105 2290 369 2348; x_wconf 76' lang='lat' dir='ltr'><strong><em>saperent,</em></strong></span> <span class='ocrx_word' id='word_1_248' title='bbox 432 2286 566 2333; x_wconf 86' lang='lat' dir='ltr'><strong><em>idem</em></strong></span> <span class='ocrx_word' id='word_1_249' title='bbox 613 2286 926 2347; x_wconf 88' lang='lat' dir='ltr'><strong><em>iudicarent,</em></strong></span> <span class='ocrx_word' id='word_1_250' title='bbox 978 2293 1026 2335; x_wconf 88' lang='lat' dir='ltr'><strong><em>et</em></strong></span> <span class='ocrx_word' id='word_1_251' title='bbox 1071 2288 1202 2335; x_wconf 90' lang='lat' dir='ltr'><strong><em>idem</em></strong></span> <span class='ocrx_word' id='word_1_252' title='bbox 1243 2288 1595 2349; x_wconf 84' lang='lat' dir='ltr'><strong><em>predicarent.</em></strong></span> <span class='ocrx_word' id='word_1_253' title='bbox 1671 2287 1821 2336; x_wconf 88' lang='lat' dir='ltr'><strong><em>Nunc</em></strong></span> <span class='ocrx_word' id='word_1_254' title='bbox 1867 2295 2032 2338; x_wconf 86' lang='lat' dir='ltr'><strong><em>autem</em></strong></span> <span class='ocrx_word' id='word_1_255' title='bbox 2079 2291 2279 2339; x_wconf 87' lang='lat' dir='ltr'><strong><em>incessit</em></strong></span> 
     </span>
     <span class='ocr_line' id='line_1_25' title="bbox 107 2363 2392 2440; baseline 0.002 -20"><span class='ocrx_word' id='word_1_256' title='bbox 107 2370 318 2420; x_wconf 88' lang='lat' dir='ltr'><strong><em>auribus</em></strong></span> <span class='ocrx_word' id='word_1_257' title='bbox 341 2371 527 2420; x_wconf 86' lang='lat' dir='ltr'><strong><em>nostris</em></strong></span> <span class='ocrx_word' id='word_1_258' title='bbox 562 2370 852 2420; x_wconf 89' lang='lat' dir='ltr'><strong><em>horrendus</em></strong></span> <span class='ocrx_word' id='word_1_259' title='bbox 888 2385 982 2420; x_wconf 88' lang='lat' dir='ltr'><strong><em>nec</em></strong></span> <span class='ocrx_word' id='word_1_260' title='bbox 1006 2373 1116 2420; x_wconf 91' lang='lat' dir='ltr'><strong><em>sine</em></strong></span> <span class='ocrx_word' id='word_1_261' title='bbox 1150 2372 1426 2435; x_wconf 78' lang='lat' dir='ltr'><strong><em>lachrymis</em></strong></span> <span class='ocrx_word' id='word_1_262' title='bbox 1452 2368 1473 2439; x_wconf 83' lang='grc' dir='ltr'><strong><em>ΙΙ</em></strong></span> <span class='ocrx_word' id='word_1_263' title='bbox 1498 2371 1801 2431; x_wconf 91' lang='lat' dir='ltr'><strong><em>referendus</em></strong></span> <span class='ocrx_word' id='word_1_264' title='bbox 1837 2363 2014 2422; x_wconf 86' lang='lat' dir='ltr'><strong><em>rumor</em></strong></span> <span class='ocrx_word' id='word_1_265' title='bbox 2035 2388 2130 2436; x_wconf 90' lang='lat' dir='ltr'><strong><em>per</em></strong></span> <span class='ocrx_word' id='word_1_266' title='bbox 2158 2376 2278 2424; x_wconf 89' lang='lat' dir='ltr'><strong><em>Ger·</em></strong></span> <span class='ocrx_word' id='word_1_267' title='bbox 2305 2384 2392 2440; x_wconf 68' lang='lat'>(54)</span> 
     </span>
     <span class='ocr_line' id='line_1_26' title="bbox 50 2452 2278 2518; baseline 0.001 -13"><span class='ocrx_word' id='word_1_268' title='bbox 50 2456 277 2514; x_wconf 68' lang='lat' dir='ltr'><strong><em>nmanie</em></strong></span> <span class='ocrx_word' id='word_1_269' title='bbox 302 2452 501 2517; x_wconf 86' lang='lat' dir='ltr'><strong><em>partes,</em></strong></span> <span class='ocrx_word' id='word_1_270' title='bbox 544 2468 647 2504; x_wconf 92' lang='lat' dir='ltr'><strong><em>non</em></strong></span> <span class='ocrx_word' id='word_1_271' title='bbox 679 2469 849 2518; x_wconf 90' lang='lat' dir='ltr'><strong><em>parva</em></strong></span> <span class='ocrx_word' id='word_1_272' title='bbox 884 2458 1139 2506; x_wconf 86' lang='lat' dir='ltr'><strong><em>scandala</em></strong></span> <span class='ocrx_word' id='word_1_273' title='bbox 1178 2458 1355 2507; x_wconf 92' lang='lat' dir='ltr'><strong><em>oborta</em></strong></span> <span class='ocrx_word' id='word_1_274' title='bbox 1381 2471 1486 2506; x_wconf 85' lang='lat' dir='ltr'><strong><em>esse</em></strong></span> <span class='ocrx_word' id='word_1_275' title='bbox 1510 2457 1682 2517; x_wconf 92' lang='lat' dir='ltr'><strong><em>Iudeis</em></strong></span> <span class='ocrx_word' id='word_1_276' title='bbox 1709 2458 2010 2507; x_wconf 82' lang='lat' dir='ltr'><strong><em>Christianis</em></strong></span> <span class='ocrx_word' id='word_1_277' title='bbox 2036 2461 2278 2508; x_wconf 89' lang='lat' dir='ltr'><strong><em>insultan-</em></strong></span> 
     </span>
     <span class='ocr_line' id='line_1_27' title="bbox 105 2540 2277 2603; baseline 0.002 -13"><span class='ocrx_word' id='word_1_278' title='bbox 105 2541 250 2591; x_wconf 84' lang='lat' dir='ltr'><strong><em>tibus.</em></strong></span> <span class='ocrx_word' id='word_1_279' title='bbox 289 2541 440 2589; x_wconf 73' lang='lat' dir='ltr'><strong><em>iinmo</em></strong></span> <span class='ocrx_word' id='word_1_280' title='bbox 475 2541 614 2602; x_wconf 89' lang='lat' dir='ltr'><strong><em>quod</em></strong></span> <span class='ocrx_word' id='word_1_281' title='bbox 640 2540 818 2600; x_wconf 87' lang='lat' dir='ltr'><strong><em>fedius</em></strong></span> <span class='ocrx_word' id='word_1_282' title='bbox 855 2555 919 2591; x_wconf 90' lang='lat' dir='ltr'><strong><em>ac</em></strong></span> <span class='ocrx_word' id='word_1_283' title='bbox 957 2543 1344 2591; x_wconf 89' lang='lat' dir='ltr'><strong><em>intollerabilius</em></strong></span> <span class='ocrx_word' id='word_1_284' title='bbox 1379 2548 1468 2603; x_wconf 87' lang='lat' dir='ltr'><strong><em>est,</em></strong></span> <span class='ocrx_word' id='word_1_285' title='bbox 1511 2544 1747 2592; x_wconf 90' lang='lat' dir='ltr'><strong><em>nonnulli</em></strong></span> <span class='ocrx_word' id='word_1_286' title='bbox 1770 2543 2047 2593; x_wconf 86' lang='lat' dir='ltr'><strong><em>Christiani</em></strong></span> <span class='ocrx_word' id='word_1_287' title='bbox 2080 2546 2150 2594; x_wconf 89' lang='lat' dir='ltr'><strong><em>eis</em></strong></span> <span class='ocrx_word' id='word_1_288' title='bbox 2174 2559 2277 2594; x_wconf 88' lang='lat' dir='ltr'><strong><em>ma-</em></strong></span> 
     </span>
     <span class='ocr_line' id='line_1_28' title="bbox 17 2623 2276 2691; baseline 0.001 -15"><span class='ocrx_word' id='word_1_289' title='bbox 17 2623 31 2629; x_wconf 39' lang='lat'><em>*</em></span> <span class='ocrx_word' id='word_1_290' title='bbox 107 2640 202 2676; x_wconf 75' lang='lat' dir='ltr'><strong><em>nus</em></strong></span> <span class='ocrx_word' id='word_1_291' title='bbox 227 2626 526 2688; x_wconf 70' lang='lat' dir='ltr'><strong><em>porriqunt,</em></strong></span> <span class='ocrx_word' id='word_1_292' title='bbox 567 2626 764 2675; x_wconf 88' lang='lat' dir='ltr'><strong><em>libellos</em></strong></span> <span class='ocrx_word' id='word_1_293' title='bbox 800 2628 990 2676; x_wconf 87' lang='lat' dir='ltr'><strong><em>canino</em></strong></span> <span class='ocrx_word' id='word_1_294' title='bbox 1026 2628 1202 2689; x_wconf 92' lang='lat' dir='ltr'><strong><em>lepore</em></strong></span> <span class='ocrx_word' id='word_1_295' title='bbox 1238 2641 1302 2677; x_wconf 89' lang='lat' dir='ltr'><strong><em>ac</em></strong></span> <span class='ocrx_word' id='word_1_296' title='bbox 1339 2629 1549 2690; x_wconf 89' lang='lat' dir='ltr'><strong><em>viperea</em></strong></span> <span class='ocrx_word' id='word_1_297' title='bbox 1586 2630 1925 2678; x_wconf 86' lang='lat' dir='ltr'><strong><em>mordacitate</em></strong></span> <span class='ocrx_word' id='word_1_298' title='bbox 1939 2631 2123 2691; x_wconf 89' lang='lat' dir='ltr'><strong><em>plenos</em></strong></span> <span class='ocrx_word' id='word_1_299' title='bbox 2147 2645 2276 2679; x_wconf 88' lang='lat' dir='ltr'><strong><em>com-</em></strong></span> 
     </span>
     <span class='ocr_line' id='line_1_29' title="bbox 96 2711 2273 2777; baseline 0.001 -15"><span class='ocrx_word' id='word_1_300' title='bbox 96 2711 353 2775; x_wconf 79' lang='lat' dir='ltr'><strong><em>ponendO,</em></strong></span> <span class='ocrx_word' id='word_1_301' title='bbox 395 2711 575 2773; x_wconf 92' lang='lat' dir='ltr'><strong><em>quibus</em></strong></span> <span class='ocrx_word' id='word_1_302' title='bbox 611 2716 659 2760; x_wconf 91' lang='lat' dir='ltr'><strong><em>et</em></strong></span> <span class='ocrx_word' id='word_1_303' title='bbox 695 2712 1028 2774; x_wconf 74' lang='lat' dir='ltr'><strong><em>theoloqicam</em></strong></span> <span class='ocrx_word' id='word_1_304' title='bbox 1058 2711 1368 2772; x_wconf 86' lang='lat' dir='ltr'><strong><em>facultatem</em></strong></span> <span class='ocrx_word' id='word_1_305' title='bbox 1407 2719 1455 2762; x_wconf 90' lang='lat' dir='ltr'><strong><em>et</em></strong></span> <span class='ocrx_word' id='word_1_306' title='bbox 1491 2715 1650 2775; x_wconf 87' lang='lat' dir='ltr'><strong><em>ipsius</em></strong></span> <span class='ocrx_word' id='word_1_307' title='bbox 1676 2712 1999 2777; x_wconf 83' lang='lat' dir='ltr'><strong><em>professores</em></strong></span> <span class='ocrx_word' id='word_1_308' title='bbox 2022 2716 2273 2776; x_wconf 81' lang='lat' dir='ltr'><strong><em>lacerant,</em></strong></span> 
     </span>
     <span class='ocr_line' id='line_1_30' title="bbox 105 2795 2277 2861; baseline 0.001 -14"><span class='ocrx_word' id='word_1_309' title='bbox 105 2797 317 2847; x_wconf 88' lang='lat' dir='ltr'><strong><em>eludunt</em></strong></span> <span class='ocrx_word' id='word_1_310' title='bbox 352 2809 416 2846; x_wconf 89' lang='lat' dir='ltr'><strong><em>ac</em></strong></span> <span class='ocrx_word' id='word_1_311' title='bbox 447 2795 810 2859; x_wconf 81' lang='lat' dir='ltr'><strong><em>floccifaciunt</em></strong></span> <span class='ocrx_word' id='word_1_312' title='bbox 845 2803 894 2846; x_wconf 92' lang='lat' dir='ltr'><strong><em>et</em></strong></span> <span class='ocrx_word' id='word_1_313' title='bbox 931 2799 1139 2861; x_wconf 87' lang='lat' dir='ltr'><strong><em>populis</em></strong></span> <span class='ocrx_word' id='word_1_314' title='bbox 1183 2799 1398 2848; x_wconf 89' lang='lat' dir='ltr'><strong><em>rudibus</em></strong></span> <span class='ocrx_word' id='word_1_315' title='bbox 1444 2801 1656 2848; x_wconf 87' lang='lat' dir='ltr'><strong><em>invisam</em></strong></span> <span class='ocrx_word' id='word_1_316' title='bbox 1704 2800 1944 2849; x_wconf 90' lang='lat' dir='ltr'><strong><em>reddunt.</em></strong></span> <span class='ocrx_word' id='word_1_317' title='bbox 2025 2800 2277 2858; x_wconf 80' lang='lat' dir='ltr'><strong><em>Quantum</em></strong></span> 
     </span>
     <span class='ocr_line' id='line_1_31' title="bbox 50 2880 2278 2951; baseline 0.003 -22"><span class='ocrx_word' id='word_1_318' title='bbox 50 2892 191 2932; x_wconf 67' lang='lat' dir='ltr'><strong><em>ures</em></strong></span> <span class='ocrx_word' id='word_1_319' title='bbox 222 2882 315 2942; x_wconf 85' lang='lat' dir='ltr'><strong><em>hec</em></strong></span> <span class='ocrx_word' id='word_1_320' title='bbox 350 2880 586 2942; x_wconf 85' lang='lat' dir='ltr'><strong><em>nefanda</em></strong></span> <span class='ocrx_word' id='word_1_321' title='bbox 623 2883 913 2933; x_wconf 88' lang='lat' dir='ltr'><strong><em>detrimenti</em></strong></span> <span class='ocrx_word' id='word_1_322' title='bbox 942 2884 1220 2943; x_wconf 90' lang='lat' dir='ltr'><strong><em>christiane</em></strong></span> <span class='ocrx_word' id='word_1_323' title='bbox 1265 2885 1542 2947; x_wconf 89' lang='lat' dir='ltr'><strong><em>reipublice</em></strong></span> <span class='ocrx_word' id='word_1_324' title='bbox 1580 2883 1804 2945; x_wconf 90' lang='lat' dir='ltr'><strong><em>inferat,</em></strong></span> <span class='ocrx_word' id='word_1_325' title='bbox 1857 2890 2101 2951; x_wconf 86' lang='lat' dir='ltr'><strong><em>quantum</em></strong></span> <span class='ocrx_word' id='word_1_326' title='bbox 2135 2887 2278 2935; x_wconf 88' lang='lat' dir='ltr'><strong><em>bonis</em></strong></span> 
     </span>
     <span class='ocr_line' id='line_1_32' title="bbox 106 2965 2277 3042; baseline 0 -24"><span class='ocrx_word' id='word_1_327' title='bbox 106 2966 332 3018; x_wconf 86' lang='lat' dir='ltr'><strong><em>omnibus</em></strong></span> <span class='ocrx_word' id='word_1_328' title='bbox 376 2965 585 3026; x_wconf 86' lang='lat' dir='ltr'><strong><em>infensa</em></strong></span> <span class='ocrx_word' id='word_1_329' title='bbox 630 2969 721 3029; x_wconf 89' lang='lat' dir='ltr'><strong><em>sit,</em></strong></span> <span class='ocrx_word' id='word_1_330' title='bbox 781 2973 1026 3030; x_wconf 87' lang='lat' dir='ltr'><strong><em>quantum</em></strong></span> <span class='ocrx_word' id='word_1_331' title='bbox 1073 2970 1275 3019; x_wconf 89' lang='lat' dir='ltr'><strong><em>roboris</em></strong></span> <span class='ocrx_word' id='word_1_332' title='bbox 1309 2983 1355 3042; x_wconf 31' lang='lat' dir='ltr'><strong><em>‘a</em></strong></span> <span class='ocrx_word' id='word_1_333' title='bbox 1404 2970 1699 3019; x_wconf 88' lang='lat' dir='ltr'><strong><em>christianis</em></strong></span> <span class='ocrx_word' id='word_1_334' title='bbox 1737 2971 2034 3031; x_wconf 88' lang='lat' dir='ltr'><strong><em>pectoribus</em></strong></span> <span class='ocrx_word' id='word_1_335' title='bbox 2080 2973 2277 3020; x_wconf 85' lang='lat' dir='ltr'><strong><em>adimat</em></strong></span> 
     </span>
     <span class='ocr_line' id='line_1_33' title="bbox 105 3053 2275 3118; baseline 0.001 -16"><span class='ocrx_word' id='word_1_336' title='bbox 105 3057 209 3102; x_wconf 87' lang='lat' dir='ltr'><strong><em>tam</em></strong></span> <span class='ocrx_word' id='word_1_337' title='bbox 234 3053 738 3115; x_wconf 86' lang='lat' dir='ltr'><strong><em>preclarissimarum</em></strong></span> <span class='ocrx_word' id='word_1_338' title='bbox 783 3055 1167 3104; x_wconf 85' lang='lat' dir='ltr'><strong><em>universitatum</em></strong></span> <span class='ocrx_word' id='word_1_339' title='bbox 1214 3056 1505 3118; x_wconf 80' lang='lat' dir='ltr'><strong><em>vilipensiO,</em></strong></span> <span class='ocrx_word' id='word_1_340' title='bbox 1558 3060 1644 3104; x_wconf 91' lang='lat' dir='ltr'><strong><em>tuo</em></strong></span> <span class='ocrx_word' id='word_1_341' title='bbox 1687 3056 1988 3116; x_wconf 75' lang='lat' dir='ltr'><strong><em>qravissimo</em></strong></span> <span class='ocrx_word' id='word_1_342' title='bbox 2033 3057 2182 3104; x_wconf 88' lang='lat' dir='ltr'><strong><em>simul</em></strong></span> <span class='ocrx_word' id='word_1_343' title='bbox 2227 3064 2275 3104; x_wconf 92' lang='lat' dir='ltr'><strong><em>et</em></strong></span> 
     </span>
     <span class='ocr_line' id='line_1_34' title="bbox 95 3138 2273 3202; baseline 0.002 -16"><span class='ocrx_word' id='word_1_344' title='bbox 95 3138 491 3200; x_wconf 83' lang='lat' dir='ltr'><strong><em>prudentissimo</em></strong></span> <span class='ocrx_word' id='word_1_345' title='bbox 528 3139 716 3188; x_wconf 89' lang='lat' dir='ltr'><strong><em>iudicio</em></strong></span> <span class='ocrx_word' id='word_1_346' title='bbox 752 3140 1100 3201; x_wconf 88' lang='lat' dir='ltr'><strong><em>relinquimus.</em></strong></span> <span class='ocrx_word' id='word_1_347' title='bbox 1176 3141 1255 3189; x_wconf 91' lang='lat' dir='ltr'><strong><em>his</em></strong></span> <span class='ocrx_word' id='word_1_348' title='bbox 1293 3141 1517 3190; x_wconf 87' lang='lat' dir='ltr'><strong><em>omnibus</em></strong></span> <span class='ocrx_word' id='word_1_349' title='bbox 1553 3146 1601 3188; x_wconf 89' lang='lat' dir='ltr'><strong><em>et</em></strong></span> <span class='ocrx_word' id='word_1_350' title='bbox 1647 3141 1988 3202; x_wconf 87' lang='lat' dir='ltr'><strong><em>compluribus</em></strong></span> <span class='ocrx_word' id='word_1_351' title='bbox 2039 3142 2155 3189; x_wconf 89' lang='lat' dir='ltr'><strong><em>aliis</em></strong></span> <span class='ocrx_word' id='word_1_352' title='bbox 2201 3143 2273 3190; x_wconf 86' lang='lat' dir='ltr'><strong><em>in-</em></strong></span> 
     </span>
     <span class='ocr_line' id='line_1_35' title="bbox 105 3224 2274 3288; baseline 0.001 -16"><span class='ocrx_word' id='word_1_353' title='bbox 105 3224 376 3273; x_wconf 87' lang='lat' dir='ltr'><strong><em>commodis</em></strong></span> <span class='ocrx_word' id='word_1_354' title='bbox 412 3229 790 3285; x_wconf 83' lang='lat' dir='ltr'><strong><em>occurreretur,</em></strong></span> <span class='ocrx_word' id='word_1_355' title='bbox 831 3226 879 3274; x_wconf 91' lang='lat' dir='ltr'><strong><em>si</em></strong></span> <span class='ocrx_word' id='word_1_356' title='bbox 911 3239 1071 3274; x_wconf 88' lang='lat' dir='ltr'><strong><em>causa</em></strong></span> <span class='ocrx_word' id='word_1_357' title='bbox 1108 3226 1200 3286; x_wconf 91' lang='lat' dir='ltr'><strong><em>hec</em></strong></span> <span class='ocrx_word' id='word_1_358' title='bbox 1238 3240 1330 3287; x_wconf 88' lang='lat' dir='ltr'><strong><em>que</em></strong></span> <span class='ocrx_word' id='word_1_359' title='bbox 1358 3226 1502 3287; x_wconf 90' lang='lat' dir='ltr'><strong><em>apud</em></strong></span> <span class='ocrx_word' id='word_1_360' title='bbox 1525 3224 1860 3274; x_wconf 87' lang='lat' dir='ltr'><strong><em>Sanctitatem</em></strong></span> <span class='ocrx_word' id='word_1_361' title='bbox 1899 3226 2127 3275; x_wconf 87' lang='lat' dir='ltr'><strong><em>Vestram</em></strong></span> <span class='ocrx_word' id='word_1_362' title='bbox 2147 3240 2274 3288; x_wconf 84' lang='lat' dir='ltr'><strong><em>pen·</em></strong></span> 
     </span>
     <span class='ocr_line' id='line_1_36' title="bbox 54 3308 2274 3372; baseline 0.001 -16"><span class='ocrx_word' id='word_1_363' title='bbox 54 3308 219 3369; x_wconf 61' lang='lat' dir='ltr'><strong><em>adet,</em></strong></span> <span class='ocrx_word' id='word_1_364' title='bbox 270 3308 466 3358; x_wconf 90' lang='lat' dir='ltr'><strong><em>brevem</em></strong></span> <span class='ocrx_word' id='word_1_365' title='bbox 502 3310 774 3359; x_wconf 89' lang='lat' dir='ltr'><strong><em>sortiretur</em></strong></span> <span class='ocrx_word' id='word_1_366' title='bbox 809 3311 1198 3372; x_wconf 78' lang='lat' dir='ltr'><strong><em>expeditionem.</em></strong></span> <span class='ocrx_word' id='word_1_367' title='bbox 1275 3310 1601 3359; x_wconf 84' lang='lat' dir='ltr'><strong><em>Arbitramur</em></strong></span> <span class='ocrx_word' id='word_1_368' title='bbox 1637 3311 1766 3358; x_wconf 89' lang='lat' dir='ltr'><strong><em>enim</em></strong></span> <span class='ocrx_word' id='word_1_369' title='bbox 1804 3310 2135 3359; x_wconf 85' lang='lat' dir='ltr'><strong><em>Sanctitatem</em></strong></span> <span class='ocrx_word' id='word_1_370' title='bbox 2185 3314 2201 3359; x_wconf 82' lang='lat'><em>1</em></span> <span class='ocrx_word' id='word_1_371' title='bbox 2211 3314 2274 3359; x_wconf 80' lang='lat' dir='ltr'><strong><em>&#39;e-</em></strong></span> 
     </span>
     <span class='ocr_line' id='line_1_37' title="bbox 18 3395 2271 3460; baseline 0.001 -17"><span class='ocrx_word' id='word_1_372' title='bbox 18 3428 36 3460; x_wconf 68' lang='lat'>‚</span> <span class='ocrx_word' id='word_1_373' title='bbox 105 3398 264 3443; x_wconf 81' lang='lat' dir='ltr'><strong><em>stram</em></strong></span> <span class='ocrx_word' id='word_1_374' title='bbox 299 3395 502 3443; x_wconf 82' lang='lat' dir='ltr'><strong><em>summis</em></strong></span> <span class='ocrx_word' id='word_1_375' title='bbox 538 3395 714 3455; x_wconf 91' lang='lat' dir='ltr'><strong><em>quibus</em></strong></span> <span class='ocrx_word' id='word_1_376' title='bbox 740 3402 916 3458; x_wconf 88' lang='lat' dir='ltr'><strong><em>preest</em></strong></span> <span class='ocrx_word' id='word_1_377' title='bbox 951 3398 1089 3446; x_wconf 88' lang='lat' dir='ltr'><strong><em>curis</em></strong></span> <span class='ocrx_word' id='word_1_378' title='bbox 1125 3397 1376 3445; x_wconf 88' lang='lat' dir='ltr'><strong><em>irretitum</em></strong></span> <span class='ocrx_word' id='word_1_379' title='bbox 1413 3396 1531 3444; x_wconf 91' lang='lat' dir='ltr'><strong><em>huic</em></strong></span> <span class='ocrx_word' id='word_1_380' title='bbox 1567 3408 1719 3454; x_wconf 89' lang='lat' dir='ltr'><strong><em>cause</em></strong></span> <span class='ocrx_word' id='word_1_381' title='bbox 1757 3409 1858 3444; x_wconf 91' lang='lat' dir='ltr'><strong><em>non</em></strong></span> <span class='ocrx_word' id='word_1_382' title='bbox 1906 3397 2123 3445; x_wconf 83' lang='lat' dir='ltr'><strong><em>valuisse</em></strong></span> <span class='ocrx_word' id='word_1_383' title='bbox 2160 3411 2271 3459; x_wconf 85' lang='lat' dir='ltr'><strong><em>ope-</em></strong></span> 
     </span>
     <span class='ocr_line' id='line_1_38' title="bbox 105 3480 2275 3543; baseline 0 -15.963"><span class='ocrx_word' id='word_1_384' title='bbox 105 3491 216 3528; x_wconf 87' lang='lat' dir='ltr'><strong><em>ram</em></strong></span> <span class='ocrx_word' id='word_1_385' title='bbox 254 3492 463 3538; x_wconf 91' lang='lat' dir='ltr'><strong><em>navare,</em></strong></span> <span class='ocrx_word' id='word_1_386' title='bbox 506 3480 744 3528; x_wconf 90' lang='lat' dir='ltr'><strong><em>daturum</em></strong></span> <span class='ocrx_word' id='word_1_387' title='bbox 782 3485 947 3530; x_wconf 88' lang='lat' dir='ltr'><strong><em>tamen</em></strong></span> <span class='ocrx_word' id='word_1_388' title='bbox 985 3483 1030 3530; x_wconf 88' lang='lat' dir='ltr'><strong><em>si</em></strong></span> <span class='ocrx_word' id='word_1_389' title='bbox 1063 3482 1155 3540; x_wconf 90' lang='lat' dir='ltr'><strong><em>hec</em></strong></span> <span class='ocrx_word' id='word_1_390' title='bbox 1192 3482 1285 3530; x_wconf 91' lang='lat' dir='ltr'><strong><em>tibi</em></strong></span> <span class='ocrx_word' id='word_1_391' title='bbox 1312 3481 1535 3541; x_wconf 83' lang='lat' dir='ltr'><strong><em>fuissent</em></strong></span> <span class='ocrx_word' id='word_1_392' title='bbox 1571 3481 1672 3529; x_wconf 86' lang='lat' dir='ltr'><strong><em>iam</em></strong></span> <span class='ocrx_word' id='word_1_393' title='bbox 1711 3481 1800 3530; x_wconf 93' lang='lat' dir='ltr'><strong><em>diu</em></strong></span> <span class='ocrx_word' id='word_1_394' title='bbox 1823 3483 2128 3543; x_wconf 76' lang='lat' dir='ltr'><strong><em>siqnificata.</em></strong></span> <span class='ocrx_word' id='word_1_395' title='bbox 2194 3483 2275 3529; x_wconf 84' lang='lat' dir='ltr'><strong><em>Ad</em></strong></span> 
     </span>
     <span class='ocr_line' id='line_1_39' title="bbox 24 3563 2272 3629; baseline -0 -16"><span class='ocrx_word' id='word_1_396' title='bbox 24 3567 29 3573; x_wconf 89' lang='lat'>&#39;</span> <span class='ocrx_word' id='word_1_397' title='bbox 102 3564 256 3626; x_wconf 85' lang='lat' dir='ltr'><strong><em>pedes</em></strong></span> <span class='ocrx_word' id='word_1_398' title='bbox 295 3565 455 3625; x_wconf 73' lang='lat' dir='ltr'><strong><em>iqitur</em></strong></span> <span class='ocrx_word' id='word_1_399' title='bbox 493 3563 795 3613; x_wconf 88' lang='lat' dir='ltr'><strong><em>Sanctitatis</em></strong></span> <span class='ocrx_word' id='word_1_400' title='bbox 843 3566 1018 3626; x_wconf 89' lang='lat' dir='ltr'><strong><em>Vestre</em></strong></span> <span class='ocrx_word' id='word_1_401' title='bbox 1047 3568 1305 3628; x_wconf 89' lang='lat' dir='ltr'><strong><em>prostrati</em></strong></span> <span class='ocrx_word' id='word_1_402' title='bbox 1338 3566 1613 3615; x_wconf 87' lang='lat' dir='ltr'><strong><em>humillime</em></strong></span> <span class='ocrx_word' id='word_1_403' title='bbox 1648 3568 1998 3629; x_wconf 86' lang='lat' dir='ltr'><strong><em>supplicamus</em></strong></span> <span class='ocrx_word' id='word_1_404' title='bbox 2037 3572 2090 3615; x_wconf 89' lang='lat' dir='ltr'><strong><em>ut</em></strong></span> <span class='ocrx_word' id='word_1_405' title='bbox 2113 3579 2272 3615; x_wconf 84' lang='lat' dir='ltr'><strong><em>causa</em></strong></span> 
     </span>
     <span class='ocr_line' id='line_1_40' title="bbox 102 3648 2273 3714; baseline -0 -17.036"><span class='ocrx_word' id='word_1_406' title='bbox 102 3648 225 3708; x_wconf 79' lang='lat' dir='ltr'><strong><em>fidei</em></strong></span> <span class='ocrx_word' id='word_1_407' title='bbox 245 3650 390 3711; x_wconf 90' lang='lat' dir='ltr'><strong><em>apud</em></strong></span> <span class='ocrx_word' id='word_1_408' title='bbox 412 3654 459 3697; x_wconf 91' lang='lat' dir='ltr'><strong><em>te</em></strong></span> <span class='ocrx_word' id='word_1_409' title='bbox 488 3650 615 3707; x_wconf 80' lang='lat' dir='ltr'><strong><em>fidei</em></strong></span> <span class='ocrx_word' id='word_1_410' title='bbox 639 3654 923 3711; x_wconf 86' lang='lat' dir='ltr'><strong><em>patronum</em></strong></span> <span class='ocrx_word' id='word_1_411' title='bbox 960 3653 1127 3714; x_wconf 89' lang='lat' dir='ltr'><strong><em>qualis</em></strong></span> <span class='ocrx_word' id='word_1_412' title='bbox 1162 3652 1260 3700; x_wconf 88' lang='lat' dir='ltr'><strong><em>sibi</em></strong></span> <span class='ocrx_word' id='word_1_413' title='bbox 1294 3652 1503 3701; x_wconf 90' lang='lat' dir='ltr'><strong><em>debetur</em></strong></span> <span class='ocrx_word' id='word_1_414' title='bbox 1539 3652 1705 3701; x_wconf 87' lang='lat' dir='ltr'><strong><em>locum</em></strong></span> <span class='ocrx_word' id='word_1_415' title='bbox 1732 3653 1969 3712; x_wconf 85' lang='lat' dir='ltr'><strong><em>inveniat,</em></strong></span> <span class='ocrx_word' id='word_1_416' title='bbox 2012 3657 2059 3699; x_wconf 86' lang='lat' dir='ltr'><strong><em>et</em></strong></span> <span class='ocrx_word' id='word_1_417' title='bbox 2082 3650 2273 3712; x_wconf 78' lang='lat' dir='ltr'><strong><em>siquid</em></strong></span> 
     </span>
    </p>
   </div>
   <div class='ocr_carea' id='block_1_3' title="bbox 110 3738 435 3746">
    <p class='ocr_par' dir='ltr' id='par_1_3' title="bbox 110 3738 435 3746">
     <span class='ocr_line' id='line_1_41' title="bbox 110 3738 435 3746; baseline 0 518"><span class='ocrx_word' id='word_1_418' title='bbox 110 3738 435 3746; x_wconf 95' lang='lat' dir='ltr'><strong><em> </em></strong></span> 
     </span>
    </p>
   </div>
   <div class='ocr_carea' id='block_1_4' title="bbox 21 3771 2270 3970">
    <p class='ocr_par' dir='ltr' id='par_1_4' title="bbox 21 3771 2270 3970">
     <span class='ocr_line' id='line_1_42' title="bbox 216 3771 2270 3832; baseline 0 -17"><span class='ocrx_word' id='word_1_419' title='bbox 216 3772 236 3800; x_wconf 81' lang='lat'><strong><em>&#39;¹</em></strong></span> <span class='ocrx_word' id='word_1_420' title='bbox 266 3771 384 3828; x_wconf 80' lang='lat' dir='ltr'><strong><em>cum]</em></strong></span> <span class='ocrx_word' id='word_1_421' title='bbox 416 3778 510 3815; x_wconf 85' lang='lat' dir='ltr'><strong><em>tum</em></strong></span> <span class='ocrx_word' id='word_1_422' title='bbox 542 3774 580 3818; x_wconf 87' lang='lat' dir='ltr'><strong><em>b.</em></strong></span> <span class='ocrx_word' id='word_1_423' title='bbox 662 3780 848 3830; x_wconf 80' lang='lat' dir='ltr'><strong><em>experte</em></strong></span> <span class='ocrx_word' id='word_1_424' title='bbox 871 3778 909 3821; x_wconf 83' lang='lat' dir='ltr'><strong><em>h.</em></strong></span> <span class='ocrx_word' id='word_1_425' title='bbox 987 3778 1004 3803; x_wconf 80' lang='lat'>⁰</span> <span class='ocrx_word' id='word_1_426' title='bbox 1036 3777 1259 3831; x_wconf 83' lang='lat' dir='ltr'><strong><em>reuchlyn</em></strong></span> <span class='ocrx_word' id='word_1_427' title='bbox 1281 3778 1317 3821; x_wconf 84' lang='lat' dir='ltr'><strong><em>b.</em></strong></span> <span class='ocrx_word' id='word_1_428' title='bbox 1400 3778 1490 3821; x_wconf 83' lang='lat' dir='ltr'><strong><em>esse</em></strong></span> <span class='ocrx_word' id='word_1_429' title='bbox 1523 3778 1753 3832; x_wconf 79' lang='lat' dir='ltr'><strong><em>suspectus</em></strong></span> <span class='ocrx_word' id='word_1_430' title='bbox 1786 3777 1876 3819; x_wconf 83' lang='lat' dir='ltr'><strong><em>esse</em></strong></span> <span class='ocrx_word' id='word_1_431' title='bbox 1897 3778 1935 3821; x_wconf 89' lang='lat' dir='ltr'><strong><em>b.</em></strong></span> <span class='ocrx_word' id='word_1_432' title='bbox 2018 3777 2051 3803; x_wconf 80' lang='lat'><strong><em>¹⁶</em></strong></span> <span class='ocrx_word' id='word_1_433' title='bbox 2083 3779 2211 3818; x_wconf 76' lang='lat' dir='ltr'><strong><em>ausos</em></strong></span> <span class='ocrx_word' id='word_1_434' title='bbox 2235 3775 2270 3817; x_wconf 88' lang='lat' dir='ltr'><strong><em>b.</em></strong></span> 
     </span>
     <span class='ocr_line' id='line_1_43' title="bbox 21 3841 2268 3904; baseline -0 -16"><span class='ocrx_word' id='word_1_435' title='bbox 21 3858 31 3881; x_wconf 72' lang='lat'><em>⁴</em></span> <span class='ocrx_word' id='word_1_436' title='bbox 105 3841 144 3872; x_wconf 77' lang='lat'><strong><em>¹⁶</em></strong></span> <span class='ocrx_word' id='word_1_437' title='bbox 170 3845 406 3899; x_wconf 64' lang='lat' dir='ltr'><strong><em>parisien?</em></strong></span> <span class='ocrx_word' id='word_1_438' title='bbox 425 3845 463 3888; x_wconf 78' lang='lat' dir='ltr'><strong><em>h.</em></strong></span> <span class='ocrx_word' id='word_1_439' title='bbox 528 3843 561 3871; x_wconf 80' lang='lat'><strong><em>¹⁹</em></strong></span> <span class='ocrx_word' id='word_1_440' title='bbox 591 3847 895 3891; x_wconf 75' lang='lat' dir='ltr'><strong><em>iucunditatis</em></strong></span> <span class='ocrx_word' id='word_1_441' title='bbox 916 3849 953 3892; x_wconf 82' lang='lat' dir='ltr'><strong><em>h.</em></strong></span> <span class='ocrx_word' id='word_1_442' title='bbox 1014 3847 1052 3875; x_wconf 87' lang='lat'><strong><em>²⁷</em></strong></span> <span class='ocrx_word' id='word_1_443' title='bbox 1072 3850 1252 3904; x_wconf 83' lang='lat' dir='ltr'><strong><em>viperia</em></strong></span> <span class='ocrx_word' id='word_1_444' title='bbox 1274 3850 1310 3894; x_wconf 86' lang='lat' dir='ltr'><strong><em>b.</em></strong></span> <span class='ocrx_word' id='word_1_445' title='bbox 1392 3848 1428 3875; x_wconf 65' lang='lat'><strong><em>³⁹</em></strong></span> <span class='ocrx_word' id='word_1_446' title='bbox 1460 3850 1750 3891; x_wconf 82' lang='lat' dir='ltr'><strong><em>flocifaciunt</em></strong></span> <span class='ocrx_word' id='word_1_447' title='bbox 1770 3849 1805 3892; x_wconf 90' lang='lat' dir='ltr'><strong><em>b.</em></strong></span> <span class='ocrx_word' id='word_1_448' title='bbox 1867 3846 1903 3874; x_wconf 75' lang='lat'><strong><em>⁸⁴</em></strong></span> <span class='ocrx_word' id='word_1_449' title='bbox 1935 3851 2210 3888; x_wconf 73' lang='lat' dir='ltr'><strong><em>occurretur.</em></strong></span> <span class='ocrx_word' id='word_1_450' title='bbox 2233 3847 2268 3887; x_wconf 88' lang='lat' dir='ltr'><strong><em>b.</em></strong></span> 
     </span>
     <span class='ocr_line' id='line_1_44' title="bbox 106 3910 1176 3970; baseline 0.008 -14"><span class='ocrx_word' id='word_1_451' title='bbox 106 3910 144 3941; x_wconf 77' lang='lat'><strong><em>⁸⁸</em></strong></span> <span class='ocrx_word' id='word_1_452' title='bbox 170 3915 398 3957; x_wconf 77' lang='lat' dir='ltr'><strong><em>irretitum</em></strong></span> <span class='ocrx_word' id='word_1_453' title='bbox 429 3923 472 3958; x_wconf 87' lang='lat' dir='ltr'><strong><em>et</em></strong></span> <span class='ocrx_word' id='word_1_454' title='bbox 497 3922 652 3970; x_wconf 76' lang='lat' dir='ltr'><strong><em>postca</em></strong></span> <span class='ocrx_word' id='word_1_455' title='bbox 682 3918 891 3960; x_wconf 77' lang='lat' dir='ltr'><strong><em>daturum</em></strong></span> <span class='ocrx_word' id='word_1_456' title='bbox 922 3922 984 3962; x_wconf 81' lang='lat' dir='ltr'><strong><em>sic</em></strong></span> <span class='ocrx_word' id='word_1_457' title='bbox 1014 3923 1053 3965; x_wconf 89' lang='lat'><strong><em>1.</em></strong></span> <span class='ocrx_word' id='word_1_458' title='bbox 1077 3928 1120 3963; x_wconf 90' lang='lat' dir='ltr'><strong><em>et</em></strong></span> <span class='ocrx_word' id='word_1_459' title='bbox 1139 3921 1176 3965; x_wconf 82' lang='lat' dir='ltr'><strong><em>b.</em></strong></span> 
     </span>
    </p>
   </div>
  </div>
 </body>
</html>
