2456 4264
263 234 381 292 126
554 257 650 286 ῙΟΔ.
672 256 985 285 PEPERICORM
1008 255 1236 284 DEFENSIO
1260 252 1442 282 CONTRA
1462 251 1670 281 FAuosAs
1692 253 1736 280 Ο.
1760 254 1804 282 V.
1826 251 2096 280 EPISTOLAS.

257 399 562 435 aranearum
611 387 717 434 telis
755 369 1051 444 fraqiliores
1085 383 1364 442 adduxisti,
1413 383 1727 430 auctoritates
1772 393 1962 441 quoque
2007 381 2233 428 diversas
2267 381 2400 428 scri--

250 476 400 532 pture
445 484 588 527 sacre
635 473 685 516 et
726 480 983 516 sacrorum
1028 468 1281 515 doctorum
1316 467 1578 514 renitentes
1616 465 1687 512 ad
1717 478 1911 512 sensum
1938 477 2083 525 ‚quem
2121 468 2171 512 tu
2207 464 2400 512 volebas

255 554 540 611 contorsisti‚
578 552 854 598 Nonnullas
888 552 1035 597 etiam
1063 552 1425 610 propositiones
1460 551 1588 597 male
1623 553 1853 596 sonantes
1885 555 1931 596 et
1954 550 2160 609 piarum
2195 548 2400 595 christi-

249 639 472 695 fidelium
509 636 706 683 aurium
743 633 1006 692 offensivas
1037 633 1153 680 hinc
1187 633 1303 679 inde
1337 633 1674 691 interseruisti‚
1712 645 1809 692 quo
1843 635 2117 695 suspectum
2153 637 2198 679 te
2230 632 2401 679 reddis

257 722 399 782 quasi
430 733 527 767 non
562 723 717 777 caste,
746 731 880 779 pure
912 723 960 765 et
988 717 1247 764 sinceriter
1282 723 1336 764 ut
1369 721 1559 776 oportet
1586 717 1648 764 de
1678 716 1795 775 fide,
1835 704 1899 763 de
1932 716 2194 776 scripturis
2220 716 2393 773 sacris,
2412 730 2433 761 5

255 804 317 851 de
352 803 698 851 ecclesiasticis
732 800 1082 849 tractatoribus
1117 800 1316 847 sentias.
1395 799 1537 856 Quod
1568 811 1656 847 nos
1692 799 2000 847 vehementer
2033 803 2081 846 et
2105 800 2222 859 plus
2253 812 2400 858 quam

255 888 357 935 dici
382 891 539 948 potest
572 886 789 934 dolemus
825 890 996 945 utputa
1031 883 1337 931 conmembro
1374 876 1539 930 nostro
1574 884 1826 942 infirmato
1856 895 1955 943 pro
1981 882 2266 930 Christiana
2283 877 2401 944 pie-—

255 976 352 1019 tate
380 971 688 1019 condolentes
724 969 850 1017 Nam
882 973 998 1016 teste
1028 969 1244 1028 apostolo
1280 980 1445 1014 omnes
1481 981 1633 1016 unum
1668 980 1851 1028 corpus
1883 980 2050 1014 sumus
2086 971 2317 1027 quotquot
2349 969 2404 1014 in

259 1055 449 1102 Christo
485 1054 729 1115 baptizati
758 1066 939 1100 sumus.
988 1052 1061 1098 Ne
1089 1065 1209 1111 erqo
1234 1053 1418 1099 malum
1443 1051 1535 1099 lioc
1564 1053 1714 1099 latius
1747 1053 1799 1099 in
1831 1052 1957 1099 alios
1985 1055 2207 1112 serperet
2235 1050 2402 1110 Neque

256 1140 306 1186 in
343 1150 414 1186 eo-
434 1143 484 1185 tu
518 1131 952 1199 computresceres‚
985 1149 1077 1183 nec
1096 1135 1290 1196 persidi
1309 1134 1459 1194 Iudei
1487 1138 1539 1183 in
1571 1136 1856 1184 immensum
1880 1136 2249 1194 qloriarentur:
2279 1133 2399 1182 Ma—
2420 1147 2456 1181 ιο

254 1228 363 1270 ture
400 1222 773 1271 deliberavimus
810 1221 871 1268 de
898 1220 1041 1268 modo
1076 1232 1170 1280 quo
1200 1233 1295 1280 per
1329 1232 1416 1267 nos
1449 1225 1497 1268 et
1541 1222 1665 1268 alios
1708 1232 1916 1280 quorum
1960 1219 2018 1267 id
2060 1219 2277 1267 maxime
2319 1220 2402 1266 in-

256 1313 401 1354 terest
434 1306 550 1354 huic
578 1307 708 1353 malo
742 1307 1106 1353 occurreretur.
1147 1316 1315 1351 verum
1345 1317 1478 1352 nunc
1510 1306 1689 1365 paucis
1709 1305 1902 1352 exactis
1927 1302 2100 1352 diebus
2131 1303 2407 1351 venerandi

147 1391 514 1454 (wwmaqistri
546 1391 702 1437 nostri
721 1386 744 1454 Η
771 1388 1021 1436 Arnoldus
1045 1388 1107 1436 de
1137 1386 1356 1448 Tunqeri
1388 1393 1437 1436 et
1462 1388 1722 1437 Conradus
1744 1389 1894 1436 Kolin
1931 1387 2217 1446 confratres
2251 1388 2409 1435 nostri

256 1475 391 1522 nobis
426 1474 668 1534 quasdam
704 1475 893 1521 litteras
928 1486 994 1519 ex
1014 1477 1073 1520 vte
1109 1473 1181 1519 ad
1212 1486 1264 1520 se
1299 1472 1447 1519 datas
1491 1473 1811 1520 ostenderunt
1851 1478 1898 1520 et
1936 1474 2184 1532 leqerunt‚
2232 1471 2405 1531 quibus

254 1571 431 1606 revera
468 1571 564 1605 non
594 1570 778 1619 parum
809 1556 1002 1615 fuimus
1035 1557 1322 1615 exhilerati‚
1371 1557 1506 1616 quod
1539 1558 1639 1604 illis
1685 1557 2017 1615 infirmitatem
2051 1562 2184 1604 tuam
2220 1561 2269 1603 et
2303 1556 2401 1604 im—
2422 1570 2456 1604 ιε

246 1643 512 1704 providum
548 1654 768 1690 errorem
805 1641 1053 1689 humiliter
1094 1654 1157 1688 ac
1188 1640 1427 1688 catholice
1457 1639 1707 1699 fatebaris
1720 1677 1734 1703 ‚
1783 1640 2012 1701 roqando
2043 1641 2237 1689 eosdem
2271 1653 2404 1701 qua-

255 1731 394 1774 tenus
441 1731 485 1774 te
528 1730 690 1774 nostro
733 1726 937 1784 colleqio
981 1725 1385 1773 commendarent
1428 1737 1491 1772 ac
1524 1725 1724 1784 sinqula
1758 1726 1809 1773 in
1838 1730 2035 1786 partem
2070 1726 2427 1786 beniqniorem⁷

253 1824 422 1858 coram
459 1810 595 1858 nobis
626 1811 1092 1870 interpretarentur.
1169 1809 1311 1866 Quod
1348 1814 1398 1857 et
1441 1810 1539 1870 ipsi
1567 1809 1831 1870 diligenter
1864 1822 1976 1857 cum
2010 1822 2195 1871 maqna
2226 1810 2404 1859 chari-

253 1887 352 1942 tate
387 1893 818 1954 (quemadmodum
843 1894 1034 1954 petisti)
1066 1892 1247 1952 facere
1283 1900 1600 1941 curaverunt.
1675 1892 1966 1952 Effecerunt
1992 1906 2182 1956 quoque
2217 1895 2294 1943 his
2318 1896 2406 1943 lit-

254 1981 392 2036 teris,
441 1983 494 2026 ut
537 1983 581 2025 te
621 1977 914 2025 catholicum
961 1979 1164 2036 ecclesie
1210 1991 1379 2026 verum
1429 1983 1477 2025 et
1504 1977 1804 2026 obedientem
1838 1979 1999 2037 filium
2035 1984 2323 2041 reputamus
2357 1984 2405 2027 et
2418 1993 2456 2028 το

252 2062 611 2124 reputabimus,
650 2063 697 2109 si
729 2062 863 2122 quod
897 2064 1042 2122 vulqo
1077 2064 1206 2110 male
1240 2064 1493 2122 sparsisti,
1531 2064 1822 2123 recolliqere
1854 2064 2084 2124 studeas,
2129 2069 2177 2112 et
2210 2063 2406 2125 lapides

252 2149 442 2207 tollere,
491 2159 587 2207 quo
631 2147 724 2194 alii
761 2148 812 2194 in
847 2149 928 2194 via
970 2147 1054 2194 dei
1089 2151 1204 2194 sunt
1237 2145 1438 2210 offensi,
1482 2148 1609 2195 sicut
1652 2149 1704 2195 in
1739 2146 1994 2197 Hieremia
2035 2149 2274 2210 scriptum
2318 2151 2433 2209 est,

252 2233 399 2279 tollite
427 2231 488 2278 de
525 2232 605 2278 via
640 2231 850 2292 lapides.
891 2244 1059 2279 verum
1090 2231 1286 2291 quia‘te
1315 2233 1561 2293 scripsisti
1586 2245 1684 2280 non
1708 2234 1980 2283 meminisse
2004 2233 2090 2282 ubi
2108 2245 2226 2281 nam
2249 2246 2404 2282 scan-

253 2316 362 2363 dali
393 2316 693 2363 occasionem
721 2316 1021 2375 prestitisses
1060 2321 1148 2363 aut
1185 2316 1463 2376 scripturas
1494 2318 1805 2378 exposuisses
1840 2320 1986 2367 aliter
2007 2331 2156 2379 quam
2175 2319 2404 2381 patiatur

195 2453 202 2459 ‚
251 2401 519 2447 intellectus
552 2401 774 2458 ecclesie,
812 2399 1012 2448 Idcirco
1043 2400 1120 2448 liis
1153 2402 1332 2448 nostris
1364 2402 1537 2449 litteris
1568 2402 1780 2450 indicem
1815 2403 2120 2464 implicatum
2153 2404 2396 2460 mittimus,
2410 2403 2456 2453 '2⁵

251 2486 303 2531 in
340 2496 433 2543 quo
470 2488 700 2542 annotate
737 2489 850 2531 sunt
876 2486 1236 2546 propositiones
1271 2491 1319 2533 et
1353 2487 1675 2546 alleqationes
1714 2490 1931 2548 sparsim
1963 2502 2060 2549 per
2095 2492 2140 2536 te
2174 2502 2240 2535 ex
2268 2487 2402 2536 scri-

248 2573 402 2629 ptura
436 2580 588 2615 sacra
622 2573 670 2616 et
697 2582 763 2615 ex
804 2575 1011 2629 utroque
1045 2570 1190 2617 etiam
1236 2571 1346 2618 iure
1384 2571 1756 2632 impertinenter
1805 2574 1981 2632 allate,
2026 2586 2180 2634 super
2229 2571 2403 2632 quibus

260 2653 339 2711 (ut
372 2652 508 2699 nobis
537 2653 690 2700 visum
719 2657 812 2714 est)
859 2655 909 2701 in
942 2655 1245 2715 apoloqetico
1282 2659 1386 2711 tuo,
1434 2655 1570 2717 quod
1600 2657 1754 2704 latine
1787 2658 2026 2718 scriptum
2057 2658 2404 2706 consultationi

171 2726 175 2731 ’
252 2741 330 2795 tue
362 2737 590 2795 iunxisti,
639 2750 736 2785 non
767 2739 886 2786 satis
912 2750 1009 2799 pro
1038 2739 1164 2797 fidei
1196 2743 1275 2798 tue
1311 2742 1609 2801 synceritate
1653 2745 1699 2789 te
1742 2743 2054 2803 expurqasti.
2127 2741 2294 2803 Super
2324 2741 2401 2790 his

250 2834 369 2882 erqo
387 2822 601 2882 petimus
635 2826 690 2869 ut
712 2836 810 2883 per
846 2828 931 2870 tua
969 2824 1158 2884 scripta
1190 2836 1278 2871 nos
1313 2825 1464 2872 latius
1497 2829 1703 2874 mentem
1745 2831 1880 2875 tuam
1919 2826 2192 2875 develando
2228 2825 2397 2885 infor-
2412 2842 2456 2895 ως

250 2919 351 2954 mes
385 2911 473 2954 aut
507 2908 733 2967 exemplo
769 2907 966 2956 humilis
1002 2912 1050 2955 et
1095 2909 1333 2970 sapientis
1363 2909 1629 2969 Auqustini
1655 2911 1974 2971 palinodiam
2021 2911 2272 2960 cantando
2314 2925 2422 2974 re·v
2455 2903 2456 2922 ³

252 2995 448 3039 tractes.
500 2990 590 3049 hec
623 2992 751 3039 enim
786 2996 859 3039 est
891 2994 1108 3052 inqenua
1150 2998 1198 3041 et
1243 3007 1356 3042 vere
1399 2994 1676 3043 christiana
1722 3008 1834 3044 cum
1869 2996 2115 3045 charitate
2149 2998 2397 3054 severitas,

250 3077 502 3134 corriqere
539 3080 684 3135 atque
721 3063 987 3125 emendare
1022 3090 1145 3138 opus
1180 3079 1314 3138 quod
1347 3079 1623 3141 improvida
1647 3084 1695 3128 et
1716 3082 1847 3129 male
1870 3082 2229 3143 circumspecta
2248 3080 2400 3140 sesti-

254 3161 428 3206 nantia
461 3161 665 3215 struxit,
707 3165 948 3221 quatenus
993 3163 1320 3222 inteqritatem
1370 3165 1422 3211 in
1459 3168 1504 3212 te
1535 3177 1678 3212 suam
1715 3166 1842 3224 fides
1877 3154 2266 3215 incontaminata
2303 3180 2397 3214 cu—

253 3242 447 3290 stodiat.
501 3243 635 3292 Vale.
674 3244 816 3292 Anno
847 3245 1099 3293 .M.D.X11.
1134 3248 1355 3296 secunda
1390 3247 1640 3298 Ianuarii.
2411 3267 2431 3300 a

365 3475 384 3504 ²
413 3478 651 3533 scripturae
682 3493 852 3535 sacrae,
883 3480 921 3524 ἃ
949 3484 1144 3539 utriusq3
1174 3485 1286 3527 iuris
1316 3485 1451 3530 renit.
1481 3489 1523 3530 2.
1611 3484 1629 3512 ³
1659 3488 1913 3541 positiones
1944 3491 1986 3531 2.
2078 3487 2111 3515 ¹¹
2143 3492 2215 3531 mo
2244 3483 2324 3542 pti
2357 3487 2394 3530 1.

254 3549 384 3590 modo
416 3562 502 3603 quo
531 3563 613 3603 per
641 3553 687 3593 2.
772 3550 807 3578 ¹³
837 3554 1043 3607 Tungari
1070 3568 1251 3596 necnon
1279 3556 1445 3596 Frater
1476 3555 1711 3598 Conradus
1742 3558 1797 3600 de
1828 3559 1983 3612 Vlma‚
2024 3571 2257 3600 sacrarum
2294 3559 2398 3600 lite-

254 3632 406 3660 rarum
454 3621 739 3673 professores
789 3623 943 3662 eximii
990 3625 1124 3665 nobis
1155 3628 1196 3666 2.
1323 3624 1358 3650 ¹⁵
1400 3626 1647 3668 exhilarati
1676 3631 1718 3669 2.
1836 3627 1872 3654 ¹⁹
1909 3629 2226 3683 Effeceruntq3
2274 3633 2324 3670 ut
2350 3631 2392 3673 2.

252 3687 287 3715 ²¹
319 3689 458 3743 male]
490 3691 676 3732 incaute
706 3694 750 3732 2.
857 3690 894 3717 ²²
925 3691 1027 3746 quo]
1061 3694 1223 3746 quibus
1245 3697 1300 3737 2.·
1390 3695 1426 3721 ²³
1458 3696 1699 3749 speciatim
1728 3704 1827 3739 ante
1858 3699 2069 3740 scandali
2089 3702 2134 3741 2.
2228 3697 2265 3724 ²5
2294 3698 2395 3739 lite-

253 3760 316 3800 ris
346 3759 418 3801 his
448 3761 611 3802 nostris
641 3761 820 3802 illorum
842 3762 935 3804 ind.
957 3765 999 3804 2.
1079 3761 1114 3788 ²⁹
1145 3776 1237 3805 non
1270 3777 1400 3805 smus
1423 3768 1465 3808 2.
1552 3764 1590 3791 ³⁰
1620 3796 1631 3808 .
1654 3767 1808 3817 Quare
1838 3770 2036 3822 petimus
2056 3773 2100 3812 2.
2174 3768 2211 3795 ³³
2244 3781 2393 3810 emen-

253 3830 363 3872 dare
396 3834 476 3871 aut
496 3832 636 3872 etiam
657 3831 891 3874 destruere
913 3846 984 3886 op.
1007 3835 1048 3874 2.
1126 3832 1162 3859 ³⁴
1193 3835 1371 3875 struxit.
1401 3835 1516 3876 Nam
1546 3836 1614 3877 sic
1647 3836 1716 3888 (ut
1746 3838 1896 3879 verbis
1926 3840 2016 3880 tuis
2046 3838 2247 3894 utamur)
2278 3840 2393 3881 inte·
2441 3839 2456 3879 .’.“.
