<?xml version="1.0" encoding="UTF-8"?>
<!DOCTYPE html PUBLIC "-//W3C//DTD XHTML 1.0 Transitional//EN"
    "http://www.w3.org/TR/xhtml1/DTD/xhtml1-transitional.dtd">
<html xmlns="http://www.w3.org/1999/xhtml" xml:lang="en" lang="en">
 <head>
  <title>
</title>
<meta http-equiv="Content-Type" content="text/html;charset=utf-8" />
  <meta name='ocr-system' content='tesseract 3.04.00' />
  <meta name='ocr-capabilities' content='ocr_page ocr_carea ocr_par ocr_line ocrx_word'/>
</head>
<body>
  <div class='ocr_page' id='page_1' title='image "./supoperaquaerepe01huttuoft_0096.png"; bbox 0 0 2456 4264; ppageno 0'>
   <div class='ocr_carea' id='block_1_1' title="bbox 248 199 1715 256">
    <p class='ocr_par' dir='ltr' id='par_1_1' title="bbox 248 199 1715 256">
     <span class='ocr_line' id='line_1_1' title="bbox 248 199 1715 256; baseline -0.005 -7"><span class='ocrx_word' id='word_1_1' title='bbox 248 199 326 256; x_wconf 78' lang='grc'>56</span> <span class='ocrx_word' id='word_1_2' title='bbox 901 216 1140 246; x_wconf 74' lang='lat' dir='ltr'>EPISTOLAE</span> <span class='ocrx_word' id='word_1_3' title='bbox 1164 214 1470 244; x_wconf 70' lang='lat' dir='ltr'>ossscvnonvu</span> <span class='ocrx_word' id='word_1_4' title='bbox 1488 214 1715 244; x_wconf 73' lang='lat' dir='ltr'>vmonvu.</span> 
     </span>
    </p>
   </div>
   <div class='ocr_carea' id='block_1_2' title="bbox 245 339 2450 1422">
    <p class='ocr_par' dir='ltr' id='par_1_2' title="bbox 245 339 2450 1422">
     <span class='ocr_line' id='line_1_2' title="bbox 248 339 2391 412; baseline -0.002 -12"><span class='ocrx_word' id='word_1_5' title='bbox 248 352 378 400; x_wconf 86' lang='lat' dir='ltr'>dere.</span> <span class='ocrx_word' id='word_1_6' title='bbox 454 350 512 398; x_wconf 85' lang='lat' dir='ltr'>Et</span> <span class='ocrx_word' id='word_1_7' title='bbox 551 363 641 411; x_wconf 81' lang='lat' dir='ltr'>ego</span> <span class='ocrx_word' id='word_1_8' title='bbox 681 365 795 412; x_wconf 72' lang='lat' dir='ltr'>sepe</span> <span class='ocrx_word' id='word_1_9' title='bbox 834 346 993 396; x_wconf 89' lang='lat' dir='ltr'>audivi</span> <span class='ocrx_word' id='word_1_10' title='bbox 1031 344 1090 394; x_wconf 88' lang='lat' dir='ltr'>ab</span> <span class='ocrx_word' id='word_1_11' title='bbox 1128 361 1199 400; x_wconf 88' lang='lat' dir='ltr'>ea,</span> <span class='ocrx_word' id='word_1_12' title='bbox 1241 344 1370 408; x_wconf 88' lang='lat' dir='ltr'>quod</span> <span class='ocrx_word' id='word_1_13' title='bbox 1397 343 1577 393; x_wconf 85' lang='lat' dir='ltr'>audivit</span> <span class='ocrx_word' id='word_1_14' title='bbox 1603 339 1887 407; x_wconf 85' lang='lat' dir='ltr'>frequenter</span> <span class='ocrx_word' id='word_1_15' title='bbox 1914 360 1941 393; x_wconf 90' lang='lat' dir='ltr'>a</span> <span class='ocrx_word' id='word_1_16' title='bbox 1966 360 2052 393; x_wconf 89' lang='lat' dir='ltr'>sua</span> <span class='ocrx_word' id='word_1_17' title='bbox 2079 349 2234 394; x_wconf 83' lang='lat' dir='ltr'>matre</span> <span class='ocrx_word' id='word_1_18' title='bbox 2261 348 2391 411; x_wconf 88' lang='lat' dir='ltr'>quod</span> 
     </span>
     <span class='ocr_line' id='line_1_3' title="bbox 249 427 2388 498; baseline -0.002 -15"><span class='ocrx_word' id='word_1_19' title='bbox 249 437 337 483; x_wconf 76' lang='lat' dir='ltr'>viri</span> <span class='ocrx_word' id='word_1_20' title='bbox 385 434 645 498; x_wconf 73' lang='lat' dir='ltr'>preputiati</span> <span class='ocrx_word' id='word_1_21' title='bbox 684 433 863 480; x_wconf 80' lang='lat' dir='ltr'>faciunt</span> <span class='ocrx_word' id='word_1_22' title='bbox 901 431 1095 479; x_wconf 84' lang='lat' dir='ltr'>feminis</span> <span class='ocrx_word' id='word_1_23' title='bbox 1133 430 1369 477; x_wconf 86' lang='lat' dir='ltr'>maiorem</span> <span class='ocrx_word' id='word_1_24' title='bbox 1409 427 1728 491; x_wconf 86' lang='lat' dir='ltr'>voluptatem,</span> <span class='ocrx_word' id='word_1_25' title='bbox 1781 443 1926 490; x_wconf 78' lang='lat' dir='ltr'>quain</span> <span class='ocrx_word' id='word_1_26' title='bbox 1966 444 2063 476; x_wconf 90' lang='lat' dir='ltr'>non</span> <span class='ocrx_word' id='word_1_27' title='bbox 2101 431 2388 493; x_wconf 81' lang='lat' dir='ltr'>preputiati:</span> 
     </span>
     <span class='ocr_line' id='line_1_4' title="bbox 249 512 2388 578; baseline -0.002 -11"><span class='ocrx_word' id='word_1_28' title='bbox 249 534 353 568; x_wconf 81' lang='lat' dir='ltr'>eam</span> <span class='ocrx_word' id='word_1_29' title='bbox 394 518 455 565; x_wconf 83' lang='lat' dir='ltr'>oh</span> <span class='ocrx_word' id='word_1_30' title='bbox 496 532 689 565; x_wconf 79' lang='lat' dir='ltr'>causam</span> <span class='ocrx_word' id='word_1_31' title='bbox 729 515 856 571; x_wconf 88' lang='lat' dir='ltr'>dicit,</span> <span class='ocrx_word' id='word_1_32' title='bbox 897 514 1090 577; x_wconf 88' lang='lat' dir='ltr'>quando</span> <span class='ocrx_word' id='word_1_33' title='bbox 1130 529 1246 562; x_wconf 87' lang='lat' dir='ltr'>suus</span> <span class='ocrx_word' id='word_1_34' title='bbox 1284 514 1487 562; x_wconf 87' lang='lat' dir='ltr'>maritus</span> <span class='ocrx_word' id='word_1_35' title='bbox 1525 514 1746 568; x_wconf 88' lang='lat' dir='ltr'>moritur,</span> <span class='ocrx_word' id='word_1_36' title='bbox 1788 518 1836 561; x_wconf 93' lang='lat' dir='ltr'>et</span> <span class='ocrx_word' id='word_1_37' title='bbox 1869 514 1972 577; x_wconf 87' lang='lat' dir='ltr'>ipsa</span> <span class='ocrx_word' id='word_1_38' title='bbox 2000 512 2144 561; x_wconf 89' lang='lat' dir='ltr'>alium</span> <span class='ocrx_word' id='word_1_39' title='bbox 2173 515 2388 578; x_wconf 84' lang='lat' dir='ltr'>accipiet,</span> 
     </span>
     <span class='ocr_line' id='line_1_5' title="bbox 249 595 2392 659; baseline -0.001 -9"><span class='ocrx_word' id='word_1_40' title='bbox 249 602 327 650; x_wconf 85' lang='lat' dir='ltr'>ille</span> <span class='ocrx_word' id='word_1_41' title='bbox 377 601 520 650; x_wconf 84' lang='lat' dir='ltr'>dehet</span> <span class='ocrx_word' id='word_1_42' title='bbox 569 601 714 647; x_wconf 87' lang='lat' dir='ltr'>etiam</span> <span class='ocrx_word' id='word_1_43' title='bbox 755 597 937 646; x_wconf 90' lang='lat' dir='ltr'>nullam</span> <span class='ocrx_word' id='word_1_44' title='bbox 977 602 1136 646; x_wconf 88' lang='lat' dir='ltr'>cutem</span> <span class='ocrx_word' id='word_1_45' title='bbox 1175 595 1359 646; x_wconf 86' lang='lat' dir='ltr'>habere</span> <span class='ocrx_word' id='word_1_46' title='bbox 1398 598 1446 645; x_wconf 90' lang='lat' dir='ltr'>in</span> <span class='ocrx_word' id='word_1_47' title='bbox 1484 596 1733 646; x_wconf 89' lang='lat' dir='ltr'>membro:</span> <span class='ocrx_word' id='word_1_48' title='bbox 1785 610 1902 659; x_wconf 87' lang='lat' dir='ltr'>ergo</span> <span class='ocrx_word' id='word_1_49' title='bbox 1941 611 2038 644; x_wconf 90' lang='lat' dir='ltr'>non</span> <span class='ocrx_word' id='word_1_50' title='bbox 2079 602 2151 645; x_wconf 90' lang='lat' dir='ltr'>est</span> <span class='ocrx_word' id='word_1_51' title='bbox 2189 598 2392 647; x_wconf 87' lang='lat' dir='ltr'>creden-</span> 
     </span>
     <span class='ocr_line' id='line_1_6' title="bbox 248 680 2433 748; baseline -0 -15"><span class='ocrx_word' id='word_1_52' title='bbox 248 686 354 734; x_wconf 80' lang='lat' dir='ltr'>‹lem</span> <span class='ocrx_word' id='word_1_53' title='bbox 396 684 523 748; x_wconf 86' lang='lat' dir='ltr'>quod</span> <span class='ocrx_word' id='word_1_54' title='bbox 565 688 693 731; x_wconf 88' lang='lat' dir='ltr'>amat</span> <span class='ocrx_word' id='word_1_55' title='bbox 731 681 1149 744; x_wconf 74' lang='lat' dir='ltr'>hui-gimagistros,</span> <span class='ocrx_word' id='word_1_56' title='bbox 1190 681 1299 743; x_wconf 89' lang='lat' dir='ltr'>quia</span> <span class='ocrx_word' id='word_1_57' title='bbox 1338 681 1705 744; x_wconf 84' lang='lat' dir='ltr'>burgimagistri</span> <span class='ocrx_word' id='word_1_58' title='bbox 1741 695 1839 729; x_wconf 92' lang='lat' dir='ltr'>non</span> <span class='ocrx_word' id='word_1_59' title='bbox 1880 680 2079 730; x_wconf 82' lang='lat' dir='ltr'>suerunt.</span> <span class='ocrx_word' id='word_1_60' title='bbox 2116 681 2262 745; x_wconf 80' lang='lat' dir='ltr'>ludei‚</span> <span class='ocrx_word' id='word_1_61' title='bbox 2304 680 2433 732; x_wconf 63' lang='lat' dir='ltr'>neos</span> 
     </span>
     <span class='ocr_line' id='line_1_7' title="bbox 246 764 2394 830; baseline -0.001 -13"><span class='ocrx_word' id='word_1_62' title='bbox 246 775 357 818; x_wconf 87' lang='lat' dir='ltr'>sunt</span> <span class='ocrx_word' id='word_1_63' title='bbox 414 768 689 816; x_wconf 76' lang='lat' dir='ltr'>circumcisi</span> <span class='ocrx_word' id='word_1_64' title='bbox 743 767 867 814; x_wconf 87' lang='lat' dir='ltr'>sicut</span> <span class='ocrx_word' id='word_1_65' title='bbox 914 765 1137 814; x_wconf 89' lang='lat' dir='ltr'>dominus</span> <span class='ocrx_word' id='word_1_66' title='bbox 1184 764 1391 814; x_wconf 88' lang='lat' dir='ltr'>Ioannes</span> <span class='ocrx_word' id='word_1_67' title='bbox 1437 764 1767 813; x_wconf 81' lang='lat' dir='ltr'>Pfefferkorn:</span> <span class='ocrx_word' id='word_1_68' title='bbox 1825 771 2087 829; x_wconf 85' lang='lat' dir='ltr'>propterea</span> <span class='ocrx_word' id='word_1_69' title='bbox 2135 765 2394 830; x_wconf 80' lang='lat' dir='ltr'>relinquite</span> 
     </span>
     <span class='ocr_line' id='line_1_8' title="bbox 245 849 2426 916; baseline -0.001 -15"><span class='ocrx_word' id='word_1_70' title='bbox 245 855 404 916; x_wconf 84' lang='lat' dir='ltr'>ipsum</span> <span class='ocrx_word' id='word_1_71' title='bbox 452 852 500 899; x_wconf 86' lang='lat' dir='ltr'>in</span> <span class='ocrx_word' id='word_1_72' title='bbox 548 866 694 914; x_wconf 87' lang='lat' dir='ltr'>pace:</span> <span class='ocrx_word' id='word_1_73' title='bbox 744 849 860 899; x_wconf 89' lang='lat' dir='ltr'>alias</span> <span class='ocrx_word' id='word_1_74' title='bbox 907 849 1088 898; x_wconf 79' lang='lat' dir='ltr'>scribet</span> <span class='ocrx_word' id='word_1_75' title='bbox 1137 854 1306 897; x_wconf 85' lang='lat' dir='ltr'>contra</span> <span class='ocrx_word' id='word_1_76' title='bbox 1343 864 1428 897; x_wconf 91' lang='lat' dir='ltr'>vos</span> <span class='ocrx_word' id='word_1_77' title='bbox 1465 864 1618 898; x_wconf 89' lang='lat' dir='ltr'>unum</span> <span class='ocrx_word' id='word_1_78' title='bbox 1655 854 1915 898; x_wconf 84' lang='lat' dir='ltr'>tractatum</span> <span class='ocrx_word' id='word_1_79' title='bbox 1954 864 2099 913; x_wconf 89' lang='lat' dir='ltr'>quem</span> <span class='ocrx_word' id='word_1_80' title='bbox 2138 850 2426 900; x_wconf 67' lang='lat' dir='ltr'>intitulabit&#39;</span> 
     </span>
     <span class='ocr_line' id='line_1_9' title="bbox 249 932 2393 998; baseline -0.001 -12"><span class='ocrx_word' id='word_1_81' title='bbox 249 937 344 986; x_wconf 89' lang='lat' dir='ltr'>‘die</span> <span class='ocrx_word' id='word_1_82' title='bbox 392 933 720 998; x_wconf 80' lang='lat' dir='ltr'>sturmglock&#39;,</span> <span class='ocrx_word' id='word_1_83' title='bbox 772 940 824 983; x_wconf 89' lang='lat' dir='ltr'>ut</span> <span class='ocrx_word' id='word_1_84' title='bbox 869 936 985 983; x_wconf 82' lang='lat' dir='ltr'>fecit</span> <span class='ocrx_word' id='word_1_85' title='bbox 1031 939 1199 982; x_wconf 88' lang='lat' dir='ltr'>contra</span> <span class='ocrx_word' id='word_1_86' title='bbox 1249 932 1503 991; x_wconf 87' lang='lat' dir='ltr'>Reuchlin.</span> <span class='ocrx_word' id='word_1_87' title='bbox 1592 933 1687 981; x_wconf 90' lang='lat' dir='ltr'>Vos</span> <span class='ocrx_word' id='word_1_88' title='bbox 1743 932 1931 982; x_wconf 88' lang='lat' dir='ltr'>debetis</span> <span class='ocrx_word' id='word_1_89' title='bbox 1986 934 2126 983; x_wconf 88' lang='lat' dir='ltr'>istam</span> <span class='ocrx_word' id='word_1_90' title='bbox 2185 933 2393 984; x_wconf 89' lang='lat' dir='ltr'>litteram</span> 
     </span>
     <span class='ocr_line' id='line_1_10' title="bbox 247 1016 2396 1073; baseline 0 -4"><span class='ocrx_word' id='word_1_91' title='bbox 247 1020 503 1070; x_wconf 83' lang='lat' dir='ltr'>ostendere</span> <span class='ocrx_word' id='word_1_92' title='bbox 555 1020 752 1068; x_wconf 91' lang='lat' dir='ltr'>domino</span> <span class='ocrx_word' id='word_1_93' title='bbox 801 1019 969 1067; x_wconf 91' lang='lat' dir='ltr'>Ioanni</span> <span class='ocrx_word' id='word_1_94' title='bbox 1006 1017 1337 1073; x_wconf 81' lang='lat' dir='ltr'>Pfess&#39;erkorn,</span> <span class='ocrx_word' id='word_1_95' title='bbox 1389 1024 1442 1066; x_wconf 89' lang='lat' dir='ltr'>ut</span> <span class='ocrx_word' id='word_1_96' title='bbox 1478 1035 1530 1068; x_wconf 91' lang='lat' dir='ltr'>se</span> <span class='ocrx_word' id='word_1_97' title='bbox 1570 1017 1799 1068; x_wconf 81' lang='lat' dir='ltr'>defendat</span> <span class='ocrx_word' id='word_1_98' title='bbox 1834 1016 2030 1068; x_wconf 83' lang='lat' dir='ltr'>realiter</span> <span class='ocrx_word' id='word_1_99' title='bbox 2069 1025 2238 1068; x_wconf 90' lang='lat' dir='ltr'>contra</span> <span class='ocrx_word' id='word_1_100' title='bbox 2276 1019 2396 1070; x_wconf 87' lang='lat' dir='ltr'>tales</span> 
     </span>
     <span class='ocr_line' id='line_1_11' title="bbox 246 1103 2450 1169; baseline -0.004 -14"><span class='ocrx_word' id='word_1_101' title='bbox 246 1105 444 1169; x_wconf 78' lang='lat' dir='ltr'>Iudeos,</span> <span class='ocrx_word' id='word_1_102' title='bbox 486 1110 532 1154; x_wconf 87' lang='lat' dir='ltr'>et</span> <span class='ocrx_word' id='word_1_103' title='bbox 570 1105 905 1153; x_wconf 88' lang='lat' dir='ltr'>llermannum</span> <span class='ocrx_word' id='word_1_104' title='bbox 943 1103 1223 1161; x_wconf 77' lang='lat' dir='ltr'>Eusebium,</span> <span class='ocrx_word' id='word_1_105' title='bbox 1265 1104 1492 1167; x_wconf 91' lang='lat' dir='ltr'>quoniam</span> <span class='ocrx_word' id='word_1_106' title='bbox 1532 1104 1637 1166; x_wconf 91' lang='lat' dir='ltr'>ipse</span> <span class='ocrx_word' id='word_1_107' title='bbox 1675 1108 1748 1152; x_wconf 89' lang='lat' dir='ltr'>est</span> <span class='ocrx_word' id='word_1_108' title='bbox 1784 1104 1968 1152; x_wconf 87' lang='lat' dir='ltr'>amicus</span> <span class='ocrx_word' id='word_1_109' title='bbox 2005 1118 2144 1152; x_wconf 87' lang='lat' dir='ltr'>meus</span> <span class='ocrx_word' id='word_1_110' title='bbox 2180 1103 2390 1167; x_wconf 83' lang='lat' dir='ltr'>singula·</span> <span class='ocrx_word' id='word_1_111' title='bbox 2413 1115 2450 1148; x_wconf 80' lang='grc' dir='ltr'>ιο</span> 
     </span>
     <span class='ocr_line' id='line_1_12' title="bbox 247 1187 2391 1252; baseline 0 -15"><span class='ocrx_word' id='word_1_112' title='bbox 247 1190 494 1246; x_wconf 87' lang='lat' dir='ltr'>rissimus,</span> <span class='ocrx_word' id='word_1_113' title='bbox 545 1195 592 1237; x_wconf 89' lang='lat' dir='ltr'>et</span> <span class='ocrx_word' id='word_1_114' title='bbox 629 1190 863 1237; x_wconf 77' lang='lat' dir='ltr'>mutuavit</span> <span class='ocrx_word' id='word_1_115' title='bbox 900 1189 1019 1237; x_wconf 89' lang='lat' dir='ltr'>mihi</span> <span class='ocrx_word' id='word_1_116' title='bbox 1058 1200 1130 1237; x_wconf 87' lang='lat' dir='ltr'>.X.</span> <span class='ocrx_word' id='word_1_117' title='bbox 1170 1189 1385 1237; x_wconf 83' lang='lat' dir='ltr'>florenos</span> <span class='ocrx_word' id='word_1_118' title='bbox 1424 1187 1617 1252; x_wconf 87' lang='lat' dir='ltr'>quando</span> <span class='ocrx_word' id='word_1_119' title='bbox 1658 1187 1725 1237; x_wconf 84' lang='lat' dir='ltr'>sui</span> <span class='ocrx_word' id='word_1_120' title='bbox 1761 1193 2017 1252; x_wconf 87' lang='lat' dir='ltr'>promotus</span> <span class='ocrx_word' id='word_1_121' title='bbox 2054 1187 2391 1237; x_wconf 85' lang='lat' dir='ltr'>baccalaurius</span> 
     </span>
     <span class='ocr_line' id='line_1_13' title="bbox 247 1271 2448 1337; baseline 0 -15"><span class='ocrx_word' id='word_1_122' title='bbox 247 1275 482 1323; x_wconf 76' lang='lat' dir='ltr'>formatus</span> <span class='ocrx_word' id='word_1_123' title='bbox 518 1275 567 1322; x_wconf 88' lang='lat' dir='ltr'>in</span> <span class='ocrx_word' id='word_1_124' title='bbox 606 1271 863 1337; x_wconf 80' lang='lat' dir='ltr'>theologia.</span> <span class='ocrx_word' id='word_1_125' title='bbox 939 1273 1111 1322; x_wconf 87' lang='lat' dir='ltr'>Datum</span> <span class='ocrx_word' id='word_1_126' title='bbox 1152 1289 1210 1321; x_wconf 87' lang='lat' dir='ltr'>ex</span> <span class='ocrx_word' id='word_1_127' title='bbox 1249 1271 1438 1322; x_wconf 84' lang='lat' dir='ltr'>Verona</span> <span class='ocrx_word' id='word_1_128' title='bbox 1476 1273 1758 1337; x_wconf 84' lang='lat' dir='ltr'>Agrippina,</span> <span class='ocrx_word' id='word_1_129' title='bbox 1805 1272 1888 1321; x_wconf 90' lang='lat' dir='ltr'>ubi</span> <span class='ocrx_word' id='word_1_130' title='bbox 1926 1272 2168 1322; x_wconf 87' lang='lat' dir='ltr'>Buschius</span> <span class='ocrx_word' id='word_1_131' title='bbox 2205 1279 2252 1322; x_wconf 93' lang='lat' dir='ltr'>et</span> <span class='ocrx_word' id='word_1_132' title='bbox 2290 1273 2393 1322; x_wconf 88' lang='lat' dir='ltr'>eius</span> <span class='ocrx_word' id='word_1_133' title='bbox 2444 1306 2448 1312; x_wconf 88' lang='lat'><em>-</em></span> 
     </span>
     <span class='ocr_line' id='line_1_14' title="bbox 245 1357 1295 1422; baseline -0.002 -13"><span class='ocrx_word' id='word_1_134' title='bbox 245 1360 406 1409; x_wconf 88' lang='lat' dir='ltr'>socius</span> <span class='ocrx_word' id='word_1_135' title='bbox 445 1358 762 1408; x_wconf 90' lang='lat' dir='ltr'>comederunt</span> <span class='ocrx_word' id='word_1_136' title='bbox 797 1359 967 1422; x_wconf 84' lang='lat' dir='ltr'>pingui</span> <span class='ocrx_word' id='word_1_137' title='bbox 1005 1357 1064 1407; x_wconf 93' lang='lat' dir='ltr'>de</span> <span class='ocrx_word' id='word_1_138' title='bbox 1101 1357 1295 1421; x_wconf 84' lang='lat' dir='ltr'>gallina.</span> 
     </span>
    </p>
   </div>
   <div class='ocr_carea' id='block_1_3' title="bbox 821 1619 2453 1819">
    <p class='ocr_par' dir='ltr' id='par_1_3' title="bbox 821 1619 2456 1819">
     <span class='ocr_line' id='line_1_15' title="bbox 1275 1619 1359 1678; baseline -0.071 1"><span class='ocrx_word' id='word_1_139' title='bbox 1275 1619 1359 1678; x_wconf 82' lang='lat'>37.</span> 
     </span>
     <span class='ocr_line' id='line_1_16' title="bbox 821 1736 2453 1819; baseline 0.001 -22"><span class='ocrx_word' id='word_1_140' title='bbox 821 1736 1230 1819; x_wconf 83' lang='lat' dir='ltr'>Lupoldus</span> <span class='ocrx_word' id='word_1_141' title='bbox 1276 1736 1804 1798; x_wconf 80' lang='lat' dir='ltr'>Federfusius</span> <span class='ocrx_word' id='word_1_142' title='bbox 1955 1752 1958 1754; x_wconf 73' lang='grc'><strong><em>’</em></strong></span> <span class='ocrx_word' id='word_1_143' title='bbox 2414 1762 2453 1797; x_wconf 71' lang='grc' dir='ltr'>ιε</span> 
     </span>
    </p>
   </div>
   <div class='ocr_carea' id='block_1_4' title="bbox 1084 1851 1563 1901">
    <p class='ocr_par' dir='ltr' id='par_1_4' title="bbox 1084 1851 1563 1901">
     <span class='ocr_line' id='line_1_17' title="bbox 1084 1851 1563 1901; baseline -0.002 -1"><span class='ocrx_word' id='word_1_144' title='bbox 1084 1867 1198 1900; x_wconf 88' lang='lat' dir='ltr'>mox</span> <span class='ocrx_word' id='word_1_145' title='bbox 1235 1851 1563 1901; x_wconf 88' lang='lat' dir='ltr'>licentiandus</span> 
     </span>
    </p>
   </div>
   <div class='ocr_carea' id='block_1_5' title="bbox 649 1947 1982 2114">
    <p class='ocr_par' dir='ltr' id='par_1_5' title="bbox 649 1947 1982 2114">
     <span class='ocr_line' id='line_1_18' title="bbox 864 1947 1783 2017; baseline 0 -18"><span class='ocrx_word' id='word_1_146' title='bbox 864 1947 1186 2017; x_wconf 82' lang='lat' dir='ltr'>Magistro</span> <span class='ocrx_word' id='word_1_147' title='bbox 1225 1948 1508 2001; x_wconf 81' lang='lat' dir='ltr'>Ortvino</span> <span class='ocrx_word' id='word_1_148' title='bbox 1547 1947 1783 2000; x_wconf 82' lang='lat' dir='ltr'>Gratio</span> 
     </span>
     <span class='ocr_line' id='line_1_19' title="bbox 649 2048 1982 2114; baseline 0.003 -19"><span class='ocrx_word' id='word_1_149' title='bbox 649 2054 721 2096; x_wconf 91' lang='lat' dir='ltr'>tot</span> <span class='ocrx_word' id='word_1_150' title='bbox 758 2048 937 2099; x_wconf 85' lang='lat' dir='ltr'>salutes</span> <span class='ocrx_word' id='word_1_151' title='bbox 975 2050 1094 2098; x_wconf 90' lang='lat' dir='ltr'>dicit</span> <span class='ocrx_word' id='word_1_152' title='bbox 1131 2054 1250 2114; x_wconf 89' lang='lat' dir='ltr'>quot</span> <span class='ocrx_word' id='word_1_153' title='bbox 1286 2064 1406 2113; x_wconf 76' lang='lat' dir='ltr'>auce</span> <span class='ocrx_word' id='word_1_154' title='bbox 1445 2050 1711 2099; x_wconf 88' lang='lat' dir='ltr'>comedunt</span> <span class='ocrx_word' id='word_1_155' title='bbox 1748 2051 1982 2114; x_wconf 87' lang='lat' dir='ltr'>gramina.</span> 
     </span>
    </p>
   </div>
   <div class='ocr_carea' id='block_1_6' title="bbox 243 2157 2449 3665">
    <p class='ocr_par' dir='ltr' id='par_1_6' title="bbox 243 2148 2449 3665">
     <span class='ocr_line' id='line_1_20' title="bbox 383 2157 2395 2227; baseline 0.003 -19"><span class='ocrx_word' id='word_1_156' title='bbox 383 2160 586 2209; x_wconf 85' lang='lat' dir='ltr'>Domine</span> <span class='ocrx_word' id='word_1_157' title='bbox 632 2162 863 2223; x_wconf 77' lang='lat' dir='ltr'>magister</span> <span class='ocrx_word' id='word_1_158' title='bbox 903 2163 1123 2218; x_wconf 86' lang='lat' dir='ltr'>Ortvine‚</span> <span class='ocrx_word' id='word_1_159' title='bbox 1177 2168 1250 2212; x_wconf 89' lang='lat' dir='ltr'>est</span> <span class='ocrx_word' id='word_1_160' title='bbox 1294 2164 1343 2211; x_wconf 91' lang='lat' dir='ltr'>in</span> <span class='ocrx_word' id='word_1_161' title='bbox 1381 2163 1658 2227; x_wconf 88' lang='lat' dir='ltr'>Erphordia</span> <span class='ocrx_word' id='word_1_162' title='bbox 1703 2164 1753 2212; x_wconf 91' lang='lat' dir='ltr'>in</span> <span class='ocrx_word' id='word_1_163' title='bbox 1801 2157 2094 2227; x_wconf 85' lang='lat' dir='ltr'>quodlibetis</span> <span class='ocrx_word' id='word_1_164' title='bbox 2131 2170 2261 2213; x_wconf 89' lang='lat' dir='ltr'>mota</span> <span class='ocrx_word' id='word_1_165' title='bbox 2300 2179 2439 2214; x_wconf 91' lang='lat' dir='ltr'>una</span> 
     </span>
     <span class='ocr_line' id='line_1_21' title="bbox 245 2243 2449 2318; baseline 0.003 -26"><span class='ocrx_word' id='word_1_166' title='bbox 245 2246 430 2308; x_wconf 75' lang='lat' dir='ltr'>questio</span> <span class='ocrx_word' id='word_1_167' title='bbox 479 2243 683 2309; x_wconf 87' lang='lat' dir='ltr'>multum</span> <span class='ocrx_word' id='word_1_168' title='bbox 733 2246 922 2295; x_wconf 82' lang='lat' dir='ltr'>subtilis</span> <span class='ocrx_word' id='word_1_169' title='bbox 967 2248 1015 2295; x_wconf 94' lang='lat' dir='ltr'>in</span> <span class='ocrx_word' id='word_1_170' title='bbox 1065 2245 1255 2295; x_wconf 88' lang='lat' dir='ltr'>duabus</span> <span class='ocrx_word' id='word_1_171' title='bbox 1302 2246 1634 2303; x_wconf 81' lang='lat' dir='ltr'>facultatibus,</span> <span class='ocrx_word' id='word_1_172' title='bbox 1691 2246 2002 2312; x_wconf 82' lang='lat' dir='ltr'>theologicali</span> <span class='ocrx_word' id='word_1_173' title='bbox 2050 2254 2097 2298; x_wconf 91' lang='lat' dir='ltr'>et</span> <span class='ocrx_word' id='word_1_174' title='bbox 2143 2249 2449 2318; x_wconf 43' lang='lat' dir='ltr'>physicalis«)</span> 
     </span>
     <span class='ocr_line' id='line_1_22' title="bbox 245 2320 2433 2398; baseline 0.002 -20"><span class='ocrx_word' id='word_1_175' title='bbox 245 2326 450 2382; x_wconf 78' lang='lat' dir='ltr'>Quidam</span> <span class='ocrx_word' id='word_1_176' title='bbox 490 2328 656 2376; x_wconf 84' lang='lat' dir='ltr'>dicunt</span> <span class='ocrx_word' id='word_1_177' title='bbox 695 2330 888 2393; x_wconf 88' lang='lat' dir='ltr'>quando</span> <span class='ocrx_word' id='word_1_178' title='bbox 926 2331 1101 2394; x_wconf 76' lang='lat' dir='ltr'>Iudeus</span> <span class='ocrx_word' id='word_1_179' title='bbox 1138 2331 1191 2379; x_wconf 87' lang='lat' dir='ltr'>fit</span> <span class='ocrx_word' id='word_1_180' title='bbox 1229 2330 1553 2389; x_wconf 83' lang='lat' dir='ltr'>Christianus,</span> <span class='ocrx_word' id='word_1_181' title='bbox 1593 2337 1804 2396; x_wconf 89' lang='lat' dir='ltr'>protunc</span> <span class='ocrx_word' id='word_1_182' title='bbox 1842 2333 2118 2382; x_wconf 87' lang='lat' dir='ltr'>renascitur</span> <span class='ocrx_word' id='word_1_183' title='bbox 2156 2333 2247 2383; x_wconf 81' lang='lat' dir='ltr'>sibi</span> <span class='ocrx_word' id='word_1_184' title='bbox 2284 2349 2394 2398; x_wconf 74' lang='lat' dir='ltr'>pre·</span> <span class='ocrx_word' id='word_1_185' title='bbox 2425 2320 2433 2325; x_wconf 16' lang='grc' dir='ltr'>μ</span> 
     </span>
     <span class='ocr_line' id='line_1_23' title="bbox 244 2412 2392 2483; baseline 0.005 -25"><span class='ocrx_word' id='word_1_186' title='bbox 244 2412 458 2475; x_wconf 83' lang='lat' dir='ltr'>putium,</span> <span class='ocrx_word' id='word_1_187' title='bbox 516 2428 608 2475; x_wconf 79' lang='lat' dir='ltr'>que</span> <span class='ocrx_word' id='word_1_188' title='bbox 665 2420 736 2462; x_wconf 86' lang='lat' dir='ltr'>est</span> <span class='ocrx_word' id='word_1_189' title='bbox 784 2415 906 2463; x_wconf 89' lang='lat' dir='ltr'>cutis</span> <span class='ocrx_word' id='word_1_190' title='bbox 954 2416 1142 2478; x_wconf 77' lang='lat' dir='ltr'>precisa</span> <span class='ocrx_word' id='word_1_191' title='bbox 1192 2415 1251 2464; x_wconf 91' lang='lat' dir='ltr'>de</span> <span class='ocrx_word' id='word_1_192' title='bbox 1298 2415 1522 2464; x_wconf 88' lang='lat' dir='ltr'>membro</span> <span class='ocrx_word' id='word_1_193' title='bbox 1571 2415 1693 2464; x_wconf 87' lang='lat' dir='ltr'>virili</span> <span class='ocrx_word' id='word_1_194' title='bbox 1739 2417 1789 2464; x_wconf 92' lang='lat' dir='ltr'>in</span> <span class='ocrx_word' id='word_1_195' title='bbox 1817 2418 2071 2467; x_wconf 85' lang='lat' dir='ltr'>nativitate</span> <span class='ocrx_word' id='word_1_196' title='bbox 2109 2433 2198 2481; x_wconf 87' lang='lat' dir='ltr'>per</span> <span class='ocrx_word' id='word_1_197' title='bbox 2236 2416 2433 2483; x_wconf 83' lang='lat' dir='ltr'>legem</span> 
     </span>
     <span class='ocr_line' id='line_1_24' title="bbox 244 2495 2394 2566; baseline 0.005 -24"><span class='ocrx_word' id='word_1_198' title='bbox 244 2495 520 2558; x_wconf 80' lang='lat' dir='ltr'>Iudeorum.</span> <span class='ocrx_word' id='word_1_199' title='bbox 597 2503 644 2545; x_wconf 86' lang='lat' dir='ltr'>et</span> <span class='ocrx_word' id='word_1_200' title='bbox 690 2497 758 2545; x_wconf 93' lang='lat' dir='ltr'>illi</span> <span class='ocrx_word' id='word_1_201' title='bbox 796 2504 911 2548; x_wconf 91' lang='lat' dir='ltr'>sunt</span> <span class='ocrx_word' id='word_1_202' title='bbox 948 2499 1008 2548; x_wconf 92' lang='lat' dir='ltr'>de</span> <span class='ocrx_word' id='word_1_203' title='bbox 1044 2500 1118 2547; x_wconf 88' lang='lat' dir='ltr'>via</span> <span class='ocrx_word' id='word_1_204' title='bbox 1155 2499 1525 2563; x_wconf 82' lang='lat' dir='ltr'>theologorum,</span> <span class='ocrx_word' id='word_1_205' title='bbox 1574 2506 1621 2550; x_wconf 89' lang='lat' dir='ltr'>et</span> <span class='ocrx_word' id='word_1_206' title='bbox 1657 2500 1840 2550; x_wconf 91' lang='lat' dir='ltr'>habent</span> <span class='ocrx_word' id='word_1_207' title='bbox 1878 2516 1963 2564; x_wconf 76' lang='lat' dir='ltr'>pre</span> <span class='ocrx_word' id='word_1_208' title='bbox 2003 2517 2054 2551; x_wconf 88' lang='lat' dir='ltr'>se</span> <span class='ocrx_word' id='word_1_209' title='bbox 2092 2502 2394 2566; x_wconf 88' lang='lat' dir='ltr'>magistrales</span> 
     </span>
     <span class='ocr_line' id='line_1_25' title="bbox 244 2572 2391 2649; baseline 0.005 -23"><span class='ocrx_word' id='word_1_210' title='bbox 244 2572 480 2636; x_wconf 80' lang='lat' dir='ltr'>rationeS,</span> <span class='ocrx_word' id='word_1_211' title='bbox 533 2581 592 2629; x_wconf 90' lang='lat' dir='ltr'>de</span> <span class='ocrx_word' id='word_1_212' title='bbox 642 2581 818 2644; x_wconf 85' lang='lat' dir='ltr'>quibus</span> <span class='ocrx_word' id='word_1_213' title='bbox 868 2588 941 2631; x_wconf 88' lang='lat' dir='ltr'>est</span> <span class='ocrx_word' id='word_1_214' title='bbox 988 2599 1083 2632; x_wconf 91' lang='lat' dir='ltr'>una</span> <span class='ocrx_word' id='word_1_215' title='bbox 1133 2585 1260 2648; x_wconf 90' lang='lat' dir='ltr'>quod</span> <span class='ocrx_word' id='word_1_216' title='bbox 1312 2584 1430 2633; x_wconf 87' lang='lat' dir='ltr'>alias</span> <span class='ocrx_word' id='word_1_217' title='bbox 1467 2585 1601 2649; x_wconf 76' lang='lat' dir='ltr'>Iudei</span> <span class='ocrx_word' id='word_1_218' title='bbox 1640 2586 1752 2634; x_wconf 87' lang='lat' dir='ltr'>facti</span> <span class='ocrx_word' id='word_1_219' title='bbox 1791 2584 2048 2635; x_wconf 85' lang='lat' dir='ltr'>Christiani</span> <span class='ocrx_word' id='word_1_220' title='bbox 2086 2587 2133 2635; x_wconf 90' lang='lat' dir='ltr'>in</span> <span class='ocrx_word' id='word_1_221' title='bbox 2173 2593 2439 2639; x_wconf 89' lang='lat' dir='ltr'>extremo</span> 
     </span>
     <span class='ocr_line' id='line_1_26' title="bbox 244 2664 2446 2734; baseline 0.005 -23"><span class='ocrx_word' id='word_1_222' title='bbox 244 2664 421 2712; x_wconf 88' lang='lat' dir='ltr'>iudicio</span> <span class='ocrx_word' id='word_1_223' title='bbox 460 2670 749 2727; x_wconf 87' lang='lat' dir='ltr'>putarentur</span> <span class='ocrx_word' id='word_1_224' title='bbox 787 2681 892 2715; x_wconf 90' lang='lat' dir='ltr'>esse</span> <span class='ocrx_word' id='word_1_225' title='bbox 929 2667 1077 2731; x_wconf 76' lang='lat' dir='ltr'>Iudei‚</span> <span class='ocrx_word' id='word_1_226' title='bbox 1119 2669 1158 2716; x_wconf 92' lang='lat' dir='ltr'>si</span> <span class='ocrx_word' id='word_1_227' title='bbox 1197 2674 1358 2718; x_wconf 85' lang='lat' dir='ltr'>essent</span> <span class='ocrx_word' id='word_1_228' title='bbox 1395 2668 1513 2718; x_wconf 90' lang='lat' dir='ltr'>nudi</span> <span class='ocrx_word' id='word_1_229' title='bbox 1550 2671 1599 2718; x_wconf 92' lang='lat' dir='ltr'>in</span> <span class='ocrx_word' id='word_1_230' title='bbox 1637 2671 1856 2733; x_wconf 86' lang='lat' dir='ltr'>ipsorum</span> <span class='ocrx_word' id='word_1_231' title='bbox 1894 2671 2118 2720; x_wconf 86' lang='lat' dir='ltr'>membro</span> <span class='ocrx_word' id='word_1_232' title='bbox 2157 2671 2304 2731; x_wconf 87' lang='lat' dir='ltr'>virili,</span> <span class='ocrx_word' id='word_1_233' title='bbox 2345 2678 2446 2734; x_wconf 57' lang='lat' dir='ltr'>eta</span> 
     </span>
     <span class='ocr_line' id='line_1_27' title="bbox 245 2748 2446 2821; baseline 0.006 -27"><span class='ocrx_word' id='word_1_234' title='bbox 245 2748 315 2796; x_wconf 88' lang='lat' dir='ltr'>sic</span> <span class='ocrx_word' id='word_1_235' title='bbox 360 2749 475 2810; x_wconf 87' lang='lat' dir='ltr'>ipsis</span> <span class='ocrx_word' id='word_1_236' title='bbox 523 2750 663 2798; x_wconf 84' lang='lat' dir='ltr'>fieret</span> <span class='ocrx_word' id='word_1_237' title='bbox 712 2751 912 2799; x_wconf 91' lang='lat' dir='ltr'>iniuria:</span> <span class='ocrx_word' id='word_1_238' title='bbox 972 2752 1056 2800; x_wconf 93' lang='lat' dir='ltr'>sed</span> <span class='ocrx_word' id='word_1_239' title='bbox 1106 2752 1225 2801; x_wconf 89' lang='lat' dir='ltr'>deus</span> <span class='ocrx_word' id='word_1_240' title='bbox 1272 2753 1454 2802; x_wconf 90' lang='lat' dir='ltr'>nemini</span> <span class='ocrx_word' id='word_1_241' title='bbox 1500 2754 1601 2802; x_wconf 53' lang='lat' dir='ltr'>&gt;vult</span> <span class='ocrx_word' id='word_1_242' title='bbox 1637 2755 1801 2804; x_wconf 88' lang='lat' dir='ltr'>facere</span> <span class='ocrx_word' id='word_1_243' title='bbox 1839 2756 2089 2805; x_wconf 75' lang='lat' dir='ltr'>iniurIam:</span> <span class='ocrx_word' id='word_1_244' title='bbox 2142 2772 2259 2821; x_wconf 84' lang='lat' dir='ltr'>ergo</span> <span class='ocrx_word' id='word_1_245' title='bbox 2299 2763 2389 2808; x_wconf 92' lang='lat' dir='ltr'>etc.</span> <span class='ocrx_word' id='word_1_246' title='bbox 2444 2783 2446 2787; x_wconf 94' lang='lat'>·</span> 
     </span>
     <span class='ocr_line' id='line_1_28' title="bbox 244 2830 2390 2902; baseline 0.006 -23"><span class='ocrx_word' id='word_1_247' title='bbox 244 2830 345 2879; x_wconf 87' lang='lat' dir='ltr'>Alia</span> <span class='ocrx_word' id='word_1_248' title='bbox 393 2833 514 2880; x_wconf 89' lang='lat' dir='ltr'>ratio</span> <span class='ocrx_word' id='word_1_249' title='bbox 552 2838 686 2882; x_wconf 90' lang='lat' dir='ltr'>tenet</span> <span class='ocrx_word' id='word_1_250' title='bbox 724 2849 782 2883; x_wconf 88' lang='lat' dir='ltr'>ex</span> <span class='ocrx_word' id='word_1_251' title='bbox 820 2838 1078 2885; x_wconf 88' lang='lat' dir='ltr'>autoritate</span> <span class='ocrx_word' id='word_1_252' title='bbox 1125 2836 1367 2901; x_wconf 78' lang='lat' dir='ltr'>psalmiste</span> <span class='ocrx_word' id='word_1_253' title='bbox 1407 2839 1489 2902; x_wconf 91' lang='lat' dir='ltr'>qui</span> <span class='ocrx_word' id='word_1_254' title='bbox 1527 2838 1641 2888; x_wconf 90' lang='lat' dir='ltr'>dicit</span> <span class='ocrx_word' id='word_1_255' title='bbox 1655 2857 1675 2899; x_wconf 52' lang='lat' dir='ltr'>z„</span> <span class='ocrx_word' id='word_1_256' title='bbox 1706 2839 1782 2888; x_wconf 89' lang='lat' dir='ltr'>‘Et</span> <span class='ocrx_word' id='word_1_257' title='bbox 1820 2839 2076 2890; x_wconf 85' lang='lat' dir='ltr'>abscondit</span> <span class='ocrx_word' id='word_1_258' title='bbox 2111 2858 2190 2891; x_wconf 90' lang='lat' dir='ltr'>me</span> <span class='ocrx_word' id='word_1_259' title='bbox 2227 2846 2276 2891; x_wconf 89' lang='lat' dir='ltr'>in</span> <span class='ocrx_word' id='word_1_260' title='bbox 2315 2843 2390 2893; x_wconf 87' lang='lat' dir='ltr'>die</span> 
     </span>
     <span class='ocr_line' id='line_1_29' title="bbox 245 2915 2390 2993; baseline 0.007 -30"><span class='ocrx_word' id='word_1_261' title='bbox 245 2915 509 2972; x_wconf 87' lang='lat' dir='ltr'>malorum,</span> <span class='ocrx_word' id='word_1_262' title='bbox 551 2923 597 2965; x_wconf 88' lang='lat' dir='ltr'>et</span> <span class='ocrx_word' id='word_1_263' title='bbox 634 2920 845 2982; x_wconf 86' lang='lat' dir='ltr'>protexit</span> <span class='ocrx_word' id='word_1_264' title='bbox 882 2935 960 2968; x_wconf 90' lang='lat' dir='ltr'>me</span> <span class='ocrx_word' id='word_1_265' title='bbox 997 2922 1048 2968; x_wconf 93' lang='lat' dir='ltr'>in</span> <span class='ocrx_word' id='word_1_266' title='bbox 1086 2921 1413 2971; x_wconf 84' lang='lat' dir='ltr'>abscondito&#39;:</span> <span class='ocrx_word' id='word_1_267' title='bbox 1465 2923 1579 2972; x_wconf 87' lang='lat' dir='ltr'>dicit</span> <span class='ocrx_word' id='word_1_268' title='bbox 1617 2924 1693 2993; x_wconf 12' lang='lat' dir='ltr'>‘in‘</span> <span class='ocrx_word' id='word_1_269' title='bbox 1720 2923 1796 2974; x_wconf 92' lang='lat' dir='ltr'>die</span> <span class='ocrx_word' id='word_1_270' title='bbox 1834 2921 2107 2983; x_wconf 78' lang='lat' dir='ltr'>malorum’,</span> <span class='ocrx_word' id='word_1_271' title='bbox 2147 2928 2192 2976; x_wconf 88' lang='lat' dir='ltr'>id</span> <span class='ocrx_word' id='word_1_272' title='bbox 2222 2934 2306 2976; x_wconf 68' lang='lat' dir='ltr'>‘est</span> <span class='ocrx_word' id='word_1_273' title='bbox 2342 2929 2390 2977; x_wconf 91' lang='lat' dir='ltr'>in</span> 
     </span>
     <span class='ocr_line' id='line_1_30' title="bbox 246 3002 2422 3071; baseline 0.006 -23"><span class='ocrx_word' id='word_1_274' title='bbox 246 3006 461 3049; x_wconf 88' lang='lat' dir='ltr'>extremo</span> <span class='ocrx_word' id='word_1_275' title='bbox 500 3002 676 3050; x_wconf 87' lang='lat' dir='ltr'>iudicio</span> <span class='ocrx_word' id='word_1_276' title='bbox 714 3005 763 3052; x_wconf 94' lang='lat' dir='ltr'>in</span> <span class='ocrx_word' id='word_1_277' title='bbox 803 3003 922 3053; x_wconf 90' lang='lat' dir='ltr'>valle</span> <span class='ocrx_word' id='word_1_278' title='bbox 946 3005 1191 3069; x_wconf 82' lang='lat' dir='ltr'>Iosephat‚</span> <span class='ocrx_word' id='word_1_279' title='bbox 1233 3007 1427 3070; x_wconf 87' lang='lat' dir='ltr'>quando</span> <span class='ocrx_word' id='word_1_280' title='bbox 1454 3013 1647 3071; x_wconf 83' lang='lat' dir='ltr'>oportet</span> <span class='ocrx_word' id='word_1_281' title='bbox 1672 3005 1881 3059; x_wconf 85' lang='lat' dir='ltr'>reddere</span> <span class='ocrx_word' id='word_1_282' title='bbox 1907 3012 2145 3061; x_wconf 88' lang='lat' dir='ltr'>rationem</span> <span class='ocrx_word' id='word_1_283' title='bbox 2174 3014 2388 3062; x_wconf 88' lang='lat' dir='ltr'>omnium</span> <span class='ocrx_word' id='word_1_284' title='bbox 2416 3003 2422 3014; x_wconf 62' lang='lat'><strong>¹</strong></span> 
     </span>
     <span class='ocr_line' id='line_1_31' title="bbox 245 3083 2443 3165; baseline 0.007 -34"><span class='ocrx_word' id='word_1_285' title='bbox 245 3083 499 3133; x_wconf 87' lang='lat' dir='ltr'>malorum.</span> <span class='ocrx_word' id='word_1_286' title='bbox 574 3086 703 3134; x_wconf 87' lang='lat' dir='ltr'>Alias</span> <span class='ocrx_word' id='word_1_287' title='bbox 740 3089 952 3137; x_wconf 87' lang='lat' dir='ltr'>rationes</span> <span class='ocrx_word' id='word_1_288' title='bbox 988 3089 1214 3153; x_wconf 87' lang='lat' dir='ltr'>relinquo</span> <span class='ocrx_word' id='word_1_289' title='bbox 1248 3097 1451 3154; x_wconf 87' lang='lat' dir='ltr'>propter</span> <span class='ocrx_word' id='word_1_290' title='bbox 1479 3092 1790 3142; x_wconf 83' lang='lat' dir='ltr'>brevitatem:</span> <span class='ocrx_word' id='word_1_291' title='bbox 1832 3110 1890 3143; x_wconf 90' lang='lat' dir='ltr'>ex</span> <span class='ocrx_word' id='word_1_292' title='bbox 1918 3097 2087 3160; x_wconf 89' lang='lat' dir='ltr'>quoin</span> <span class='ocrx_word' id='word_1_293' title='bbox 2115 3090 2443 3165; x_wconf 70' lang='lat' dir='ltr'>Erphordiaao</span> 
     </span>
     <span class='ocr_line' id='line_1_32' title="bbox 246 3170 2419 3245; baseline 0.007 -31"><span class='ocrx_word' id='word_1_294' title='bbox 246 3183 413 3216; x_wconf 88' lang='lat' dir='ltr'>sumus</span> <span class='ocrx_word' id='word_1_295' title='bbox 451 3170 687 3226; x_wconf 89' lang='lat' dir='ltr'>moderni,</span> <span class='ocrx_word' id='word_1_296' title='bbox 730 3177 776 3220; x_wconf 87' lang='lat' dir='ltr'>et</span> <span class='ocrx_word' id='word_1_297' title='bbox 813 3172 1036 3222; x_wconf 86' lang='lat' dir='ltr'>moderni</span> <span class='ocrx_word' id='word_1_298' title='bbox 1062 3189 1258 3237; x_wconf 84' lang='lat' dir='ltr'>semper</span> <span class='ocrx_word' id='word_1_299' title='bbox 1285 3177 1499 3239; x_wconf 84' lang='lat' dir='ltr'>gaudent</span> <span class='ocrx_word' id='word_1_300' title='bbox 1523 3177 1774 3234; x_wconf 88' lang='lat' dir='ltr'>brevitate,</span> <span class='ocrx_word' id='word_1_301' title='bbox 1816 3185 1869 3228; x_wconf 84' lang='lat' dir='ltr'>ut</span> <span class='ocrx_word' id='word_1_302' title='bbox 1894 3181 2039 3229; x_wconf 88' lang='lat' dir='ltr'>scitis.</span> <span class='ocrx_word' id='word_1_303' title='bbox 2116 3181 2271 3229; x_wconf 88' lang='lat' dir='ltr'>Etiam</span> <span class='ocrx_word' id='word_1_304' title='bbox 2300 3196 2388 3245; x_wconf 85' lang='lat' dir='ltr'>pro</span> <span class='ocrx_word' id='word_1_305' title='bbox 2413 3221 2419 3224; x_wconf 79' lang='lat'><em>.</em></span> 
     </span>
     <span class='ocr_line' id='line_1_33' title="bbox 245 3252 2388 3324; baseline 0.007 -25"><span class='ocrx_word' id='word_1_306' title='bbox 245 3266 303 3299; x_wconf 85' lang='lat' dir='ltr'>eo</span> <span class='ocrx_word' id='word_1_307' title='bbox 343 3252 471 3313; x_wconf 88' lang='lat' dir='ltr'>quod</span> <span class='ocrx_word' id='word_1_308' title='bbox 512 3268 600 3315; x_wconf 82' lang='lat' dir='ltr'>ego</span> <span class='ocrx_word' id='word_1_309' title='bbox 640 3254 798 3303; x_wconf 86' lang='lat' dir='ltr'>habeo</span> <span class='ocrx_word' id='word_1_310' title='bbox 838 3256 1010 3306; x_wconf 88' lang='lat' dir='ltr'>malam</span> <span class='ocrx_word' id='word_1_311' title='bbox 1052 3261 1351 3317; x_wconf 80' lang='lat' dir='ltr'>memoriam,</span> <span class='ocrx_word' id='word_1_312' title='bbox 1392 3275 1489 3308; x_wconf 90' lang='lat' dir='ltr'>non</span> <span class='ocrx_word' id='word_1_313' title='bbox 1525 3264 1724 3324; x_wconf 87' lang='lat' dir='ltr'>possum</span> <span class='ocrx_word' id='word_1_314' title='bbox 1751 3262 1900 3313; x_wconf 89' lang='lat' dir='ltr'>multa</span> <span class='ocrx_word' id='word_1_315' title='bbox 1928 3270 2236 3314; x_wconf 86' lang='lat' dir='ltr'>mentetenus</span> <span class='ocrx_word' id='word_1_316' title='bbox 2262 3268 2388 3315; x_wconf 88' lang='lat' dir='ltr'>scire</span> 
     </span>
     <span class='ocr_line' id='line_1_34' title="bbox 244 3334 2386 3414; baseline 0.009 -33"><span class='ocrx_word' id='word_1_317' title='bbox 244 3334 513 3397; x_wconf 84' lang='lat' dir='ltr'>allegando,</span> <span class='ocrx_word' id='word_1_318' title='bbox 565 3344 711 3399; x_wconf 87' lang='lat' dir='ltr'>prout</span> <span class='ocrx_word' id='word_1_319' title='bbox 759 3340 940 3389; x_wconf 81' lang='lat' dir='ltr'>faciunt</span> <span class='ocrx_word' id='word_1_320' title='bbox 989 3342 1173 3400; x_wconf 87' lang='lat' dir='ltr'>domini</span> <span class='ocrx_word' id='word_1_321' title='bbox 1222 3344 1402 3407; x_wconf 82' lang='lat' dir='ltr'>iuriste.</span> <span class='ocrx_word' id='word_1_322' title='bbox 1479 3345 1571 3394; x_wconf 85' lang='lat' dir='ltr'>Sed</span> <span class='ocrx_word' id='word_1_323' title='bbox 1618 3346 1695 3395; x_wconf 89' lang='lat' dir='ltr'>alii</span> <span class='ocrx_word' id='word_1_324' title='bbox 1735 3347 1900 3397; x_wconf 85' lang='lat' dir='ltr'>volunt</span> <span class='ocrx_word' id='word_1_325' title='bbox 1938 3349 2066 3413; x_wconf 89' lang='lat' dir='ltr'>quod</span> <span class='ocrx_word' id='word_1_326' title='bbox 2105 3349 2183 3398; x_wconf 92' lang='lat' dir='ltr'>illa</span> <span class='ocrx_word' id='word_1_327' title='bbox 2222 3351 2386 3414; x_wconf 87' lang='lat' dir='ltr'>opinio</span> 
     </span>
     <span class='ocr_line' id='line_1_35' title="bbox 244 3416 2435 3499; baseline 0.009 -35"><span class='ocrx_word' id='word_1_328' title='bbox 244 3434 338 3465; x_wconf 90' lang='lat' dir='ltr'>non</span> <span class='ocrx_word' id='word_1_329' title='bbox 380 3426 538 3483; x_wconf 87' lang='lat' dir='ltr'>potest</span> <span class='ocrx_word' id='word_1_330' title='bbox 575 3421 859 3479; x_wconf 82' lang='lat' dir='ltr'>subsistere,</span> <span class='ocrx_word' id='word_1_331' title='bbox 911 3432 958 3474; x_wconf 88' lang='lat' dir='ltr'>et</span> <span class='ocrx_word' id='word_1_332' title='bbox 995 3425 1172 3475; x_wconf 87' lang='lat' dir='ltr'>hahent</span> <span class='ocrx_word' id='word_1_333' title='bbox 1212 3443 1301 3491; x_wconf 88' lang='lat' dir='ltr'>pro</span> <span class='ocrx_word' id='word_1_334' title='bbox 1341 3444 1392 3478; x_wconf 91' lang='lat' dir='ltr'>se</span> <span class='ocrx_word' id='word_1_335' title='bbox 1432 3429 1679 3488; x_wconf 88' lang='lat' dir='ltr'>Plautum,</span> <span class='ocrx_word' id='word_1_336' title='bbox 1721 3433 1802 3494; x_wconf 90' lang='lat' dir='ltr'>qui</span> <span class='ocrx_word' id='word_1_337' title='bbox 1840 3433 1954 3482; x_wconf 87' lang='lat' dir='ltr'>dicit</span> <span class='ocrx_word' id='word_1_338' title='bbox 1990 3435 2037 3482; x_wconf 92' lang='lat' dir='ltr'>in</span> <span class='ocrx_word' id='word_1_339' title='bbox 2077 3450 2162 3482; x_wconf 93' lang='lat' dir='ltr'>sua</span> <span class='ocrx_word' id='word_1_340' title='bbox 2200 3435 2385 3499; x_wconf 86' lang='lat' dir='ltr'>poetria</span> <span class='ocrx_word' id='word_1_341' title='bbox 2402 3416 2435 3443; x_wconf 39' lang='grc' dir='ltr'>’Ὗ</span> 
     </span>
     <span class='ocr_line' id='line_1_36' title="bbox 243 3503 2439 3584; baseline 0.009 -34"><span class='ocrx_word' id='word_1_342' title='bbox 243 3503 372 3566; x_wconf 89' lang='lat' dir='ltr'>quod</span> <span class='ocrx_word' id='word_1_343' title='bbox 411 3505 535 3552; x_wconf 82' lang='lat' dir='ltr'>sacta</span> <span class='ocrx_word' id='word_1_344' title='bbox 574 3505 749 3554; x_wconf 79' lang='lat' dir='ltr'>infecta</span> <span class='ocrx_word' id='word_1_345' title='bbox 790 3509 894 3556; x_wconf 85' lang='lat' dir='ltr'>ficri</span> <span class='ocrx_word' id='word_1_346' title='bbox 932 3518 1194 3574; x_wconf 88' lang='lat' dir='ltr'>nequeunt.</span> <span class='ocrx_word' id='word_1_347' title='bbox 1270 3513 1341 3560; x_wconf 85' lang='lat' dir='ltr'>Ex</span> <span class='ocrx_word' id='word_1_348' title='bbox 1380 3514 1472 3562; x_wconf 89' lang='lat' dir='ltr'>hoc</span> <span class='ocrx_word' id='word_1_349' title='bbox 1512 3515 1639 3564; x_wconf 90' lang='lat' dir='ltr'>dicto</span> <span class='ocrx_word' id='word_1_350' title='bbox 1678 3516 1904 3580; x_wconf 85' lang='lat' dir='ltr'>probant,</span> <span class='ocrx_word' id='word_1_351' title='bbox 1945 3519 1983 3566; x_wconf 89' lang='lat' dir='ltr'>si</span> <span class='ocrx_word' id='word_1_352' title='bbox 2022 3518 2232 3583; x_wconf 87' lang='lat' dir='ltr'>aliquam</span> <span class='ocrx_word' id='word_1_353' title='bbox 2270 3532 2439 3584; x_wconf 70' lang='lat' dir='ltr'>par-85</span> 
     </span>
     <span class='ocr_line' id='line_1_37' title="bbox 244 3589 2383 3665; baseline 0.009 -31"><span class='ocrx_word' id='word_1_354' title='bbox 244 3592 339 3635; x_wconf 87' lang='lat' dir='ltr'>tom</span> <span class='ocrx_word' id='word_1_355' title='bbox 389 3590 611 3652; x_wconf 86' lang='lat' dir='ltr'>corporis</span> <span class='ocrx_word' id='word_1_356' title='bbox 648 3589 824 3653; x_wconf 76' lang='lat' dir='ltr'>ludens</span> <span class='ocrx_word' id='word_1_357' title='bbox 874 3594 1030 3641; x_wconf 69' lang='lat' dir='ltr'>amisit,</span> <span class='ocrx_word' id='word_1_358' title='bbox 1067 3596 1116 3641; x_wconf 92' lang='lat' dir='ltr'>in</span> <span class='ocrx_word' id='word_1_359' title='bbox 1155 3611 1240 3643; x_wconf 89' lang='lat' dir='ltr'>sua</span> <span class='ocrx_word' id='word_1_360' title='bbox 1277 3597 1524 3655; x_wconf 88' lang='lat' dir='ltr'>iudaitate‚</span> <span class='ocrx_word' id='word_1_361' title='bbox 1564 3615 1662 3647; x_wconf 91' lang='lat' dir='ltr'>non</span> <span class='ocrx_word' id='word_1_362' title='bbox 1700 3608 1963 3665; x_wconf 88' lang='lat' dir='ltr'>recuperat</span> <span class='ocrx_word' id='word_1_363' title='bbox 1999 3602 2130 3651; x_wconf 91' lang='lat' dir='ltr'>illam</span> <span class='ocrx_word' id='word_1_364' title='bbox 2170 3605 2217 3651; x_wconf 91' lang='lat' dir='ltr'>in</span> <span class='ocrx_word' id='word_1_365' title='bbox 2257 3604 2383 3652; x_wconf 89' lang='lat' dir='ltr'>chri-</span> 
     </span>
    </p>
   </div>
   <div class='ocr_carea' id='block_1_7' title="bbox 354 3810 2382 3871">
    <p class='ocr_par' dir='ltr' id='par_1_7' title="bbox 354 3810 2382 3871">
     <span class='ocr_line' id='line_1_38' title="bbox 354 3810 2382 3871; baseline 0.009 -21"><span class='ocrx_word' id='word_1_366' title='bbox 354 3810 388 3836; x_wconf 87' lang='lat'>¹⁷</span> <span class='ocrx_word' id='word_1_367' title='bbox 416 3813 476 3853; x_wconf 92' lang='lat' dir='ltr'>M.</span> <span class='ocrx_word' id='word_1_368' title='bbox 502 3815 621 3854; x_wconf 81' lang='lat'><strong><em>1....³.</em></strong></span> <span class='ocrx_word' id='word_1_369' title='bbox 710 3814 743 3838; x_wconf 78' lang='lat'>¹⁹</span> <span class='ocrx_word' id='word_1_370' title='bbox 776 3814 1015 3868; x_wconf 77' lang='lat' dir='ltr'>quodlibit3</span> <span class='ocrx_word' id='word_1_371' title='bbox 1039 3820 1080 3857; x_wconf 82' lang='lat'>3.</span> <span class='ocrx_word' id='word_1_372' title='bbox 1169 3818 1204 3844; x_wconf 88' lang='lat'>2⁰</span> <span class='ocrx_word' id='word_1_373' title='bbox 1235 3819 1445 3871; x_wconf 83' lang='lat' dir='ltr'>phisicali</span> <span class='ocrx_word' id='word_1_374' title='bbox 1467 3825 1507 3861; x_wconf 85' lang='lat'>2.</span> <span class='ocrx_word' id='word_1_375' title='bbox 1586 3821 1621 3848; x_wconf 77' lang='lat'>²⁵</span> <span class='ocrx_word' id='word_1_376' title='bbox 1654 3854 1663 3863; x_wconf 93' lang='lat'>.</span> <span class='ocrx_word' id='word_1_377' title='bbox 1688 3824 1777 3864; x_wconf 78' lang='lat' dir='ltr'>Sed</span> <span class='ocrx_word' id='word_1_378' title='bbox 1800 3827 1915 3868; x_wconf 81' lang='lat'><strong><em>1...3.</em></strong></span> <span class='ocrx_word' id='word_1_379' title='bbox 1973 3825 2010 3853; x_wconf 82' lang='lat'>²⁷</span> <span class='ocrx_word' id='word_1_380' title='bbox 2042 3828 2318 3869; x_wconf 76' lang='lat' dir='ltr'>auctoritate</span> <span class='ocrx_word' id='word_1_381' title='bbox 2340 3829 2382 3869; x_wconf 80' lang='lat'>3.</span> 
     </span>
    </p>
   </div>
  </div>
 </body>
</html>
