2456 4264
226 233 346 291 434
425 252 717 283 flocnS'rRA‘rI
738 250 981 280 APOLOGIAE
1004 251 1055 279 11.
1078 250 1219 278 PBAEF.
1242 249 1302 276 AD
1323 249 1364 277 D.
1390 247 1690 275 INGEWINKEL
1713 247 1756 274 D.
1781 242 1834 275 12.
1859 246 1964 278 AVG.
1986 248 2030 276 A.
2056 242 2152 276 1518-

223 390 427 433 latratus
450 384 814 441 contempsimus,
851 391 1035 438 semper
1069 391 1248 439 quoque
1273 381 1326 423 ut
1347 377 1529 422 ‘rudera
1553 377 1889 436 vilipendamus.
1948 379 2016 423 Et
2038 381 2218 425 merito.
2271 379 2353 424 Ni-

221 459 287 503 hil
320 458 434 502 enim
470 454 596 498 aliud
637 456 839 512 querunt
875 449 1175 508 Talmutplzili
1208 453 1254 494 et
1284 448 1659 507 philocapniones
1703 449 1798 493 sive
1831 448 2169 506 Reuchliniste,
2215 462 2353 509 quam

220 531 273 573 ut
307 528 484 571 illorum
518 524 723 568 convitiis
753 525 799 565 et
834 522 1012 580 apertis
1049 533 1106 564 ac
1131 521 1277 579 plane
1311 517 1651 577 impudentibus
1686 519 1933 564 mendaciis
1962 523 2081 579 pari
2115 520 2354 580 impuden-

222 599 285 641 tia
317 594 592 654 respondere
627 593 832 647 velimus,
877 595 931 636 ut
980 593 1107 635 totus
1154 590 1352 635 mundus
1389 592 1589 647 putaret
1622 597 1926 644 sacrosancte
1958 592 2070 650 fidei
2100 593 2352 651 neqocium‚

218 667 338 726 quod
370 677 453 710 nos
488 665 710 722 qerimus,
749 664 796 707 in
827 661 1042 720 futilibus
1072 663 1225 720 qerris
1261 663 1307 705 et
1342 660 1574 704 maledicis
1605 660 1966 706 contentionibus
1998 662 2180 717 herere.
2256 661 2350 708 Sed
2364 674 2383 705 5

217 736 357 791 absit,
395 737 450 779 ut
483 746 567 779 nos
602 733 715 778 illud
739 744 953 791 aqamus,
992 732 1117 790 quod
1150 733 1242 790 ipsi
1275 743 1338 775 ex
1364 731 1498 790 furia
1528 733 1718 789 poetica
1752 731 1982 776 dimittere
2017 746 2108 778 non
2135 737 2353 791 possunt.

216 806 335 851 Nam
371 806 525 851 stultis
561 807 607 848 et
642 803 852 863 superbis
889 802 1262 860 respondendum
1301 814 1393 846 non
1442 813 1541 846 esse
1581 803 1719 846 iuxta
1763 801 1944 847 illorum
1988 804 2238 848 stulticiam
2271 815 2356 848 nos

216 876 428 923 Salomon
453 876 620 928 docuit,
661 887 719 919 ne
739 872 907 918 similes
939 874 1029 917 illis
1053 873 1201 932 fuisse
1235 872 1469 917 videamur
1504 875 1551 916 et
1568 885 1609 916 c.
1682 873 1824 918 Hunc
1859 873 2017 932 itaque
2048 873 2248 919 laborem
2286 870 2357 936 (ut

216 947 458 1007 aliquando
492 946 630 1005 finem
674 943 933 1003 faciamus)
978 958 1072 1003 pro
1105 945 1302 988 veritate
1340 945 1629 1002 assumptum
1665 946 1745 998 tue
1781 944 2034 998 reverende
2071 945 2360 1004 paternitati

213 1019 499 1072 dedicamus,
535 1028 626 1074 que
662 1018 709 1060 et
741 1027 906 1060 censor
937 1013 1057 1064 illius
1091 1018 1138 1059 et
1173 1027 1331 1075 rerum
1367 1017 1583 1059 actarum
1615 1015 1744 1059 testis
1780 1026 1882 1060 esse
1910 1017 2091 1073 potest,
2132 1015 2273 1062 Cuius
2307 1017 2355 1060 in
2373 1029 2412 1062 10

215 1100 298 1134 nos
323 1088 465 1147 plura
498 1088 608 1131 sunt
640 1086 881 1145 beneficia,
931 1099 1070 1145 quam
1104 1085 1253 1131 verbis
1294 1085 1447 1130 multis
1481 1085 1627 1143 effari
1648 1085 1913 1143 possimus,
1960 1085 2066 1130 huic
2098 1099 2191 1131 non
2226 1086 2356 1131 modo

217 1160 341 1204 hunc
376 1170 508 1217 quem
546 1157 744 1203 veridice
780 1159 908 1202 tueri
927 1160 1090 1215 potest
1127 1157 1325 1202 laborem
1340 1192 1351 1211 ,
1394 1156 1476 1200 sed
1517 1159 1565 1200 et
1600 1156 1793 1215 quodvis
1838 1155 1966 1201 nobis
2002 1158 2218 1215 possibile
2253 1170 2356 1202 cum

216 1231 338 1277 omni
371 1229 634 1274 reverentia
681 1231 726 1273 et
774 1229 883 1273 totis
927 1229 1070 1272 animi
1107 1228 1278 1273 viribus
1322 1228 1552 1286 supplices
1602 1227 1855 1286 offerimus.
1929 1226 2052 1272 Nam
2085 1229 2176 1273 etsi
2211 1229 2356 1273 vitam

213 1304 422 1347 nostram
459 1298 541 1343 tibi
572 1299 849 1357 offeramus,
896 1299 1012 1343 nihil
1054 1301 1210 1343 tamen
1258 1299 1349 1343 tuis
1391 1300 1440 1342 in
1487 1310 1572 1343 nos
1607 1299 1783 1343 meritis
1817 1300 1985 1356 tueque
2010 1299 2358 1357 preclarissime

216 1371 512 1419 dominationi
539 1371 812 1429 impendisse
846 1368 1146 1415 iudicabimur
1161 1406 1172 1425 ,
1219 1383 1357 1428 quam
1399 1383 1494 1428 pro
1541 1381 1630 1414 sua
1676 1369 1995 1414 misericordia
2033 1370 2110 1414 diu
2142 1369 2352 1429 felicissi—
2373 1380 2414 1414 15

215 1457 335 1489 mam
373 1444 613 1487 conservet
655 1443 704 1485 in
749 1441 1103 1486 consolationem
1146 1442 1375 1486 iusticiam
1421 1441 1670 1485 sitientium
1715 1443 1762 1485 et
1804 1452 1888 1495 sue
1924 1442 2112 1495 ecclesie
2149 1441 2359 1487 decorem

217 1515 420 1560 dominus
455 1514 554 1571 ipse
587 1511 744 1570 Iesus,
791 1513 870 1572 qui
902 1515 1070 1570 reynat
1105 1515 1153 1557 et
1186 1513 1329 1557 vincit
1361 1513 1408 1556 in
1445 1512 1601 1565 secula
1646 1510 1926 1557 benedictus.
2012 1512 2210 1558 Valeant
2245 1525 2358 1572 quo-

216 1596 304 1645 que
336 1583 539 1643 feliciter
573 1584 711 1628 amici
740 1584 844 1628 istic
881 1586 1053 1639 nostri,
1101 1585 1149 1627 et
1195 1596 1285 1642 que
1323 1584 1370 1627 in
1415 1581 1771 1642 precedentibus
1805 1583 1851 1627 et
1883 1581 2268 1642 subsequentibus
2304 1583 2360 1627 de

216 1654 544 1701 Reucltlinistis
578 1655 871 1713 scripsimus,
909 1655 956 1698 in
991 1654 1199 1712 qenerali
1229 1654 1375 1698 solum
1389 1688 1400 1709 ,
1449 1654 1673 1698 neminem
1704 1654 1917 1712 specifice
1952 1654 2145 1708 ledendo
2181 1655 2358 1712 scripta

214 1739 311 1772 esse
347 1727 564 1772 volumus.
640 1725 819 1779 Colonie
854 1735 917 1770 ecc
950 1728 1176 1771 conventu
1218 1727 1380 1770 nostro
1416 1723 1551 1769 Anno
1585 1715 1667 1770 dni
1701 1722 2020 1771 .M.00000X
2031 1723 2172 1771 VIII.
2202 1724 2358 1784 pridie
2374 1734 2417 1768 20

212 1797 345 1843 iddus
375 1797 587 1856 Auqusti.

754 1906 796 1954 (Ι
839 1907 1124 1967 Informatio
1159 1907 1456 1969 Inquisitoris
1487 1909 1552 1953 ad
1589 1909 1818 1954 lectorem.

353 2009 621 2064 Preteriere
656 2010 770 2053 anni
802 2011 978 2066 septem
991 2044 1002 2064 ,
1044 2009 1190 2053 lector
1214 2009 1443 2066 piissime,
1480 2007 1602 2066 quod
1635 2007 1832 2066 leqitimo
1868 2006 2068 2063 Cesaree
2102 2009 2358 2053 maiestatis

213 2079 432 2126 mandato
463 2081 632 2126 diversi
665 2080 952 2124 diversarum
989 2080 1440 2139 clarissimarumque
1473 2079 1826 2124 universitatum
1861 2080 1909 2123 in
1932 2081 2084 2124 sacris
2105 2080 2252 2124 literis
2277 2080 2354 2124 do—

214 2155 390 2208 ctoreS,
437 2165 532 2197 una
577 2165 679 2196 cum
715 2149 893 2195 Ioanne
926 2150 1177 2205 Reuchlin,
1217 2161 1359 2195 suevo
1396 2150 1630 2209 legumque
1665 2149 1854 2195 doctore
1888 2152 1934 2194 et
1964 2151 2134 2210 insiqni
2164 2153 2356 2196 oratore
2370 2160 2411 2194 25

213 2224 432 2283 requisiti,
471 2223 710 2267 consulere
738 2221 972 2277 debebant,
1011 2235 1118 2278 non,
1155 2225 1211 2266 ut
1247 2221 1409 2266 titulus
1432 2219 1729 2275 Reuchlinice
1756 2221 2106 2267 consultationis
2137 2222 2232 2266 sive
2254 2233 2358 2281 spe-

214 2295 306 2339 culi
330 2294 533 2339 ocularis
566 2295 819 2351 impressus
846 2291 969 2350 falso
1001 2293 1312 2352 presupponit
1345 2291 1418 2336 liis
1453 2291 1603 2337 verbis
1639 2290 1914 2352 ‘Ratschlay
1939 2291 1994 2338 ob
2023 2307 2132 2337 man
2156 2293 2243 2337 den
2266 2292 2356 2337 Ju-

215 2365 304 2410 den
348 2365 437 2409 alle
482 2365 552 2408 ire
588 2363 758 2408 bucher
793 2376 980 2419 nemen,
1033 2363 1231 2421 abthun,
1277 2363 1376 2408 und
1410 2363 1695 2409 verbrennen
1723 2364 1846 2421 soll’,
1893 2361 1957 2408 Id
1990 2365 2061 2408 est
2097 2364 2170 2408 An
2206 2364 2357 2418 iudeis

215 2446 367 2479 omnes
402 2436 477 2478 sui
510 2434 614 2478 libri
643 2434 851 2493 auferri,
890 2435 1071 2480 destrui
1102 2438 1149 2480 et
1184 2434 1392 2480 comburi
1423 2434 1642 2492 debeant,
1679 2434 1827 2479 nullos
1850 2435 2030 2480 omnino
2059 2434 2356 2493 excipiendo:
2406 2419 2419 2432 ‘

215 2518 372 2551 verum
404 2506 562 2564 potius
595 2506 705 2564 quid
735 2507 1035 2551 statuendum
1071 2508 1213 2561 esset,
1250 2507 1415 2566 quidve
1448 2507 1668 2564 optimum
1701 2504 1840 2564 factu
1875 2506 2128 2562 videretur,
2163 2506 2220 2551 de
2254 2507 2351 2566 qui-
2369 2514 2411 2548 30

216 2575 405 2621 busdam
446 2575 688 2630 iudeorum
724 2576 849 2621 libris
878 2588 1019 2621 sacra
1057 2577 1131 2622 dei
1172 2579 1396 2635 mysteria
1441 2576 1866 2635 corrumpentibus,
1917 2579 1965 2622 et
1994 2576 2178 2622 Christo
2214 2579 2357 2635 atque

216 2648 402 2701 ecclesie
434 2646 708 2705 blasphemis
741 2650 787 2691 et
808 2660 849 2692 c.
887 2649 995 2706 quia
1028 2650 1075 2693 in
1115 2649 1270 2693 eodem
1313 2648 1426 2707 folio
1470 2660 1554 2702 sue
1598 2648 1975 2704 consultationis,
2020 2647 2146 2707 facie
2178 2647 2353 2703 eadem,

214 2718 352 2762 aliam
387 2719 662 2776 questionem
703 2721 924 2777 tanquam
957 2719 1044 2763 sibi
1074 2719 1274 2764 oblatam
1303 2723 1473 2774 movet,
1517 2719 1648 2778 lonqe
1683 2732 1713 2763 a
1745 2720 1958 2778 qenerali
1984 2720 2207 2778 predicta
2243 2731 2355 2778 que-

214 2790 361 2833 stione
398 2788 710 2846 differentem,
750 2802 838 2847 que
872 2791 1009 2834 etiam
1046 2804 1109 2834 an
1145 2792 1207 2835 sit
1243 2790 1580 2850 Imperatoris,
1629 2791 1729 2848 ipse
1772 2789 1859 2835 sibi
1890 2789 2073 2836 viderit.
2148 2790 2354 2848 Capnion

212 2860 368 2917 itaque
414 2861 582 2904 ceteris
618 2861 858 2918 qloriosior
907 2873 1142 2919 apparere
1187 2863 1363 2917 volens,
1420 2865 1466 2906 et
1520 2861 1686 2905 limites
1727 2860 1954 2916 catholice
2001 2861 2353 2907 consultationis
2366 2867 2408 2902 35

104 2924 247 2986 aiiijb
269 2928 408 2987 (citra
441 2924 769 2994 raltionabilem
793 2929 1101 2989 Imperatoris
1133 2934 1284 2977 nostri
1305 2927 1675 2994 commissionem)
1699 2933 1834 2977 nimis
1857 2933 2174 2991 eoespaciando
2197 2935 2354 2978 trans·

219 2999 430 3057 qrediens
467 2996 713 3062 (nunquam
749 3003 867 3046 enim
902 3004 968 3047 illi
999 3003 1155 3048 oblata
1189 3006 1367 3062 questio
1400 3003 1495 3062 fuit
1530 3017 1560 3047 a
1587 3002 1788 3058 Cesarea
1815 3005 2074 3061 maiestate,
2111 3011 2175 3049 an
2200 3015 2356 3049 omnes

215 3071 452 3124 iudeorum
487 3070 590 3116 libri
621 3074 716 3132 sint
739 3073 1022 3130 perimendi,
1061 3077 1115 3118 ut
1153 3075 1200 3118 in
1231 3076 1326 3119 eius
1357 3077 1494 3133 patet
1518 3072 1756 3136 mandato)
1796 3074 1959 3120 librum
1989 3074 2221 3135 quendam
2256 3075 2352 3121 edi-

218 3140 284 3183 dit
320 3142 391 3185 sui
420 3143 612 3198 consilii,
663 3145 740 3188 cui
760 3148 927 3202 postea
965 3146 1130 3189 titulus
1167 3144 1411 3203 Speculum
1458 3146 1665 3200 oculare,
1713 3156 1848 3205 quem
1890 3159 1996 3191 cum
2040 3148 2237 3206 ipsemet
2271 3148 2352 3192 im·
2404 3171 2415 3177 -

208 3212 356 3268 primi
385 3209 595 3268 fecisset,
630 3216 675 3257 et
709 3215 757 3258 in
791 3218 978 3259 nostras
1014 3228 1179 3261 manus
1205 3218 1519 3274 pervenisset,
1557 3229 1655 3274 nos,
1695 3229 1788 3262 non
1823 3219 1877 3263 ut
1909 3217 2158 3264 membrum
2179 3217 2340 3278 predi·
2366 3226 2404 3257 -w

216 3283 385 3325 catorii
413 3283 607 3338 ordinis,
643 3288 727 3328 aut
761 3289 815 3329 ut
841 3287 979 3343 prior
1015 3291 1264 3332 conventus
1297 3287 1586 3344 Coloniensis,
1619 3287 1704 3332 sed
1728 3290 1783 3333 ut
1812 3286 2070 3349 Inquisitor
2099 3289 2351 3336 dumtaxat

215 3350 417 3406 heretice
446 3353 698 3409 pravitatis
742 3369 772 3399 a
815 3356 922 3400 sede
961 3360 1213 3415 apostolica
1239 3371 1333 3416 per
1362 3362 1461 3404 tres
1493 3359 1765 3417 provincias
1798 3360 1864 3405 ad
1893 3360 2214 3421 'inquirendum
2247 3373 2352 3405 con*

216 3422 390 3477 stituti,
428 3425 473 3466 et
509 3422 669 3468 deinde
704 3425 767 3468 ad
800 3426 886 3470 hoc
920 3429 1168 3474 solenniter
1203 3430 1433 3487 requisiti,
1472 3431 1600 3474 illum
1630 3443 1722 3489 pro
1754 3430 1911 3490 officio
1950 3432 2078 3477 nobis
2114 3433 2351 3477 commisso

211 3492 581 3550 perlustranteS,
624 3495 808 3551 plenum
847 3498 1102 3543 invenimus
1127 3501 1402 3558 perniciosis
1433 3500 1772 3559 pravitatibus,
1820 3503 2149 3561 erroribusque
2182 3503 2348 3556 multis,

215 3563 395 3611 minime
427 3565 476 3607 in
511 3565 698 3609 ecclesia
730 3566 803 3611 dei
842 3569 1105 3613 tolerandis.
1155 3571 1204 3614 id
1236 3572 1360 3629 quod
1403 3573 1543 3616 etiam
1585 3574 1682 3618 suis
1726 3572 1970 3619 sententiis
2007 3575 2253 3622 clarissimi
2278 3574 2345 3617 di·
2362 3577 2405 3610 45
2435 3582 2442 3614 ’.

215 3645 459 3678 versarum
497 3635 850 3681 universitatum
905 3638 1116 3684 doctores
1151 3641 1332 3697 publice
1376 3642 1701 3699 approbarunt
1742 3649 1830 3690 etc.
1908 3644 2060 3689 Causa
2104 3645 2245 3702 iqitur
2288 3644 2352 3688 ad
2415 3632 2419 3633 ⁷

213 3703 371 3749 urbem
406 3704 664 3751 Romanam
697 3706 933 3758 devoluta,
978 3711 1037 3753 vac
1072 3712 1202 3755 modo
1242 3708 1310 3773 (ut
1342 3713 1488 3756 multa
1524 3714 1617 3757 alia
1650 3728 1741 3772 que
1777 3715 1893 3760 nihil
1913 3714 1977 3758 ad
2009 3725 2106 3758 rem
2142 3713 2349 3772 faciunt,

322 3856 361 3886 ²⁷
391 3857 460 3900 Cf.
481 3857 723 3900 Reuchlini
752 3858 1064 3913 Auqenspieyel
1089 3873 1194 3913 pag.
1217 3858 1265 3913 ἒ.
