2456 4264
181 303 396 335 rm‘muc.
417 301 512 335 cvii
532 302 754 334 Ancumr.
779 301 1065 335 wRAchTvs.
1088 302 1231 335 HVIVS
1253 303 1314 333 An
1337 304 1565 334 CAESAREM
1587 305 1656 335 ΕΡ.
1681 306 1725 338 D.
1749 301 1807 336 23.
1831 306 1936 339 APR.
1962 302 2061 337 1511.
2098 283 2216 342 109

13 403 22 429 ἰ

0 438 29 558 {t
53 434 270 487 amdam
317 447 408 483 nos
453 440 502 484 et
536 435 689 488 libros
731 438 923 484 nostros
967 438 1146 484 contra
1189 438 1234 483 te
1279 437 1506 485 excitare
1554 435 1788 486 volumus'
1825 442 1874 486 et
1907 440 2072 487 multis
2106 441 2222 488 aliis

0 526 27 592 {t
51 520 355 572 monibus
399 520 586 570 illicitis
630 522 683 569 in
735 526 900 581 nostre
941 520 1070 580 fidei
1123 520 1340 570 dedecus
1393 526 1441 570 et
1493 524 1791 585 vituperium
1845 523 1970 573 milti
2022 525 2221 573 restite-

0 594 184 684 ³}m1·
262 604 402 655 Tunc
445 607 636 666 quesivi
676 620 743 654 ex
789 605 991 666 Iudeis:
1053 607 1179 666 ‘quis
1215 605 1462 668 patefecit
1504 608 1636 657 vobis
1675 610 2080 658 consultationem
2126 609 2218 658 Io-

0 702 27 765 35,
53 693 200 744 απαίε
237 690 511 751 Reuchlin,
569 696 660 740 aut
686 688 838 758 :unde
888 691 1027 740 scitis
1073 704 1157 740 vos
1202 691 1338 752 quod
1375 706 1477 754 pro
1525 693 1656 742 vobis
1690 698 1739 742 et
1771 700 1949 743 contra
1979 708 2056 744 me
2091 708 2217 744 con-

30 773 359 850 sultaverit?
420 775 559 826 Tunc
599 775 840 836 fecerunt
878 781 1118 838 tanquam
1165 778 1266 836 illi,
1319 790 1529 838 quorum
1579 792 1633 827 os
1669 793 1736 827 ex
1787 781 1955 828 cordis
1998 794 2215 843 supera-

49 862 323 913 bundantia
356 863 575 924 loquitur
610 877 702 912 nec
734 867 901 912 tacere
929 866 1213 925 potuerunt,
1250 866 1299 910 et
1322 864 1645 922 notificarunt
1671 863 1795 912 milti
1828 865 2068 925 quomodo
2105 878 2217 913 cum

26 947 240 1013 <Iamne
282 947 530 997 Reuchlin
569 957 731 997 essent
776 950 828 997 in
873 961 1060 1009 maqna
1102 947 1461 1007 familiaritate
1507 953 1556 996 et
1590 950 1772 1010 optime
1806 949 1994 997 scirent
2030 949 2092 997 de
2129 949 2222 998 hoc

47 1034 278 1096 negocia·
342 1031 481 1082 Tunc
513 1035 649 1082 intra
686 1047 762 1083 me
797 1033 1092 1094 coquebam,
1141 1031 1293 1081 ‘nunc
1328 1032 1507 1082 tenebit
1540 1033 1767 1082 diabolus
1812 1031 2120 1095 candelam’,
2159 1048 2220 1082 ac

47 1119 182 1170 llius
209 1118 464 1181 proverbii
496 1118 787 1168 Germanici
828 1117 1142 1167 recordabar
1175 1117 1422 1166 ‘doctrina
1464 1117 1601 1177 facit
1631 1115 1912 1180 perversos’
1929 1136 1945 1167 .-
1978 1123 2220 1180 preterea

39 1204 42 1208 ’
77 1268 82 1269 7
235 1217 348 1253 mea
379 1205 634 1264 volvebam
671 1207 820 1253 ‘estne
849 1203 1069 1252 Ioannes
1103 1201 1350 1252 Reuchlin
1383 1207 1518 1263 tante
1548 1203 1765 1263 audacie
1778 1243 1789 1265 ,
1830 1204 1965 1265 quod
1994 1203 2222 1254 Romano

47 1288 352 1352 Imperatori
382 1291 698 1352 apertissima
733 1289 998 1338 mendacia
1034 1293 1083 1337 et
1113 1288 1352 1350 pessimos
1381 1301 1582 1337 errores
1615 1289 1805 1338 audeat
1831 1291 2036 1351 mittere,
2065 1292 2221 1344 multo

18 1386 208 1437 mayn
234 1375 351 1424 aliis
369 1371 741 1438 principibus?
781 1374 849 1423 Et
883 1375 1050 1423 omnia
1087 1388 1182 1435 que
1215 1374 1511 1423 audiveram
1542 1388 1575 1423 a
1598 1375 1784 1435 Iudeis,
1822 1377 1994 1424 rettuli
2014 1376 2222 1437 quibus-
2289 1388 2291 1390 ·

0 1426 167 1584 ιῑδσω
191 1459 431 1510 *honestis
484 1459 781 1510 Christianis
825 1459 1097 1520 Moyuntie.
1168 1460 1294 1521 quid
1335 1473 1455 1509 nam
1503 1462 1712 1510 ulterius
1757 1474 1911 1522 aqere
1956 1458 2222 1510 deberem?

0 1525 11 1773 ἔ.
26 1543 194 1797 'Tunc
223 1548 499 1596 consultum
534 1551 609 1596 est
639 1545 787 1611 mihi,
826 1546 1068 1607 quicquid
1099 1558 1272 1595 coram
1306 1545 1649 1609 Imperatoria
1679 1548 1936 1595 maiestate
1969 1546 2226 1596 Iohannes

120 1640 123 1641 ’
182 1637 186 1640 ’
240 1633 293 1681 in
327 1632 452 1681 mihi
479 1630 619 1692 falso
650 1632 984 1695 imposuisset,
1000 1656 1003 1659 ·
1021 1632 1152 1680 illud
1186 1631 1414 1680 deberem
1446 1632 1639 1681 diluere
1663 1638 1711 1681 et
1732 1645 1808 1681 me
1834 1634 1885 1681 in
1909 1632 2002 1681 boc
2024 1634 2224 1696 scriptis
2287 1664 2290 1667 »

41 1717 254 1783 publicis
286 1730 565 1767 excusare:
600 1722 650 1767 et
680 1719 753 1767 sic
782 1718 1035 1780 composui
1066 1730 1130 1766 ac
1159 1717 1302 1766 edidi
1319 1716 1588 1779 Speculum
1619 1720 1854 1768 manuale
1886 1722 2063 1768 contra
2081 1732 2229 1781 pra-⁴

0 1804 242 1924 sstnitatem
281 1802 556 1864 Iudeorum
604 1803 919 1866 Insuperque
963 1804 1157 1864 aliquos
1200 1804 1397 1852 inutiles
1455 1805 1692 1852 articulos
1744 1818 1812 1853 ex
1866 1806 2224 1854 consultatione

1 1882 330 1953 'I-Beuclaelina
371 1891 622 1952 excerpsi.
691 1895 739 1938 et
781 1889 874 1950 hec
916 1890 1084 1938 omnia
1131 1888 1204 1936 ad
1256 1887 1634 1948 defendendum
1685 1888 1920 1938 honorem
1963 1903 2123 1938 meum
2169 1891 2222 1938 in

0 1976 276 2032 :manuali
323 1976 526 2037 speculo
581 1977 634 2023 in
685 1975 888 2036 scriptis
932 1973 1214 2036 publicavi,
1275 1986 1446 2022 verum
1498 1974 1561 2022 de
1608 1975 1964 2024 consultatione
2009 1974 2220 2023 Ioannis

186 2060 294 2110 hlin
313 2061 507 2109 nullam
525 2059 729 2120 faciens
746 2061 1053 2108 mentionem.
1092 2059 1229 2120 quod
1243 2059 1442 2120 quidem
1464 2061 1720 2121 speculum
1744 2061 1980 2108 manuale
1998 2061 2114 2108 misi
2128 2059 2221 2108 Io-

0 2151 14 2191 t
64 2152 66 2154 ’
114 2147 175 2194 ni
193 2144 443 2195 Reuchlin
469 2150 517 2195 et
551 2145 706 2211 obtuli
738 2147 785 2194 si
801 2144 952 2205 facta
978 2149 1104 2194 esset
1125 2146 1175 2194 ei
1201 2158 1235 2193 a
1259 2157 1336 2193 me
1360 2145 1565 2202 iniuria,
1595 2148 1811 2206 paratus
1837 2144 2050 2205 fuissem
2073 2147 2223 2194 sicuti

34 2229 214 2298 *adhuc
241 2243 351 2280 sum
374 2235 491 2281 ante
519 2224 787 2292 Cesaream'
814 2233 1116 2280 maiestatem
1150 2232 1228 2280 vel
1257 2231 1600 2279 universitates
1633 2235 1721 2279 aul
1744 2231 1959 2292 heretice
1984 2232 2222 2292 pravita-

28 2317 108 2375 ςΒ
123 2317 459 2379 irtqwisitorem
478 2317 531 2366 in
549 2316 771 2366 omnibus
791 2317 911 2366 locis
930 2316 1236 2379 respondere
1253 2317 1516 2378 omniaque
1525 2317 1750 2379 probare
1769 2330 1924 2378 usque
1948 2316 2020 2364 ad
2042 2317 2223 2377 ionem.

28 2394 66 2466 ξ’
190 2401 235 2450 1[
269 2401 339 2451 El
371 2403 455 2452 illo
491 2402 662 2452 eodem
699 2409 916 2464 tempore
946 2401 1036 2462 sui
1069 2403 1309 2451 nundinis
1337 2395 1906 2462 Franckfordiensibus.
1967 2411 2087 2451 tunc
2123 2403 2220 2451 ite—

0 2471 160 2577 ,ιῆην»
198 2488 332 2537 misit
371 2489 758 2549 qratiosissimus
794 2488 1021 2537 dominus
1055 2502 1192 2537 meus
1228 2487 1550 2549 Moquntinus
1585 2488 1659 2536 ad
1693 2500 1769 2536 me
1804 2483 1826 2555 ΙΙ
1859 2492 1913 2536 ut
1946 2490 2215 2551 quampri—
2238 2501 2319 2555 ‹mj

0 2573 179 2642 :Quum
216 2573 436 2623 venirem
471 2573 547 2622 ad
579 2587 657 2638 se,
692 2578 743 2622 et
769 2575 1035 2637 proposuit
1066 2574 1308 2635 quomodo
1341 2575 1639 2622 universitas
1663 2572 2037 2635 Erpbordensis
2072 2575 2220 2623 etiam

30 2658 252 2710 humet
283 2658 382 2708 sibi
409 2672 552 2710 suam
589 2661 996 2710 consultationem
1020 2661 1226 2722 reliquis
1249 2658 1575 2724 conformem,
1614 2671 1766 2720 quam
1790 2659 1991 2721 quidem
2017 2661 2221 2709 consul-

32 2705 676 2826 }tationem‘Erphordenses
690 2750 907 2808 propter
922 2745 1156 2807 publicas
1176 2746 1437 2795 seditiones
1462 2750 1511 2794 et
1533 2746 1764 2794 intestina
1790 2744 1918 2795 bella
1942 2746 2088 2794 citius
2107 2746 2219 2794 mit-

34 2827 151 2880 {m
170 2842 270 2879 non
289 2822 580 2897 potuissent,
619 2832 1037 2893 quemadmodum
1062 2833 1253 2893 relique
1279 2832 1639 2881 universitates.
1705 2830 1772 2880 Et
1790 2832 1862 2880 sic
1897 2832 2029 2880 misit
2051 2843 2127 2879 me
2152 2830 2224 2879 ad

0 2910 313 2993 :wemmam
330 2917 636 2967 maiestatem
654 2930 768 2967 cum
786 2919 1141 2968 consultatione
1160 2919 1252 2967 illa
1271 2922 1319 2967 et
1336 2918 1512 2967 litteris
1529 2918 1633 2967 suis
1651 2917 1744 2967 boc
1756 2922 1906 2980 pacto
1921 2917 2222 2966 sonantibus.

8 3003 83 3039 uf„-

40 3087 78 3126 2
187 3085 510 3142 serenissime
543 3087 886 3138 Illustrissime
913 3089 1089 3150 Cesar,
1123 3090 1482 3150 eratiosissime
1518 3089 1735 3146 domine,
1773 3100 1934 3137 meam
1958 3087 2222 3136 subiectio-

43 3176 45 3179 ’
204 3185 269 3224 ac
311 3173 639 3224 obedientiam
660 3226 666 3228 ,
687 3174 817 3224 vobis
860 3174 1021 3235 offero
1071 3175 1494 3233 Quemadmodum
1536 3178 1701 3224 vestra
1741 3172 1957 3233 Cesarea
1988 3174 2223 3222 maiestas

136 3269 264 3321 pore
300 3264 483 3309 exacto
510 3261 659 3323 petiit
686 3274 787 3323 per
830 3261 1147 3323 mandatum,
1194 3268 1248 3309 ut
1291 3260 1482 3309 honesti
1524 3267 1572 3309 et
1615 3259 1873 3309 benedocti
1917 3258 2140 3308 doctores
2176 3264 2224 3307 et

23 3408 25 3410 η
269 3344 280 3356 ’
310 3346 646 3395 universitatis
678 3345 1049 3408 Erphordensis
1073 3347 1320 3395 mitterent
1343 3347 1750 3396 consultationem
1777 3357 1935 3404 suam,
1980 3344 2222 3405 quomodo

14 3470 21 3476 .
114 3426 231 3480 ὦσα
261 3432 465 3492 neqocio
501 3431 662 3493 (quod
686 3431 960 3491 Iudeorum
991 3432 1142 3481 libros
1178 3433 1360 3494 tanqit)
1401 3431 1652 3493 apendum
1685 3436 1824 3490 esset,
1863 3429 1948 3479 Sic
1986 3431 2227 3478 miserunt

210 3527 323 3565 eam
371 3517 424 3565 in
461 3517 684 3578 scriptis,
731 3529 881 3577 quam
930 3517 1129 3578 quidem
1177 3518 1387 3565 ulterius
1430 3522 1587 3576 vestre
1634 3517 1944 3575 serenissime
1980 3516 2227 3563 maiestati

241 3602 341 3650 illo.
408 3600 474 3650 Et
520 3614 634 3650 cum
679 3607 747 3651 tol
798 3603 1143 3651 universitates
1183 3604 1235 3650 in
1275 3601 1368 3651 hoc
1413 3603 1616 3662 neqocio
1658 3608 1772 3650 sunt
1812 3602 2031 3660 consulte
2078 3605 2127 3648 et
2162 3600 2222 3657 lte

189 3698 216 3735 ε
247 3687 396 3735 unius
431 3689 606 3737 mentis
637 3692 775 3748 sunl,
817 3699 881 3737 ac
917 3689 1174 3747 neqocium
1220 3687 1312 3736 hoc
1349 3686 1451 3735 tam
1492 3689 1593 3737 late
1637 3687 1973 3736 extenderunt
2007 3685 2092 3733 Sic
2124 3699 2219 3745 pe-

232 3777 288 3821 ut
320 3778 484 3821 vestra
511 3772 727 3833 Cesarea
761 3774 995 3822 maiestas
1031 3774 1144 3821 velit
1177 3786 1382 3822 eausam
1420 3774 1553 3822 lianc
1584 3775 1653 3822 ita
1683 3778 1906 3821 tractare
1932 3776 1986 3818 ut
2022 3772 2220 3830 (quem-
