2456 4264
148 303 408 338 suumn
427 304 488 333 nn
509 303 823 334 counvnssnno
846 302 973 335 srssc.
995 301 1199 333 ocvnAm
1221 301 1342 331 mu
1365 301 1580 331 comum.
1601 303 1646 335 n.
1671 298 1725 332 10.
1746 303 1884 335 emm.
1906 303 1949 333 A.
1974 299 2071 333 1514.
2137 279 2157 337 1
2179 279 2255 339 39

14 419 23 503 ζὁ
51 410 54 412 ¹
89 438 300 492 ecclesia
331 436 499 487 sancti
524 433 728 496 Andree
763 435 988 486 comburi
1019 434 1173 495 iussit,
1210 433 1359 483 sicuti
1388 447 1472 483 sen
1481 435 1634 484 tentia
1667 448 1876 497 sequens
1909 435 1972 484 de
2007 435 2153 484 verbo
2189 436 2261 484 ad

19 586 22 587 ⁷
89 525 286 577 verbm
323 524 540 598 idipsum
576 524 849 572 attestatur.

16 655 22 688 ²
267 665 634 722 ,Sententia
671 663 958 714 Alterius
993 662 1275 723 heretice
1297 662 1653 724 pravitatis
1691 663 2036 724 inquisito-

0 734 25 771 '
64 799 69 801 Δ
126 803 127 806 ,
301 753 399 802 ris
443 755 672 800 contra
712 750 1050 812 speculum
1099 750 1359 797 oculare
1403 747 1683 798 Ioannis
1717 747 2044 798 Reuchlin.

12 859 27 884 t

0 836 26 921 ῥ’.
41 869 114 903 ι..
231 850 277 900 1
312 850 498 901 Christi
529 850 766 911 crucifixi
799 852 971 898 nostra
1010 849 1281 912 opprobria
1318 861 1404 907 sue
1441 848 1804 897 incarnationis
1841 855 1890 897 et
1926 861 2101 909 amare
2127 863 2257 911 pas-

14 904 27 979 t
82 937 239 989 εἰωίε
279 938 512 987 misteriis
560 937 769 986 delentis
814 936 1012 984 nomine
1053 936 1279 984 invocato
1312 934 1416 982 Pro
1465 933 1710 982 tribunali
1744 933 1968 982 sedentes
2011 938 2059 982 et
2102 937 2256 984 solum

0 985 47 1115 ἰ
87 1023 260 1084 deun,
305 1023 413 1072 eius
459 1023 708 1072 iusticiam
743 1026 792 1071 et
826 1021 1116 1081 relieionem
1154 1033 1252 1081 pre
1296 1020 1456 1068 oculis
1492 1017 1727 1066 babentes
1762 1019 2013 1079 ipsiusque
2044 1021 2096 1067 in
2131 1022 2258 1069 reli-

0 1111 32 1191 {f
88 1110 287 1173 fiunem
325 1108 550 1158 divinam
596 1109 714 1168 (que
745 1109 798 1156 in
846 1107 1062 1155 omnium
1110 1105 1318 1154 tendunt
1363 1105 1627 1166 iniuriam)
1676 1105 1934 1153 commissa
1970 1105 2255 1166 opprobria,

0 1191 67 1263 ἔβ-
89 1204 157 1246 ac
194 1193 411 1269 heretice
445 1193 808 1256 superstitionis
844 1193 1004 1256 invia,
1054 1191 1214 1240 inulta
1246 1191 1494 1240 dimittere
1525 1191 1765 1246 nolentes,
1808 1191 1860 1238 in
1897 1203 2053 1239 causa
2086 1192 2256 1252 inqui-

0 1265 275 1347 ,finitionis
306 1287 486 1330 contra
520 1280 776 1341 speculum
813 1279 1018 1327 oculare
1049 1276 1237 1326 Ioanni
1273 1275 1524 1325 Reuclzlin
1562 1276 1856 1338 inscriptum
1869 1312 1884 1340 ,
1932 1277 1984 1325 in
2018 1289 2258 1338 processu

0 1348 36 1414 “2
82 1378 235 1428 cause
259 1366 455 1416 clarius
490 1365 806 1426 desiynatum
840 1364 1059 1422 institute
1091 1363 1245 1422 (citra
1279 1366 1445 1411 tamen
1468 1363 1625 1424 ipsius
1653 1358 1872 1411 auctoris
1896 1367 2077 1424 notam,
2115 1377 2258 1424 quem

0 1465 27 1510 t
80 1451 154 1503 ob
167 1452 279 1502 eius
299 1451 533 1501 humilem
567 1450 938 1500 submissionem
963 1453 1012 1498 et
1047 1450 1153 1498 alia
1185 1449 1292 1497 eius
1314 1447 1596 1498 laudabilia
1620 1449 1812 1511 scripta
1835 1462 1932 1511 pro
1962 1449 2205 1498 catholico
2229 1445 2253 1517 Η

16 1519 58 1597 ᾗ
83 1537 333 1588 hawinus.
405 1537 571 1587 Potest
612 1549 827 1598 namque
866 1549 965 1585 non
1002 1534 1250 1596 hereticus
1295 1534 1431 1584 dicta
1477 1534 1689 1594 heresim
1723 1536 1971 1596 sapientia
2005 1535 2238 1595 scribere,
2256 1541 2369 1596 (βψ)

0 1597 60 1693 ᾗ
82 1628 145 1674 nt
168 1623 238 1674 de
266 1622 444 1673 abbate
476 1622 702 1672 Ioaclzim
751 1622 895 1686 apud
938 1623 1056 1671 iura
1102 1624 1318 1684 constat)
1356 1634 1459 1684 per
1494 1620 1630 1670 hanc
1669 1625 1891 1670 nostram
1936 1621 2256 1682 diffinitivam

0 1700 389 1770 summania,
425 1721 577 1770 quam
611 1709 737 1758 actis
772 1721 924 1768 cause
959 1708 1148 1756 meritis
1178 1707 1442 1768 diliqenter
1472 1707 1588 1756 visis
1618 1712 1667 1756 et
1695 1708 1869 1756 revisis
1902 1706 2257 1770 Theoloyorum

4 1779 26 1857 ζ’
79 1800 131 1847 et
157 1796 562 1860 iwispetitorum
587 1794 727 1844 nobis
765 1795 1125 1844 communicato
1163 1794 1371 1843 consilio
1399 1795 1602 1855 pariter
1631 1798 1680 1842 et
1713 1807 1919 1844 assensu
1947 1793 2167 1854 ferimus
2203 1796 2256 1843 in

0 1879 25 1913 -Γ
80 1881 159 1932 Εἰς
189 1882 405 1945 scriptis,
432 1882 857 1944 pronunciamus,
897 1880 1211 1929 decernimus
1243 1884 1293 1928 et
1326 1879 1646 1929 declaramus
1681 1885 2005 1929 memoratum
2041 1880 2256 1931 libellum

0 1987 22 2027 ἢ
78 1967 278 2029 hereses
299 1968 592 2030 sapientem,
630 1971 680 2016 et
712 1979 913 2016 errores
944 1968 1122 2015 multos
1155 1965 1483 2015 continentem
1504 1965 1722 2028 perfidis
1744 1965 1920 2026 Iudeis
1942 1969 2067 2029 plus
2103 1982 2254 2029 quam

18 2047 35 2117 ’ί
81 2054 256 2104 deceat
290 2052 629 2113 favorabilem
643 2090 657 2113 ,
702 2054 907 2112 ecclesie
946 2052 1030 2101 dei
1075 2052 1368 2101 iniuriosum
1382 2089 1394 2112 ,
1441 2064 1505 2100 ac
1539 2052 1703 2100 sacris
1738 2053 1942 2112 ecclesie
1976 2054 2255 2103 doctoribus

19 2150 70 2216 ᾗ.
83 2140 509 2194 irreverentialem
522 2173 536 2197 ‚
572 2138 983 2198 christifidelium·
992 2138 1212 2186 maxime
1237 2137 1539 2200 simplicium
1560 2137 2023 2202 scandalisativum,
2058 2140 2254 2203 ipsum-

21 2230 23 2260 i
78 2239 175 2288 que
200 2229 439 2288 preterea
462 2225 742 2287 (scriptura
770 2238 858 2274 seu
889 2224 1212 2286 impressoria
1241 2229 1351 2272 arte
1370 2236 1466 2285 per
1480 2221 1811 2273 Coloniensem
1832 2224 2063 2274 diocesim
2083 2227 2254 2275 multi-

20 2367 25 2378 ·
75 2311 341 2374 plicatum)
360 2311 609 2359 communi
626 2310 876 2359 hominum
892 2311 1007 2359 usui
1022 2309 1438 2375 interdicendum,
1457 2308 1912 2373 condemnandum,
1933 2313 2256 2374 supprimen-

22 2427 29 2465 3
85 2395 229 2460 ᾱιυη,
267 2395 557 2456 tollendum,
598 2408 662 2445 ac
697 2396 806 2458 iqni
828 2396 1031 2459 publice
1064 2395 1507 2455 concremandum,
1543 2400 1696 2457 prout
1731 2396 2094 2461 interdicimus,
2128 2412 2255 2446 con-

25 2529 38 2563 ,
79 2481 395 2544 «temnamus,
430 2482 811 2546 supprimimus,
862 2484 1096 2543 tollimus,
1132 2483 1334 2545 pariter
1362 2487 1411 2531 et
1443 2483 1558 2542 iqne
1593 2484 1907 2532 concremari
1931 2485 2254 2547 precipimus.

22 2633 70 2673 2,
223 2609 268 2660 t
301 2609 434 2661 Lata
467 2615 518 2661 et
549 2615 765 2661 executa
805 2616 879 2661 est
906 2611 1110 2674 publico
1144 2611 1375 2662 incendio
1408 2610 1604 2671 Colonie
1653 2611 1744 2672 hec
1774 2610 2031 2662 Sententia
2081 2613 2134 2662 in
2173 2613 2254 2662 die

78 2694 380 2758 Scholastiee
412 2698 636 2759 virqinis.
674 2696 836 2747 Anno.
863 2706 1001 2742 xlm.
1036 2703 1084 2747 et
1103 2713 1148 2748 c.

220 2811 265 2862 C
302 2811 487 2861 Contra
522 2811 614 2873 bec
650 2813 816 2863 omnia
851 2813 1042 2863 iudices
1077 2811 1339 2876 Spirenses
1374 2826 1473 2862 non
1514 2814 1738 2875 inspecta
1774 2814 1949 2876 priore
1984 2826 2139 2863 causa
2169 2827 2254 2863 se-

24 2950 46 2961 *
77 2898 294 2950 cundum
329 2911 474 2948 suam
506 2900 804 2948 voluntatem
839 2905 887 2949 et
922 2901 1219 2949 intellectum
1252 2901 1474 2949 tulerunt
1514 2900 1826 2960 sententiam,
1877 2899 2012 2961 quod
2049 2901 2254 2949 oculare

25 2965 39 2987 ⁸
77 2985 330 3048 speculum
360 2983 569 3034 Ioannis
600 2983 850 3035 Reuehlin
885 2999 999 3035 cum
1044 2987 1147 3035 suis
1179 2986 1556 3047 ylossematibus
1591 2990 1639 3034 et
1674 2985 2163 3048 interpretationibus
2199 2987 2252 3034 in

23 3071 219 3121 ”calce
252 3070 373 3121 libri
397 3072 640 3133 appositis
673 3071 800 3121 nihil
832 3073 1022 3121 erroris
1057 3078 1146 3121 aut
1168 3072 1355 3132 heresis
1393 3073 1444 3120 in
1474 3086 1526 3121 se
1561 3072 1788 3131 liaberet,
1828 3070 1993 3119 Etiam
2025 3071 2160 3134 quod
2189 3071 2253 3120 ab

27 3158 31 3198 ἱ
77 3155 302 3206 omnibus
320 3158 479 3219 possit
500 3158 615 3219 leqi.
650 3174 658 3181 ·
689 3157 902 3220 Propter
927 3158 1062 3220 quod
1081 3157 1234 3217 Iudei
1254 3170 1352 3207 non
1382 3160 1538 3207 solum
1564 3158 1905 3219 maximopere
1931 3158 2099 3218 eavisi
2123 3162 2251 3218 sunt,

29 3257 39 3304 χ·
78 3251 247 3292 verum
282 3242 432 3292 etiam
464 3256 561 3305 per
590 3242 684 3293 hoc
715 3243 987 3293 deteriores
1018 3242 1156 3304 sacti
1187 3251 1234 3292 et
1268 3256 1438 3294 eorum
1468 3242 1603 3291 Rabi
1636 3243 1817 3292 iccirco
1842 3256 1942 3305 per
1977 3247 2127 3292 totum
2152 3244 2251 3292 im—

28 3323 48 3383 ’θ
75 3329 273 3390 perium
318 3327 583 3379 Wormatii
616 3335 907 3378 conventum
942 3329 1226 3378 habuerunt
1261 3328 1566 3391 disputando
1597 3332 1645 3377 et
1680 3329 1730 3376 in
1762 3327 2018 3386 similibus,
2054 3330 2250 3378 omnino

80 3411 405 3472 abitrantes,
447 3414 652 3475 quando
690 3416 896 3464 oculare
929 3416 1186 3477 speculum
1215 3414 1426 3464 Ioannis
1467 3414 1713 3463 Reuehlin
1744 3427 1846 3476 pro
1880 3427 1958 3474 se,
1996 3419 2046 3463 et
2074 3418 2250 3464 contra

80 3486 149 3549 'iu'
188 3499 534 3549 universitates
577 3506 626 3548 et
668 3499 834 3549 doctos
880 3500 1153 3549 admissum
1188 3502 1278 3561 sit,
1321 3513 1490 3550 verum
1527 3499 1706 3549 haberi
1734 3501 1895 3563 possit
1931 3500 2169 3549 indicium
2217 3512 2251 3547 a

78 3582 171 3634 'deo
216 3584 562 3635 destructionis
599 3584 820 3634 Romani
870 3587 1071 3649 imperii
1124 3590 1174 3635 et
1225 3587 1729 3648 appropinquationis
1775 3584 1955 3646 Messie
1996 3599 2138 3647 quem
2180 3585 2253 3633 ad

53 3664 211 3720 Jeme
243 3683 399 3732 usque
436 3670 566 3719 diem
602 3676 886 3733 expectant.
963 3670 1030 3720 Et
1075 3673 1222 3721 sicuti
1264 3672 1512 3722 veraciter
1547 3685 1655 3721 sum
1687 3671 1864 3732 factus
1899 3672 2110 3734 certior,
2159 3670 2248 3719 Io-

78 3751 270 3805 hannes
306 3754 554 3805 Reuclzlin
586 3754 693 3816 suit
738 3758 1010 3808 Wormacii
1044 3759 1131 3808 illo
1168 3762 1387 3821 tempore
1423 3759 1500 3807 vel
1533 3758 1745 3808 breviter
1781 3762 1896 3805 ante
1932 3757 2024 3805 hoc
2059 3761 2249 3818 tempus

190 3880 208 3908 ⁸
236 3881 458 3937 Alterius]
491 3884 520 3923 i.
542 3896 578 3924 e.
603 3883 793 3926 Ioannis
825 3884 882 3926 de
905 3884 1048 3927 Colle.
1081 3887 1140 3938 cf.
1163 3885 1363 3928 Prenotc.
1388 3900 1430 3940 p.
1452 3884 1535 3926 ult.
1628 3884 1660 3911 ¹¹
1692 3880 1918 3935 Ioachims}
1955 3882 2027 3925 Cf.
2053 3881 2245 3922 Hutteni

81 3949 197 4007 Opp.
218 3953 303 3996 111.
327 3967 371 4008 p.
397 3953 491 3998 199.
516 3955 669 3997 adnot.
695 3955 754 3998 ad
783 3969 827 3999 v.
849 3954 950 3997 209.
1038 3954 1075 3983 ²⁸
1106 3955 1323 4010 sentent]
1357 3956 1437 3998 lat.
1461 3956 1503 3996 d.
1526 3957 1594 3997 24.
1620 3956 1726 4009 Apr.
1752 3968 1793 3997 a.
1821 3954 1940 3995 1514.
