2456 4264
227 293 347 351 530
855 314 1182 342 EPISTOLARVM
1203 313 1511 342 onscvnonvu
1531 313 1743 343 vmonvu

226 449 305 494 Cui
353 460 454 494 cum
501 447 579 491 diu
624 445 908 504 multumque
957 446 1139 504 roganti
1174 445 1290 490 Zeno
1330 443 1666 504 respondisset,
1715 444 1956 491 ‘Obscuros
1990 444 2212 506 quosdam
2250 443 2370 489 viros

222 520 492 564 Parnassum
528 516 648 561 sorte
685 517 918 574 ingressos
956 528 1010 560 eo
1049 515 1244 561 audaciae
1289 514 1573 575 pervenisse,
1621 519 1673 559 ut
1719 514 1844 560 fores
1879 518 2128 576 primorum
2166 513 2371 575 pulsave-

222 590 337 639 rint,
385 601 552 647 eosque
591 587 701 632 satis
749 585 1076 631 contumeliose
1113 587 1338 645 exagitare
1372 585 1747 646 praesumserint,
1794 586 1991 646 ‘Apage',
2038 585 2211 646 inquit,
2263 584 2371 630 ‘ine-

222 660 364 718 ptias,
403 671 543 718 apage
580 655 782 717 pueriles
820 655 1068 706 tumultus,
1108 662 1154 702 et
1191 657 1245 702 ad
1268 656 1611 703 Lacedaemones
1649 669 1730 701 vos
1765 651 2009 702 consertel’
2047 656 2102 702 Hi
2127 655 2370 717 quotannis

220 728 325 773 filiis
366 729 460 773 suis
499 741 652 773 servos
688 726 802 772 bene
840 733 976 786 potos
1014 726 1258 778 sistebant,
1306 733 1359 772 ut
1405 741 1484 773 eos
1531 726 1762 772 intuentes
1810 726 2071 773 ebrietatem
2117 729 2406 773 eiurarentzs

220 799 310 843 Vos
348 813 372 843 a
409 799 514 844 viris
552 798 623 843 his
661 796 866 844 obscuris
904 797 1063 843 discite
1101 797 1328 843 abstinere
1365 797 1420 843 ab
1457 796 1548 842 illis
1588 811 1688 858 quae
1737 797 1897 843 doctos
1942 796 2186 848 dedecent,
2232 804 2277 842 et
2313 811 2370 842 ne

219 870 363 914 maius
402 868 530 915 vohis
567 868 732 915 malum
769 867 999 919 accieatis,
1038 874 1224 928 agentes
1262 869 1432 928 gratias
1469 869 1534 918 ei,
1573 869 1652 928 qui
1688 869 1810 913 viros
1848 867 1933 913 hos
1960 867 2180 915 obscuros
2206 867 2368 918 denuo,

220 940 325 986 dum
361 941 610 986 necessitas
648 937 902 999 flagitabat,
941 940 986 984 in
1010 938 1282 986 Parnassum
1309 938 1664 1005 introducendos
1689 939 1883 990 curavit,
1923 939 2156 999 quiescite,
2194 939 2365 984 tacete!

1256 1161 1335 1211 11.

945 1275 1006 1324 Μ.
1044 1276 1258 1325 Petrus
1293 1273 1636 1340 Zepfelius,
1839 1266 1842 1267 ⁷
2383 1305 2423 1338 ¹0

554 1363 908 1410 ludimoderator
944 1365 990 1409 in
1026 1363 1225 1411 Ecclesia
1263 1363 1512 1425 Collegiato
1551 1363 1595 1408 S.
1623 1362 2029 1424 SyfridiMetensi,

1081 1448 1260 1494 Millena
1297 1448 1516 1494 Salutum.

362 1559 496 1615 Quia,
534 1561 611 1607 Vir
648 1562 1026 1608 illuminatissime
1064 1569 1109 1607 et
1146 1562 1565 1612 eximinentissime,
1605 1575 1629 1606 a
1666 1567 1795 1621 parte
1834 1567 1937 1607 ante
1962 1567 2008 1607 et
2032 1568 2140 1622 post
2164 1553 2364 1614 colende,

219 1645 290 1676 me
327 1633 523 1692 petiisti,
562 1638 614 1677 ut
651 1632 733 1678 tibi
771 1646 916 1678 meum
954 1647 1119 1678 novum
1157 1633 1408 1683 metodum‚
1449 1646 1583 1693 quem
1620 1632 1667 1677 in
1703 1631 1864 1678 Schola
1902 1646 1999 1679 mea
2022 1639 2153 1684 utor,
2192 1639 2237 1678 et
2263 1640 2365 1680 ante

220 1715 375 1747 omnes
414 1702 548 1753 alios,
588 1704 664 1762 qui
702 1711 807 1749 ante
843 1717 914 1749 me
952 1703 1160 1755 fuerunt,
1199 1710 1244 1748 et
1280 1711 1386 1763 post
1424 1717 1494 1748 me
1532 1709 1806 1764 sequentur,
1844 1710 1915 1749 est
1950 1702 2250 1755 sacilissimus‚
2289 1705 2422 1751 de-15

217 1771 369 1818 berem
407 1773 628 1824 revelare,
667 1787 772 1820 ecce
808 1773 883 1820 hic
919 1780 988 1819 est
1026 1773 1127 1819 ille:
1165 1773 1228 1820 ita
1266 1773 1393 1820 soleo
1430 1787 1602 1834 pueros
1639 1786 1764 1819 meos
1802 1774 1847 1819 in
1874 1773 2200 1821 Grammathica
2226 1775 2364 1821 insor-

217 1857 364 1894 mare,
403 1849 449 1889 et
487 1845 636 1890 sinere
673 1846 939 1904 coniugare:

553 1915 682 1966 Iuvo,
721 1931 792 1966 as,
831 1929 929 1970 are,
970 1916 1088 1966 vavi,
1127 1922 1275 1967 atum,
1316 1923 1387 1962 est
1425 1914 1608 1962 verbum
1646 1928 1808 1976 regens
1846 1915 2061 1961 Dativum.

554 1985 799 2046 Supplico,
837 2002 909 2038 as,
949 1988 1183 2038 are,-cui,
1223 1988 1402 2038 icitum‚
1440 1988 1560 2047 regit
1595 1985 1924 2033 Accusativum.

554 2051 760 2116 Frango,
800 2072 872 2109 as,
912 2071 1011 2108 are,
1051 2057 1140 2109 avi,
1181 2063 1317 2103 atum.
2380 2071 2423 2104 20

515 2163 518 2166 .
552 2127 754 2188 Linquo,
793 2143 865 2180 as,
906 2143 1004 2179 are,
1043 2130 1134 2179 avi,
1173 2135 1310 2175 atum.

555 2198 820 2250 Transfero,
859 2214 931 2250 as,
972 2199 1217 2251 translare,
1256 2199 1347 2251 avi,
1388 2207 1525 2246 atum.

553 2268 685 2320 Vivo,
724 2272 788 2322 is,
827 2284 926 2322 ere,
966 2272 1046 2326 ivi,
1086 2272 1270 2317 vitzum.

551 2340 793 2400 indulgeo,
832 2341 900 2392 ui,
942 2341 1144 2387 ulsitum.

548 2410 760 2471 Peperio,
800 2413 878 2463 ivi,
918 2413 1047 2457 itum.
2381 2426 2423 2459 25

550 2481 726 2542 Mugio,
765 2484 896 2534 unxi,
934 2489 1190 2535 munctum,
1229 2490 1316 2530 etc.
1603 2517 1610 2527 x

215 2550 288 2596 Sic
334 2558 529 2611 possunt
576 2552 661 2597 mei
711 2553 842 2614 pueri
891 2554 1234 2614 coniugationes
1281 2553 1410 2600 facile
1456 2567 1654 2616 capere.
1706 2554 1753 2600 Si
1789 2553 1857 2600 vis
1895 2553 2029 2600 etiam
2067 2557 2182 2601 seire
2219 2570 2366 2602 meum

215 2622 443 2667 metodum
482 2623 527 2667 in
567 2623 856 2675 declinando,
896 2638 1034 2685 super
1069 2639 1169 2671 cras
1208 2625 1289 2670 tibi
1327 2626 1525 2676 mittam,
1563 2626 1649 2670 iam
1689 2626 1805 2670 enim
1843 2624 1985 2671 habeo
2022 2640 2213 2686 paucum
2255 2633 2366 2672 tem·

216 2706 315 2752 pus.
390 2690 675 2754 Quapropter
709 2694 806 2740 vale
844 2702 895 2741 ut
933 2710 1117 2747 cervus,
1155 2695 1388 2747 alacriter,
1427 2696 1505 2757 qui
1544 2710 1684 2757 super
1718 2695 1949 2742 montibus
1987 2703 2034 2742 et
2070 2695 2260 2743 vallibus
2297 2712 2367 2743 sa-

215 2761 300 2808 lire
339 2762 467 2809 solet.
543 2764 630 2810 Sed
666 2766 804 2817 heus,
843 2780 914 2811 me
951 2772 1136 2827 oportet
1162 2767 1243 2813 tibi
1271 2769 1403 2813 etiam
1429 2768 1658 2828 specimen
1685 2767 1843 2813 facere
1857 2766 1902 2812 in
1927 2766 2192 2828 Dyalectica.
2233 2780 2424 2829 quamao

215 2833 329 2878 meis
365 2834 585 2880 Primanis
622 2837 800 2896 ingero.
873 2837 1130 2897 Proponavi
1168 2852 1314 2899 nuper
1351 2838 1407 2884 iis
1445 2852 1583 2884 unum
1610 2836 1981 2899 Sylogissimum,
2021 2840 2097 2899 qui
2124 2840 2183 2885 ita
2212 2846 2365 2885 sonat:

551 2906 709 2952 Mulier
746 2910 904 2968 genuit
940 2915 986 2953 te
1021 2908 1091 2954 vel
1128 2909 1319 2960 Asinus,

551 2977 638 3023 Sed
674 2978 799 3024 nulla
833 2978 997 3025 mulier
1032 2980 1191 3038 genuit
1230 2987 1295 3030 te,

549 3046 669 3108 Ergo
706 3050 873 3095 Asinus
910 3049 1068 3109 genuit
1106 3057 1164 3095 te.

215 3114 298 3160 Mei
333 3116 524 3162 Primani
563 3133 653 3164 non
689 3127 942 3180 potuerunt
977 3121 1278 3181 respondere,
1326 3128 1371 3165 et
1415 3135 1502 3181 ego
1551 3121 1649 3181 ipse
1694 3135 1787 3167 non
1825 3122 1978 3167 statim
2015 3122 2146 3183 potui
2182 3135 2253 3168 me
2289 3136 2362 3168 re-
2380 3133 2422 3166 35

176 3211 181 3222 ·
216 3186 416 3237 comari:
454 3189 731 3251 interrogavi
768 3192 823 3238 ad
860 3191 1098 3237 consilium
1136 3191 1249 3238 alios
1287 3191 1445 3238 doctos
1471 3191 1670 3238 Clericos
1707 3198 1752 3237 et
1774 3191 2090 3254 Phylosophos
2127 3192 2172 3238 in
2209 3200 2367 3239 nostra

218 3255 421 3308 civitate,
471 3258 547 3318 qui
593 3261 818 3313 dixerant,
868 3262 988 3322 quod
1034 3263 1097 3308 ita
1144 3262 1303 3308 debeat
1347 3262 1636 3323 responderi,
1686 3263 1808 3323 quod
1854 3269 1953 3309 tota
1997 3263 2268 3310 Disiunctiva
2306 3265 2366 3309 sit

329 3413 365 3441 ¹⁰
395 3415 466 3456 Of.
490 3416 698 3468 inscript.
721 3428 815 3468 seq.
839 3429 910 3468 ep.
1027 3412 1060 3440 ¹¹
1092 3413 1351 3469 Collegiato
1380 3417 1443 3455 sic
1473 3416 1572 3456 edd.
1660 3413 1696 3441 ¹⁷
1726 3414 1977 3469 canjugare
2007 3417 2106 3459 edd.
2124 3429 2161 3456 s.
2184 3429 2226 3456 a.
2312 3415 2367 3455 In

215 3485 480 3539 quodlibeto
518 3487 590 3526 De
628 3486 716 3526 fide
756 3487 986 3528 meretric.
1026 3485 1108 3537 (cf.
1142 3486 1297 3527 adnot.
1332 3486 1390 3526 ad
1420 3498 1515 3539 seq.
1550 3483 1642 3539 ep.)
1680 3486 1747 3527 sic
1787 3489 1880 3527 est:
1923 3516 1994 3537 ‚,..
2033 3486 2143 3526 Fuit
2181 3485 2365 3539 quidam

218 3557 362 3597 amori
392 3556 573 3597 deditus
606 3560 651 3597 et
679 3555 792 3595 licet
823 3556 1019 3596 omnium
1048 3556 1307 3597 litterarum
1345 3557 1559 3610 ignarus,
1599 3556 1720 3597 sicut
1750 3556 1954 3610 Stilpho,
1996 3555 2178 3598 scholas
2208 3559 2364 3597 tamen

217 3627 445 3681 regendas
477 3626 743 3679 assumpsit,
784 3625 952 3666 docens
989 3640 1153 3679 pueros
1183 3639 1266 3680 per
1295 3627 1448 3668 omnia
1489 3640 1545 3667 ex
1573 3626 1788 3668 Isidoneo
1819 3628 2082 3682 germanico
2114 3624 2364 3680 [Wimphe-

214 3695 365 3752 lingii]
457 3697 628 3738 Docuit
658 3697 843 3749 insuper
874 3709 951 3736 eos
983 3698 1231 3749 coniugare
1261 3698 1427 3739 verba:
1458 3697 1570 3738 Iuvo
1593 3698 1665 3741 ...”
1695 3704 1776 3739 etc.
1807 3701 1859 3739 ut
1889 3710 2028 3752 supra
2055 3697 2238 3750 legitur,
2272 3698 2364 3739 nisi
2428 3734 2437 3746 .,

217 3768 336 3821 quod
365 3770 490 3822 liquo,
524 3781 586 3818 as,
619 3780 711 3818 are,
743 3767 810 3806 avi
839 3771 962 3815 atum,
997 3770 1042 3806 et
1071 3772 1173 3820 post
1200 3770 1348 3808 vitzum
1375 3767 1538 3808 habet:
1569 3781 1694 3809 voveo
1724 3782 1846 3810 voves
1876 3782 1950 3810 ere
1968 3769 2079 3809 votzi
2094 3772 2264 3814 vonum,
2295 3769 2359 3807 in-

215 3840 364 3892 dalyeo
393 3851 441 3879 es
470 3851 543 3879 ere
572 3839 758 3890 indulyuz'
784 3837 1032 3885 indubitum,
1062 3840 1232 3889 reperio
1262 3839 1461 3891 reperivi,
1491 3837 1684 3891 reliquis
1714 3839 1910 3880 omissis.
1988 3836 2024 3864 ²⁸
2053 3838 2162 3879 unxi
2180 3839 2244 3880 sic
2263 3839 2360 3882 edd.

214 3909 251 3935 3⁸
280 3909 582 3964 Philosophos
611 3910 708 3950 edd.
729 3922 766 3950 s.
787 3922 829 3949 a.
