<?xml version="1.0" encoding="UTF-8"?>
<!DOCTYPE html PUBLIC "-//W3C//DTD XHTML 1.0 Transitional//EN"
    "http://www.w3.org/TR/xhtml1/DTD/xhtml1-transitional.dtd">
<html xmlns="http://www.w3.org/1999/xhtml" xml:lang="en" lang="en">
 <head>
  <title>
</title>
<meta http-equiv="Content-Type" content="text/html;charset=utf-8" />
  <meta name='ocr-system' content='tesseract 3.04.00' />
  <meta name='ocr-capabilities' content='ocr_page ocr_carea ocr_par ocr_line ocrx_word'/>
</head>
<body>
  <div class='ocr_page' id='page_1' title='image "./supoperaquaerepe01huttuoft_0158.png"; bbox 0 0 2456 4264; ppageno 0'>
   <div class='ocr_carea' id='block_1_1' title="bbox 204 229 2036 287">
    <p class='ocr_par' dir='ltr' id='par_1_1' title="bbox 204 229 2036 287">
     <span class='ocr_line' id='line_1_1' title="bbox 204 229 2036 287; baseline -0.002 -6"><span class='ocrx_word' id='word_1_1' title='bbox 204 229 320 287; x_wconf 80' lang='grc'><em>118</em></span> <span class='ocrx_word' id='word_1_2' title='bbox 493 251 588 281; x_wconf 81' lang='lat' dir='ltr'><em>10A.</em></span> <span class='ocrx_word' id='word_1_3' title='bbox 613 251 928 280; x_wconf 78' lang='lat' dir='ltr'>PEPERICORNI</span> <span class='ocrx_word' id='word_1_4' title='bbox 950 250 1178 279; x_wconf 82' lang='lat' dir='ltr'><strong>DEFENSIO</strong></span> <span class='ocrx_word' id='word_1_5' title='bbox 1203 248 1383 278; x_wconf 78' lang='lat' dir='ltr'>CONTRA</span> <span class='ocrx_word' id='word_1_6' title='bbox 1405 247 1613 278; x_wconf 78' lang='lat' dir='ltr'>FAMOSAS</span> <span class='ocrx_word' id='word_1_7' title='bbox 1638 249 1679 276; x_wconf 85' lang='lat' dir='ltr'><em>O·</em></span> <span class='ocrx_word' id='word_1_8' title='bbox 1701 249 1746 277; x_wconf 80' lang='lat' dir='ltr'><em>V.</em></span> <span class='ocrx_word' id='word_1_9' title='bbox 1769 248 2036 278; x_wconf 68' lang='lat' dir='ltr'>EPISTOLAS.</span> 
     </span>
    </p>
   </div>
   <div class='ocr_carea' id='block_1_2' title="bbox 88 377 2446 3645">
    <p class='ocr_par' dir='ltr' id='par_1_2' title="bbox 196 377 2340 610">
     <span class='ocr_line' id='line_1_2' title="bbox 339 377 2340 442; baseline -0.002 -11"><span class='ocrx_word' id='word_1_10' title='bbox 339 383 381 430; x_wconf 75' lang='grc' dir='ltr'><em>(Ι</em></span> <span class='ocrx_word' id='word_1_11' title='bbox 417 381 481 430; x_wconf 91' lang='lat' dir='ltr'><em>In</em></span> <span class='ocrx_word' id='word_1_12' title='bbox 513 381 689 442; x_wconf 88' lang='lat' dir='ltr'><em>primis</em></span> <span class='ocrx_word' id='word_1_13' title='bbox 725 382 890 439; x_wconf 80' lang='lat' dir='ltr'><em>itaque</em></span> <span class='ocrx_word' id='word_1_14' title='bbox 930 381 1111 428; x_wconf 89' lang='lat' dir='ltr'><em>laudat</em></span> <span class='ocrx_word' id='word_1_15' title='bbox 1145 381 1353 439; x_wconf 78' lang='lat' dir='ltr'><em>mirifice</em></span> <span class='ocrx_word' id='word_1_16' title='bbox 1390 377 1715 427; x_wconf 82' lang='lat' dir='ltr'><em>venerabilem</em></span> <span class='ocrx_word' id='word_1_17' title='bbox 1751 379 1911 427; x_wconf 87' lang='lat' dir='ltr'><em>virum</em></span> <span class='ocrx_word' id='word_1_18' title='bbox 1949 379 2197 427; x_wconf 88' lang='lat' dir='ltr'><em>dominum</em></span> <span class='ocrx_word' id='word_1_19' title='bbox 2235 379 2340 427; x_wconf 86' lang='lat' dir='ltr'><em>Ar-</em></span> 
     </span>
     <span class='ocr_line' id='line_1_3' title="bbox 197 461 2339 523; baseline -0.002 -8"><span class='ocrx_word' id='word_1_20' title='bbox 197 466 398 514; x_wconf 88' lang='lat' dir='ltr'><em>noldum</em></span> <span class='ocrx_word' id='word_1_21' title='bbox 437 464 813 523; x_wconf 69' lang='lat' dir='ltr'><em>Tunqerensem.</em></span> <span class='ocrx_word' id='word_1_22' title='bbox 857 468 1028 523; x_wconf 88' lang='lat' dir='ltr'><em>postea</em></span> <span class='ocrx_word' id='word_1_23' title='bbox 1071 468 1231 511; x_wconf 88' lang='lat' dir='ltr'><em>autem</em></span> <span class='ocrx_word' id='word_1_24' title='bbox 1280 465 1331 511; x_wconf 88' lang='lat' dir='ltr'><em>in</em></span> <span class='ocrx_word' id='word_1_25' title='bbox 1378 477 1472 512; x_wconf 90' lang='lat' dir='ltr'><em>sua</em></span> <span class='ocrx_word' id='word_1_26' title='bbox 1509 461 1796 521; x_wconf 78' lang='lat' dir='ltr'><em>defensione</em></span> <span class='ocrx_word' id='word_1_27' title='bbox 1830 463 1944 521; x_wconf 86' lang='lat' dir='ltr'><em>(sed</em></span> <span class='ocrx_word' id='word_1_28' title='bbox 1977 464 2139 510; x_wconf 81' lang='lat' dir='ltr'><em>verius</em></span> <span class='ocrx_word' id='word_1_29' title='bbox 2173 462 2339 522; x_wconf 84' lang='lat' dir='ltr'><em>offen-</em></span> 
     </span>
     <span class='ocr_line' id='line_1_4' title="bbox 196 545 2303 610; baseline -0.002 -12"><span class='ocrx_word' id='word_1_30' title='bbox 196 552 355 610; x_wconf 84' lang='lat' dir='ltr'><em>sione)</em></span> <span class='ocrx_word' id='word_1_31' title='bbox 394 550 465 596; x_wconf 90' lang='lat' dir='ltr'><em>ita</em></span> <span class='ocrx_word' id='word_1_32' title='bbox 500 549 712 607; x_wconf 88' lang='lat' dir='ltr'><em>turpiter</em></span> <span class='ocrx_word' id='word_1_33' title='bbox 740 551 788 593; x_wconf 93' lang='lat' dir='ltr'><em>et</em></span> <span class='ocrx_word' id='word_1_34' title='bbox 813 545 952 604; x_wconf 87' lang='lat' dir='ltr'><em>falso</em></span> <span class='ocrx_word' id='word_1_35' title='bbox 985 547 1194 595; x_wconf 90' lang='lat' dir='ltr'><em>eundem</em></span> <span class='ocrx_word' id='word_1_36' title='bbox 1229 548 1491 594; x_wconf 78' lang='lat' dir='ltr'><em>contemnit</em></span> <span class='ocrx_word' id='word_1_37' title='bbox 1525 552 1573 593; x_wconf 91' lang='lat' dir='ltr'><em>et</em></span> <span class='ocrx_word' id='word_1_38' title='bbox 1606 546 1855 605; x_wconf 86' lang='lat' dir='ltr'><em>vituperat</em></span> <span class='ocrx_word' id='word_1_39' title='bbox 1889 550 1944 594; x_wconf 91' lang='lat' dir='ltr'><em>ut</em></span> <span class='ocrx_word' id='word_1_40' title='bbox 1977 546 2102 594; x_wconf 87' lang='lat' dir='ltr'><em>nihil</em></span> <span class='ocrx_word' id='word_1_41' title='bbox 2128 559 2303 606; x_wconf 88' lang='lat' dir='ltr'><em>supra.</em></span> 
     </span>
    </p>

    <p class='ocr_par' dir='ltr' id='par_1_3' title="bbox 196 629 2446 1194">
     <span class='ocr_line' id='line_1_5' title="bbox 340 629 2343 690; baseline -0.001 -11"><span class='ocrx_word' id='word_1_42' title='bbox 340 632 382 678; x_wconf 73' lang='grc' dir='ltr'><em>(Ι</em></span> <span class='ocrx_word' id='word_1_43' title='bbox 422 631 633 679; x_wconf 86' lang='lat' dir='ltr'><em>Titulum</em></span> <span class='ocrx_word' id='word_1_44' title='bbox 674 636 837 676; x_wconf 85' lang='lat' dir='ltr'><em>tamen</em></span> <span class='ocrx_word' id='word_1_45' title='bbox 872 631 1071 690; x_wconf 76' lang='lat' dir='ltr'><em>epistole</em></span> <span class='ocrx_word' id='word_1_46' title='bbox 1118 644 1215 678; x_wconf 92' lang='lat' dir='ltr'><em>non</em></span> <span class='ocrx_word' id='word_1_47' title='bbox 1261 632 1537 678; x_wconf 89' lang='lat' dir='ltr'><em>omittamus</em></span> <span class='ocrx_word' id='word_1_48' title='bbox 1596 629 1816 677; x_wconf 87' lang='lat' dir='ltr'><em>Videatis</em></span> <span class='ocrx_word' id='word_1_49' title='bbox 1862 629 2060 678; x_wconf 90' lang='lat' dir='ltr'><em>obsecro</em></span> <span class='ocrx_word' id='word_1_50' title='bbox 2106 629 2343 689; x_wconf 83' lang='lat' dir='ltr'><em>quomodo</em></span> 
     </span>
     <span class='ocr_line' id='line_1_6' title="bbox 196 713 2376 774; baseline -0.001 -10"><span class='ocrx_word' id='word_1_51' title='bbox 196 728 428 764; x_wconf 88' lang='lat' dir='ltr'><em>mucrone</em></span> <span class='ocrx_word' id='word_1_52' title='bbox 459 726 548 762; x_wconf 88' lang='lat' dir='ltr'><em>suo</em></span> <span class='ocrx_word' id='word_1_53' title='bbox 578 714 787 773; x_wconf 89' lang='lat' dir='ltr'><em>proprio</em></span> <span class='ocrx_word' id='word_1_54' title='bbox 825 714 1140 772; x_wconf 73' lang='lat' dir='ltr'><em>conficiatur,</em></span> <span class='ocrx_word' id='word_1_55' title='bbox 1190 719 1244 761; x_wconf 94' lang='lat' dir='ltr'><em>ut</em></span> <span class='ocrx_word' id='word_1_56' title='bbox 1278 716 1424 762; x_wconf 90' lang='lat' dir='ltr'><em>stulto</em></span> <span class='ocrx_word' id='word_1_57' title='bbox 1459 713 1862 774; x_wconf 89' lang='lat' dir='ltr'><em>respondendum</em></span> <span class='ocrx_word' id='word_1_58' title='bbox 1895 714 1958 760; x_wconf 88' lang='lat' dir='ltr'><em>sit</em></span> <span class='ocrx_word' id='word_1_59' title='bbox 1992 714 2137 761; x_wconf 88' lang='lat' dir='ltr'><em>iuxta</em></span> <span class='ocrx_word' id='word_1_60' title='bbox 2173 715 2376 763; x_wconf 77' lang='lat' dir='ltr'><em>stulti-5</em></span> 
     </span>
     <span class='ocr_line' id='line_1_7' title="bbox 196 796 2345 858; baseline -0.001 -11"><span class='ocrx_word' id='word_1_61' title='bbox 196 801 315 847; x_wconf 90' lang='lat' dir='ltr'><em>tiam</em></span> <span class='ocrx_word' id='word_1_62' title='bbox 361 810 517 847; x_wconf 89' lang='lat' dir='ltr'><em>suam.</em></span> <span class='ocrx_word' id='word_1_63' title='bbox 583 796 668 846; x_wconf 88' lang='lat' dir='ltr'><em>Sic</em></span> <span class='ocrx_word' id='word_1_64' title='bbox 713 799 841 845; x_wconf 87' lang='lat' dir='ltr'><em>enim</em></span> <span class='ocrx_word' id='word_1_65' title='bbox 880 799 1079 858; x_wconf 76' lang='lat' dir='ltr'><em>scripsit</em></span> <span class='ocrx_word' id='word_1_66' title='bbox 1106 797 1347 857; x_wconf 11' lang='lat' dir='ltr'><em>V‘Eqreyio</em></span> <span class='ocrx_word' id='word_1_67' title='bbox 1392 802 1441 845; x_wconf 90' lang='lat' dir='ltr'><em>et</em></span> <span class='ocrx_word' id='word_1_68' title='bbox 1479 798 1884 845; x_wconf 86' lang='lat' dir='ltr'><em>excellentissimo</em></span> <span class='ocrx_word' id='word_1_69' title='bbox 1929 810 2073 855; x_wconf 83' lang='lat' dir='ltr'><em>sacre</em></span> <span class='ocrx_word' id='word_1_70' title='bbox 2111 797 2345 856; x_wconf 73' lang='lat' dir='ltr'><em>theoloyie</em></span> 
     </span>
     <span class='ocr_line' id='line_1_8' title="bbox 198 879 2344 942; baseline -0.001 -11"><span class='ocrx_word' id='word_1_71' title='bbox 198 883 390 931; x_wconf 89' lang='lat' dir='ltr'><em>doctori</em></span> <span class='ocrx_word' id='word_1_72' title='bbox 434 879 531 929; x_wconf 71' lang='lat' dir='ltr'><em>dno</em></span> <span class='ocrx_word' id='word_1_73' title='bbox 567 881 643 930; x_wconf 90' lang='lat' dir='ltr'><em>.N.</em></span> <span class='ocrx_word' id='word_1_74' title='bbox 673 882 735 930; x_wconf 91' lang='lat' dir='ltr'><em>de</em></span> <span class='ocrx_word' id='word_1_75' title='bbox 778 881 1005 941; x_wconf 69' lang='lat' dir='ltr'><em>Tunqari</em></span> <span class='ocrx_word' id='word_1_76' title='bbox 1040 886 1101 929; x_wconf 91' lang='lat' dir='ltr'><em>.et</em></span> <span class='ocrx_word' id='word_1_77' title='bbox 1123 880 1184 930; x_wconf 92' lang='lat' dir='ltr'><em>c.’</em></span> <span class='ocrx_word' id='word_1_78' title='bbox 1254 881 1402 929; x_wconf 88' lang='lat' dir='ltr'><em>Hunc</em></span> <span class='ocrx_word' id='word_1_79' title='bbox 1436 881 1688 929; x_wconf 85' lang='lat' dir='ltr'><em>scribendi</em></span> <span class='ocrx_word' id='word_1_80' title='bbox 1724 880 1921 928; x_wconf 88' lang='lat' dir='ltr'><em>modum</em></span> <span class='ocrx_word' id='word_1_81' title='bbox 1964 884 2132 942; x_wconf 88' lang='lat' dir='ltr'><em>postea</em></span> <span class='ocrx_word' id='word_1_82' title='bbox 2164 882 2215 928; x_wconf 91' lang='lat' dir='ltr'><em>in</em></span> <span class='ocrx_word' id='word_1_83' title='bbox 2251 893 2344 930; x_wconf 85' lang='lat' dir='ltr'><em>sua</em></span> 
     </span>
     <span class='ocr_line' id='line_1_9' title="bbox 198 965 2345 1025; baseline -0.002 -10"><span class='ocrx_word' id='word_1_84' title='bbox 198 966 479 1015; x_wconf 75' lang='lat' dir='ltr'><em>execrabili</em></span> <span class='ocrx_word' id='word_1_85' title='bbox 500 965 787 1024; x_wconf 82' lang='lat' dir='ltr'><em>defensione</em></span> <span class='ocrx_word' id='word_1_86' title='bbox 822 968 986 1014; x_wconf 90' lang='lat' dir='ltr'><em>littera</em></span> <span class='ocrx_word' id='word_1_87' title='bbox 1020 979 1039 1012; x_wconf 74' lang='lat' dir='ltr'><em>e</em></span> <span class='ocrx_word' id='word_1_88' title='bbox 1076 968 1317 1013; x_wconf 75' lang='lat' dir='ltr'><em>columna.</em></span> <span class='ocrx_word' id='word_1_89' title='bbox 1333 969 1516 1025; x_wconf 79' lang='lat' dir='ltr'><em>quarta</em></span> <span class='ocrx_word' id='word_1_90' title='bbox 1549 966 1689 1013; x_wconf 89' lang='lat' dir='ltr'><em>circa</em></span> <span class='ocrx_word' id='word_1_91' title='bbox 1718 966 1869 1023; x_wconf 77' lang='lat' dir='ltr'><em>finem</em></span> <span class='ocrx_word' id='word_1_92' title='bbox 1907 966 2185 1013; x_wconf 84' lang='lat' dir='ltr'><em>stultissime</em></span> <span class='ocrx_word' id='word_1_93' title='bbox 2220 977 2345 1012; x_wconf 89' lang='lat' dir='ltr'><em>con-</em></span> 
     </span>
     <span class='ocr_line' id='line_1_10' title="bbox 200 1047 2347 1110; baseline -0.001 -12"><span class='ocrx_word' id='word_1_94' title='bbox 200 1051 462 1099; x_wconf 86' lang='lat' dir='ltr'><em>demnavit.</em></span> <span class='ocrx_word' id='word_1_95' title='bbox 535 1050 664 1097; x_wconf 87' lang='lat' dir='ltr'><em>Nam</em></span> <span class='ocrx_word' id='word_1_96' title='bbox 696 1064 807 1098; x_wconf 83' lang='lat' dir='ltr'><em>cum</em></span> <span class='ocrx_word' id='word_1_97' title='bbox 841 1052 1074 1110; x_wconf 71' lang='lat' dir='ltr'><em>mayister</em></span> <span class='ocrx_word' id='word_1_98' title='bbox 1109 1055 1272 1098; x_wconf 90' lang='lat' dir='ltr'><em>noster</em></span> <span class='ocrx_word' id='word_1_99' title='bbox 1305 1049 1594 1098; x_wconf 83' lang='lat' dir='ltr'><em>venerabilis</em></span> <span class='ocrx_word' id='word_1_100' title='bbox 1630 1048 1881 1097; x_wconf 84' lang='lat' dir='ltr'><em>Arnoldus</em></span> <span class='ocrx_word' id='word_1_101' title='bbox 1915 1062 1968 1096; x_wconf 86' lang='lat' dir='ltr'><em>se</em></span> <span class='ocrx_word' id='word_1_102' title='bbox 1999 1061 2096 1096; x_wconf 90' lang='lat' dir='ltr'><em>non</em></span> <span class='ocrx_word' id='word_1_103' title='bbox 2139 1047 2347 1108; x_wconf 69' lang='lat' dir='ltr'><em>Tunqa-</em></span> 
     </span>
     <span class='ocr_line' id='line_1_11' title="bbox 198 1132 2446 1194; baseline 0.001 -12"><span class='ocrx_word' id='word_1_104' title='bbox 198 1148 391 1182; x_wconf 90' lang='lat' dir='ltr'><em>rensem</em></span> <span class='ocrx_word' id='word_1_105' title='bbox 434 1134 524 1183; x_wconf 92' lang='lat' dir='ltr'><em>sed</em></span> <span class='ocrx_word' id='word_1_106' title='bbox 571 1134 634 1181; x_wconf 92' lang='lat' dir='ltr'><em>de</em></span> <span class='ocrx_word' id='word_1_107' title='bbox 683 1133 909 1194; x_wconf 69' lang='lat' dir='ltr'><em>Tunqari</em></span> <span class='ocrx_word' id='word_1_108' title='bbox 948 1147 1082 1182; x_wconf 90' lang='lat' dir='ltr'><em>more</em></span> <span class='ocrx_word' id='word_1_109' title='bbox 1121 1137 1258 1182; x_wconf 90' lang='lat' dir='ltr'><em>solito</em></span> <span class='ocrx_word' id='word_1_110' title='bbox 1304 1136 1355 1182; x_wconf 91' lang='lat' dir='ltr'><em>in</em></span> <span class='ocrx_word' id='word_1_111' title='bbox 1399 1134 1535 1181; x_wconf 92' lang='lat' dir='ltr'><em>titulo</em></span> <span class='ocrx_word' id='word_1_112' title='bbox 1579 1134 1659 1180; x_wconf 87' lang='lat' dir='ltr'><em>sui</em></span> <span class='ocrx_word' id='word_1_113' title='bbox 1693 1132 1810 1180; x_wconf 82' lang='lat' dir='ltr'><em>libri</em></span> <span class='ocrx_word' id='word_1_114' title='bbox 1846 1134 2142 1194; x_wconf 85' lang='lat' dir='ltr'><em>scripsisset,</em></span> <span class='ocrx_word' id='word_1_115' title='bbox 2196 1133 2348 1180; x_wconf 87' lang='lat' dir='ltr'><em>voluit</em></span> <span class='ocrx_word' id='word_1_116' title='bbox 2367 1152 2404 1184; x_wconf 83' lang='grc' dir='ltr'><em>ιο</em></span> <span class='ocrx_word' id='word_1_117' title='bbox 2443 1162 2446 1163; x_wconf 34' lang='lat'><em>⁷</em></span> 
     </span>
    </p>

    <p class='ocr_par' dir='ltr' id='par_1_4' title="bbox 88 1213 2440 3645">
     <span class='ocr_line' id='line_1_12' title="bbox 88 1213 2348 1284; baseline -0.001 -18"><span class='ocrx_word' id='word_1_118' title='bbox 88 1221 201 1277; x_wconf 56' lang='lat' dir='ltr'><em>Jiijb</em></span> <span class='ocrx_word' id='word_1_119' title='bbox 224 1218 469 1279; x_wconf 87' lang='lat' dir='ltr'><em>Capnion‚</em></span> <span class='ocrx_word' id='word_1_120' title='bbox 513 1220 802 1278; x_wconf 67' lang='lat' dir='ltr'><em>mayistrum</em></span> <span class='ocrx_word' id='word_1_121' title='bbox 839 1223 1057 1266; x_wconf 88' lang='lat' dir='ltr'><em>nostrum</em></span> <span class='ocrx_word' id='word_1_122' title='bbox 1091 1223 1359 1279; x_wconf 88' lang='lat' dir='ltr'><em>propterea</em></span> <span class='ocrx_word' id='word_1_123' title='bbox 1397 1218 1454 1265; x_wconf 94' lang='lat' dir='ltr'><em>ob</em></span> <span class='ocrx_word' id='word_1_124' title='bbox 1480 1213 1501 1284; x_wconf 80' lang='grc' dir='ltr'>Η</span> <span class='ocrx_word' id='word_1_125' title='bbox 1525 1218 1712 1265; x_wconf 88' lang='lat' dir='ltr'><em>crimen</em></span> <span class='ocrx_word' id='word_1_126' title='bbox 1746 1230 1778 1265; x_wconf 93' lang='lat' dir='ltr'><em>a</em></span> <span class='ocrx_word' id='word_1_127' title='bbox 1808 1218 1983 1277; x_wconf 89' lang='lat' dir='ltr'><em>patria</em></span> <span class='ocrx_word' id='word_1_128' title='bbox 2015 1217 2348 1277; x_wconf 87' lang='lat' dir='ltr'><em>proscriptum</em></span> 
     </span>
     <span class='ocr_line' id='line_1_13' title="bbox 201 1300 2350 1363; baseline -0.001 -13"><span class='ocrx_word' id='word_1_129' title='bbox 201 1316 321 1350; x_wconf 88' lang='lat' dir='ltr'><em>esse.</em></span> <span class='ocrx_word' id='word_1_130' title='bbox 395 1301 453 1350; x_wconf 87' lang='lat' dir='ltr'><em>Si</em></span> <span class='ocrx_word' id='word_1_131' title='bbox 479 1315 598 1363; x_wconf 65' lang='lat' dir='ltr'><em>erqo</em></span> <span class='ocrx_word' id='word_1_132' title='bbox 627 1307 742 1350; x_wconf 90' lang='lat' dir='ltr'><em>sunt</em></span> <span class='ocrx_word' id='word_1_133' title='bbox 774 1305 902 1362; x_wconf 89' lang='lat' dir='ltr'><em>male</em></span> <span class='ocrx_word' id='word_1_134' title='bbox 934 1304 1033 1351; x_wconf 84' lang='lat' dir='ltr'><em>sive</em></span> <span class='ocrx_word' id='word_1_135' title='bbox 1070 1301 1282 1361; x_wconf 86' lang='lat' dir='ltr'><em>infames</em></span> <span class='ocrx_word' id='word_1_136' title='bbox 1321 1303 1588 1360; x_wconf 75' lang='lat' dir='ltr'><em>oratione3‚</em></span> <span class='ocrx_word' id='word_1_137' title='bbox 1640 1300 1842 1361; x_wconf 81' lang='lat' dir='ltr'><em>quando</em></span> <span class='ocrx_word' id='word_1_138' title='bbox 1876 1302 1951 1350; x_wconf 91' lang='lat' dir='ltr'><em>sic</em></span> <span class='ocrx_word' id='word_1_139' title='bbox 1978 1300 2236 1349; x_wconf 80' lang='lat' dir='ltr'><em>scribimus</em></span> <span class='ocrx_word' id='word_1_140' title='bbox 2273 1300 2350 1348; x_wconf 83' lang='lat' dir='ltr'><em>‘de</em></span> 
     </span>
     <span class='ocr_line' id='line_1_14' title="bbox 200 1385 2349 1446; baseline -0 -13"><span class='ocrx_word' id='word_1_141' title='bbox 200 1386 487 1446; x_wconf 71' lang='lat' dir='ltr'><em>Maquntia,</em></span> <span class='ocrx_word' id='word_1_142' title='bbox 526 1387 588 1434; x_wconf 90' lang='lat' dir='ltr'><em>de</em></span> <span class='ocrx_word' id='word_1_143' title='bbox 627 1385 850 1446; x_wconf 85' lang='lat' dir='ltr'><em>Treveri,</em></span> <span class='ocrx_word' id='word_1_144' title='bbox 887 1388 948 1435; x_wconf 92' lang='lat' dir='ltr'><em>de</em></span> <span class='ocrx_word' id='word_1_145' title='bbox 974 1385 1195 1435; x_wconf 87' lang='lat' dir='ltr'><em>Basitea&#39;</em></span> <span class='ocrx_word' id='word_1_146' title='bbox 1237 1391 1296 1435; x_wconf 77' lang='lat' dir='ltr'><em>‚et</em></span> <span class='ocrx_word' id='word_1_147' title='bbox 1311 1401 1354 1434; x_wconf 92' lang='lat' dir='ltr'><em>c.</em></span> <span class='ocrx_word' id='word_1_148' title='bbox 1394 1399 1512 1446; x_wconf 69' lang='lat' dir='ltr'><em>erqo</em></span> <span class='ocrx_word' id='word_1_149' title='bbox 1548 1387 1653 1446; x_wconf 88' lang='lat' dir='ltr'><em>ipse</em></span> <span class='ocrx_word' id='word_1_150' title='bbox 1684 1386 1830 1445; x_wconf 86' lang='lat' dir='ltr'><em>prior</em></span> <span class='ocrx_word' id='word_1_151' title='bbox 1862 1385 1935 1432; x_wconf 88' lang='lat' dir='ltr'><em>ad</em></span> <span class='ocrx_word' id='word_1_152' title='bbox 1968 1385 2215 1433; x_wconf 88' lang='lat' dir='ltr'><em>doctorem</em></span> <span class='ocrx_word' id='word_1_153' title='bbox 2251 1397 2349 1433; x_wconf 90' lang='lat' dir='ltr'><em>no-</em></span> 
     </span>
     <span class='ocr_line' id='line_1_15' title="bbox 199 1467 2350 1532; baseline 0 -16"><span class='ocrx_word' id='word_1_154' title='bbox 199 1475 354 1519; x_wconf 90' lang='lat' dir='ltr'><em>strum</em></span> <span class='ocrx_word' id='word_1_155' title='bbox 394 1471 560 1530; x_wconf 78' lang='lat' dir='ltr'><em>(quem</em></span> <span class='ocrx_word' id='word_1_156' title='bbox 594 1471 920 1519; x_wconf 85' lang='lat' dir='ltr'><em>venerabilem</em></span> <span class='ocrx_word' id='word_1_157' title='bbox 949 1470 1158 1531; x_wconf 84' lang='lat' dir='ltr'><em>fatetur,</em></span> <span class='ocrx_word' id='word_1_158' title='bbox 1197 1472 1342 1519; x_wconf 87' lang='lat' dir='ltr'><em>sicuti</em></span> <span class='ocrx_word' id='word_1_159' title='bbox 1373 1475 1465 1532; x_wconf 88' lang='lat' dir='ltr'><em>est)</em></span> <span class='ocrx_word' id='word_1_160' title='bbox 1504 1482 1602 1517; x_wconf 90' lang='lat' dir='ltr'><em>non</em></span> <span class='ocrx_word' id='word_1_161' title='bbox 1639 1469 1701 1517; x_wconf 88' lang='lat' dir='ltr'><em>de</em></span> <span class='ocrx_word' id='word_1_162' title='bbox 1734 1467 1982 1529; x_wconf 70' lang='lat' dir='ltr'><em>Tunqaris</em></span> <span class='ocrx_word' id='word_1_163' title='bbox 2015 1468 2107 1517; x_wconf 90' lang='lat' dir='ltr'><em>sed</em></span> <span class='ocrx_word' id='word_1_164' title='bbox 2147 1467 2350 1528; x_wconf 66' lang='grc' dir='ltr'><em>Ταπρο-</em></span> 
     </span>
     <span class='ocr_line' id='line_1_16' title="bbox 200 1553 2407 1614; baseline 0 -14"><span class='ocrx_word' id='word_1_165' title='bbox 200 1555 338 1601; x_wconf 89' lang='lat' dir='ltr'><em>rensi</em></span> <span class='ocrx_word' id='word_1_166' title='bbox 368 1554 584 1602; x_wconf 89' lang='lat' dir='ltr'><em>scribere</em></span> <span class='ocrx_word' id='word_1_167' title='bbox 621 1554 864 1602; x_wconf 83' lang='lat' dir='ltr'><em>debuisset</em></span> <span class='ocrx_word' id='word_1_168' title='bbox 897 1559 984 1602; x_wconf 89' lang='lat' dir='ltr'><em>aut</em></span> <span class='ocrx_word' id='word_1_169' title='bbox 1017 1557 1189 1604; x_wconf 88' lang='lat' dir='ltr'><em>saltem</em></span> <span class='ocrx_word' id='word_1_170' title='bbox 1222 1557 1302 1602; x_wconf 89' lang='lat' dir='ltr'><em>sui</em></span> <span class='ocrx_word' id='word_1_171' title='bbox 1334 1555 1559 1614; x_wconf 83' lang='lat' dir='ltr'><em>exemplo</em></span> <span class='ocrx_word' id='word_1_172' title='bbox 1605 1555 1742 1601; x_wconf 88' lang='lat' dir='ltr'><em>illam</em></span> <span class='ocrx_word' id='word_1_173' title='bbox 1790 1553 2139 1613; x_wconf 60' lang='lat' dir='ltr'><em>redarguendi</em></span> <span class='ocrx_word' id='word_1_174' title='bbox 2170 1554 2350 1601; x_wconf 84' lang='lat' dir='ltr'><em>levita—</em></span> <span class='ocrx_word' id='word_1_175' title='bbox 2370 1569 2407 1601; x_wconf 80' lang='lat'><em>15</em></span> 
     </span>
     <span class='ocr_line' id='line_1_17' title="bbox 200 1638 2352 1699; baseline 0.001 -16"><span class='ocrx_word' id='word_1_176' title='bbox 200 1642 294 1683; x_wconf 91' lang='lat' dir='ltr'><em>tem</em></span> <span class='ocrx_word' id='word_1_177' title='bbox 331 1638 559 1685; x_wconf 89' lang='lat' dir='ltr'><em>omisisse.</em></span> <span class='ocrx_word' id='word_1_178' title='bbox 633 1639 751 1698; x_wconf 82' lang='lat' dir='ltr'><em>quia</em></span> <span class='ocrx_word' id='word_1_179' title='bbox 787 1640 940 1698; x_wconf 71' lang='lat' dir='ltr'><em>iyitur</em></span> <span class='ocrx_word' id='word_1_180' title='bbox 973 1640 1065 1688; x_wconf 89' lang='lat' dir='ltr'><em>hoc</em></span> <span class='ocrx_word' id='word_1_181' title='bbox 1099 1641 1203 1687; x_wconf 91' lang='lat' dir='ltr'><em>loco</em></span> <span class='ocrx_word' id='word_1_182' title='bbox 1238 1639 1396 1699; x_wconf 79' lang='lat' dir='ltr'><em>(quod</em></span> <span class='ocrx_word' id='word_1_183' title='bbox 1430 1650 1570 1686; x_wconf 89' lang='lat' dir='ltr'><em>nemo</em></span> <span class='ocrx_word' id='word_1_184' title='bbox 1606 1651 1794 1698; x_wconf 70' lang='lat' dir='ltr'><em>neyare</em></span> <span class='ocrx_word' id='word_1_185' title='bbox 1815 1640 2000 1699; x_wconf 85' lang='lat' dir='ltr'><em>potest)</em></span> <span class='ocrx_word' id='word_1_186' title='bbox 2037 1642 2212 1686; x_wconf 88' lang='lat' dir='ltr'><em>auctor</em></span> <span class='ocrx_word' id='word_1_187' title='bbox 2246 1638 2352 1699; x_wconf 89' lang='lat' dir='ltr'><em>ipse</em></span> 
     </span>
     <span class='ocr_line' id='line_1_18' title="bbox 200 1715 2350 1785; baseline 0 -17"><span class='ocrx_word' id='word_1_188' title='bbox 200 1722 413 1782; x_wconf 88' lang='lat' dir='ltr'><em>seipsum</em></span> <span class='ocrx_word' id='word_1_189' title='bbox 444 1722 810 1771; x_wconf 80' lang='lat' dir='ltr'><em>scandalizavit</em></span> <span class='ocrx_word' id='word_1_190' title='bbox 842 1737 928 1782; x_wconf 90' lang='lat' dir='ltr'><em>sue</em></span> <span class='ocrx_word' id='word_1_191' title='bbox 961 1726 1178 1772; x_wconf 89' lang='lat' dir='ltr'><em>orationi</em></span> <span class='ocrx_word' id='word_1_192' title='bbox 1198 1724 1411 1785; x_wconf 79' lang='lat' dir='ltr'><em>proprie</em></span> <span class='ocrx_word' id='word_1_193' title='bbox 1446 1722 1847 1777; x_wconf 83' lang='lat' dir='ltr'><em>contradicendo,</em></span> <span class='ocrx_word' id='word_1_194' title='bbox 1886 1722 2039 1770; x_wconf 90' lang='lat' dir='ltr'><em>alium</em></span> <span class='ocrx_word' id='word_1_195' title='bbox 2074 1715 2350 1782; x_wconf 71' lang='lat' dir='ltr'><em>adiunqam</em></span> 
     </span>
     <span class='ocr_line' id='line_1_19' title="bbox 200 1805 2440 1868; baseline 0.001 -16"><span class='ocrx_word' id='word_1_196' title='bbox 200 1807 383 1865; x_wconf 89' lang='lat' dir='ltr'><em>locum,</em></span> <span class='ocrx_word' id='word_1_197' title='bbox 428 1806 479 1852; x_wconf 92' lang='lat' dir='ltr'><em>in</em></span> <span class='ocrx_word' id='word_1_198' title='bbox 516 1818 610 1866; x_wconf 79' lang='lat' dir='ltr'><em>quo</em></span> <span class='ocrx_word' id='word_1_199' title='bbox 644 1806 873 1867; x_wconf 82' lang='lat' dir='ltr'><em>professe</em></span> <span class='ocrx_word' id='word_1_200' title='bbox 913 1822 945 1856; x_wconf 91' lang='lat' dir='ltr'><em>a</em></span> <span class='ocrx_word' id='word_1_201' title='bbox 980 1822 1031 1855; x_wconf 89' lang='lat' dir='ltr'><em>se</em></span> <span class='ocrx_word' id='word_1_202' title='bbox 1077 1809 1273 1856; x_wconf 82' lang='lat' dir='ltr'><em>veritati</em></span> <span class='ocrx_word' id='word_1_203' title='bbox 1312 1806 1710 1865; x_wconf 87' lang='lat' dir='ltr'><em>manifestissime</em></span> <span class='ocrx_word' id='word_1_204' title='bbox 1749 1806 2072 1855; x_wconf 80' lang='lat' dir='ltr'><em>contradixit.</em></span> <span class='ocrx_word' id='word_1_205' title='bbox 2140 1805 2355 1868; x_wconf 86' lang='lat' dir='ltr'><em>Scripsit</em></span> <span class='ocrx_word' id='word_1_206' title='bbox 2437 1807 2440 1810; x_wconf 52' lang='lat'><strong><em>⁴</em></strong></span> 
     </span>
     <span class='ocr_line' id='line_1_20' title="bbox 201 1889 2385 1953; baseline 0.002 -18"><span class='ocrx_word' id='word_1_207' title='bbox 201 1890 330 1936; x_wconf 89' lang='lat' dir='ltr'><em>enim</em></span> <span class='ocrx_word' id='word_1_208' title='bbox 361 1889 563 1938; x_wconf 90' lang='lat' dir='ltr'><em>cuidam</em></span> <span class='ocrx_word' id='word_1_209' title='bbox 600 1892 705 1938; x_wconf 88' lang='lat' dir='ltr'><em>viro</em></span> <span class='ocrx_word' id='word_1_210' title='bbox 741 1891 893 1939; x_wconf 90' lang='lat' dir='ltr'><em>nobili</em></span> <span class='ocrx_word' id='word_1_211' title='bbox 924 1897 1038 1939; x_wconf 90' lang='lat' dir='ltr'><em>ante</em></span> <span class='ocrx_word' id='word_1_212' title='bbox 1068 1897 1286 1952; x_wconf 87' lang='lat' dir='ltr'><em>tempora</em></span> <span class='ocrx_word' id='word_1_213' title='bbox 1317 1893 1631 1953; x_wconf 64' lang='lat' dir='ltr'><em>permanice,</em></span> <span class='ocrx_word' id='word_1_214' title='bbox 1664 1891 1798 1952; x_wconf 80' lang='lat' dir='ltr'><em>quod</em></span> <span class='ocrx_word' id='word_1_215' title='bbox 1821 1893 1872 1940; x_wconf 92' lang='lat' dir='ltr'><em>in</em></span> <span class='ocrx_word' id='word_1_216' title='bbox 1902 1893 2124 1940; x_wconf 89' lang='lat' dir='ltr'><em>oratione</em></span> <span class='ocrx_word' id='word_1_217' title='bbox 2148 1892 2351 1940; x_wconf 88' lang='lat' dir='ltr'><em>iudaica</em></span> <span class='ocrx_word' id='word_1_218' title='bbox 2381 1897 2385 1902; x_wconf 83' lang='grc'><strong>’</strong></span> 
     </span>
     <span class='ocr_line' id='line_1_21' title="bbox 203 1972 2409 2036; baseline 0.004 -18"><span class='ocrx_word' id='word_1_219' title='bbox 203 1972 739 2036; x_wconf 73' lang='lat' dir='ltr'><em>Felamschummodym</em></span> <span class='ocrx_word' id='word_1_220' title='bbox 771 1975 922 2034; x_wconf 88' lang='lat' dir='ltr'><em>Iudei</em></span> <span class='ocrx_word' id='word_1_221' title='bbox 955 1983 1130 2023; x_wconf 85' lang='lat' dir='ltr'><em>contra</em></span> <span class='ocrx_word' id='word_1_222' title='bbox 1167 1989 1255 2024; x_wconf 87' lang='lat' dir='ltr'><em>nos</em></span> <span class='ocrx_word' id='word_1_223' title='bbox 1289 1982 1431 2024; x_wconf 86' lang='lat' dir='ltr'><em>orent</em></span> <span class='ocrx_word' id='word_1_224' title='bbox 1466 1975 1697 2036; x_wconf 83' lang='lat' dir='ltr'><em>nobisque</em></span> <span class='ocrx_word' id='word_1_225' title='bbox 1741 1976 2066 2036; x_wconf 88' lang='lat' dir='ltr'><em>maledicant,</em></span> <span class='ocrx_word' id='word_1_226' title='bbox 2112 1981 2160 2024; x_wconf 92' lang='lat' dir='ltr'><em>et</em></span> <span class='ocrx_word' id='word_1_227' title='bbox 2201 1976 2350 2024; x_wconf 87' lang='lat' dir='ltr'><em>libros</em></span> <span class='ocrx_word' id='word_1_228' title='bbox 2366 1993 2409 2027; x_wconf 56' lang='grc' dir='ltr'><em>πο</em></span> 
     </span>
     <span class='ocr_line' id='line_1_22' title="bbox 198 2059 2354 2122; baseline 0.003 -19"><span class='ocrx_word' id='word_1_229' title='bbox 198 2060 372 2104; x_wconf 89' lang='lat' dir='ltr'><em>contra</em></span> <span class='ocrx_word' id='word_1_230' title='bbox 410 2070 497 2105; x_wconf 92' lang='lat' dir='ltr'><em>nos</em></span> <span class='ocrx_word' id='word_1_231' title='bbox 531 2059 776 2119; x_wconf 85' lang='lat' dir='ltr'><em>scribant,</em></span> <span class='ocrx_word' id='word_1_232' title='bbox 819 2065 995 2120; x_wconf 86' lang='lat' dir='ltr'><em>postea</em></span> <span class='ocrx_word' id='word_1_233' title='bbox 1042 2073 1158 2108; x_wconf 84' lang='lat' dir='ltr'><em>vero</em></span> <span class='ocrx_word' id='word_1_234' title='bbox 1194 2062 1244 2108; x_wconf 91' lang='lat' dir='ltr'><em>in</em></span> <span class='ocrx_word' id='word_1_235' title='bbox 1280 2061 1544 2121; x_wconf 87' lang='lat' dir='ltr'><em>reprobum</em></span> <span class='ocrx_word' id='word_1_236' title='bbox 1581 2060 1777 2108; x_wconf 87' lang='lat' dir='ltr'><em>sensum</em></span> <span class='ocrx_word' id='word_1_237' title='bbox 1822 2063 1982 2109; x_wconf 84' lang='lat' dir='ltr'><em>nescio</em></span> <span class='ocrx_word' id='word_1_238' title='bbox 2018 2075 2049 2108; x_wconf 93' lang='lat' dir='ltr'><em>a</em></span> <span class='ocrx_word' id='word_1_239' title='bbox 2086 2074 2181 2122; x_wconf 83' lang='lat' dir='ltr'><em>quo</em></span> <span class='ocrx_word' id='word_1_240' title='bbox 2212 2066 2354 2110; x_wconf 88' lang='lat' dir='ltr'><em>actus</em></span> 
     </span>
     <span class='ocr_line' id='line_1_23' title="bbox 199 2130 2352 2213; baseline 0.003 -26"><span class='ocrx_word' id='word_1_241' title='bbox 199 2140 402 2199; x_wconf 91' lang='lat' dir='ltr'><em>demone</em></span> <span class='ocrx_word' id='word_1_242' title='bbox 417 2176 428 2197; x_wconf 88' lang='lat'>‚</span> <span class='ocrx_word' id='word_1_243' title='bbox 471 2145 779 2192; x_wconf 88' lang='lat' dir='ltr'><em>contrarium</em></span> <span class='ocrx_word' id='word_1_244' title='bbox 815 2149 990 2192; x_wconf 90' lang='lat' dir='ltr'><em>contra</em></span> <span class='ocrx_word' id='word_1_245' title='bbox 1028 2158 1115 2193; x_wconf 89' lang='lat' dir='ltr'><em>nos</em></span> <span class='ocrx_word' id='word_1_246' title='bbox 1151 2158 1316 2213; x_wconf 87' lang='lat' dir='ltr'><em>omnes</em></span> <span class='ocrx_word' id='word_1_247' title='bbox 1353 2146 1554 2207; x_wconf 84' lang='lat' dir='ltr'><em>scripsit</em></span> <span class='ocrx_word' id='word_1_248' title='bbox 1587 2152 1634 2194; x_wconf 93' lang='lat' dir='ltr'><em>et</em></span> <span class='ocrx_word' id='word_1_249' title='bbox 1668 2144 1853 2204; x_wconf 89' lang='lat' dir='ltr'><em>Iudeos</em></span> <span class='ocrx_word' id='word_1_250' title='bbox 1888 2150 2062 2194; x_wconf 89' lang='lat' dir='ltr'><em>contra</em></span> <span class='ocrx_word' id='word_1_251' title='bbox 2099 2130 2352 2194; x_wconf 62' lang='lat' dir='ltr'><em>ueritatem</em></span> 
     </span>
     <span class='ocr_line' id='line_1_24' title="bbox 199 2225 2354 2291; baseline 0.003 -18"><span class='ocrx_word' id='word_1_252' title='bbox 199 2226 250 2273; x_wconf 92' lang='lat' dir='ltr'><em>in</em></span> <span class='ocrx_word' id='word_1_253' title='bbox 285 2225 377 2274; x_wconf 92' lang='lat' dir='ltr'><em>hoc</em></span> <span class='ocrx_word' id='word_1_254' title='bbox 426 2226 699 2286; x_wconf 87' lang='lat' dir='ltr'><em>defendere</em></span> <span class='ocrx_word' id='word_1_255' title='bbox 740 2233 946 2277; x_wconf 90' lang='lat' dir='ltr'><em>conatus</em></span> <span class='ocrx_word' id='word_1_256' title='bbox 990 2236 1063 2278; x_wconf 91' lang='lat' dir='ltr'><em>est</em></span> <span class='ocrx_word' id='word_1_257' title='bbox 1102 2244 1165 2278; x_wconf 91' lang='lat' dir='ltr'><em>ac</em></span> <span class='ocrx_word' id='word_1_258' title='bbox 1200 2231 1244 2278; x_wconf 91' lang='lat' dir='ltr'><em>si</em></span> <span class='ocrx_word' id='word_1_259' title='bbox 1281 2231 1386 2291; x_wconf 86' lang='lat' dir='ltr'><em>ipse</em></span> <span class='ocrx_word' id='word_1_260' title='bbox 1418 2231 1592 2278; x_wconf 89' lang='lat' dir='ltr'><em>melius</em></span> <span class='ocrx_word' id='word_1_261' title='bbox 1622 2234 1789 2277; x_wconf 85' lang='lat' dir='ltr'><em>noscet</em></span> <span class='ocrx_word' id='word_1_262' title='bbox 1819 2229 2089 2289; x_wconf 88' lang='lat' dir='ltr'><em>Iudeorum</em></span> <span class='ocrx_word' id='word_1_263' title='bbox 2119 2240 2278 2279; x_wconf 87' lang='lat' dir='ltr'><em>mores</em></span> <span class='ocrx_word' id='word_1_264' title='bbox 2306 2236 2354 2279; x_wconf 92' lang='lat' dir='ltr'><em>et</em></span> 
     </span>
     <span class='ocr_line' id='line_1_25' title="bbox 194 2308 2352 2376; baseline 0.004 -20"><span class='ocrx_word' id='word_1_265' title='bbox 194 2308 342 2367; x_wconf 92' lang='lat' dir='ltr'><em>facta</em></span> <span class='ocrx_word' id='word_1_266' title='bbox 376 2324 525 2371; x_wconf 79' lang='lat' dir='ltr'><em>quam</em></span> <span class='ocrx_word' id='word_1_267' title='bbox 561 2312 616 2360; x_wconf 89' lang='lat' dir='ltr'><em>hi</em></span> <span class='ocrx_word' id='word_1_268' title='bbox 648 2313 735 2373; x_wconf 81' lang='lat' dir='ltr'><em>qui</em></span> <span class='ocrx_word' id='word_1_269' title='bbox 776 2327 844 2361; x_wconf 87' lang='lat' dir='ltr'><em>ex</em></span> <span class='ocrx_word' id='word_1_270' title='bbox 886 2315 985 2363; x_wconf 90' lang='lat' dir='ltr'><em>illis</em></span> <span class='ocrx_word' id='word_1_271' title='bbox 1021 2316 1131 2362; x_wconf 92' lang='lat' dir='ltr'><em>nati</em></span> <span class='ocrx_word' id='word_1_272' title='bbox 1162 2320 1212 2363; x_wconf 91' lang='lat' dir='ltr'><em>et</em></span> <span class='ocrx_word' id='word_1_273' title='bbox 1247 2323 1382 2358; x_wconf 61' lang='lat' dir='ltr'><em>XXX.</em></span> <span class='ocrx_word' id='word_1_274' title='bbox 1423 2320 1510 2362; x_wconf 89' lang='lat' dir='ltr'><em>aut</em></span> <span class='ocrx_word' id='word_1_275' title='bbox 1547 2322 1639 2360; x_wconf 49' lang='lat' dir='ltr'><em>un.</em></span> <span class='ocrx_word' id='word_1_276' title='bbox 1665 2315 1812 2362; x_wconf 89' lang='lat' dir='ltr'><em>annis</em></span> <span class='ocrx_word' id='word_1_277' title='bbox 1843 2315 2017 2363; x_wconf 88' lang='lat' dir='ltr'><em>eadem</em></span> <span class='ocrx_word' id='word_1_278' title='bbox 2048 2315 2181 2376; x_wconf 87' lang='lat' dir='ltr'><em>proh</em></span> <span class='ocrx_word' id='word_1_279' title='bbox 2212 2316 2352 2364; x_wconf 87' lang='lat' dir='ltr'><em>dolor</em></span> 
     </span>
     <span class='ocr_line' id='line_1_26' title="bbox 195 2398 2406 2459; baseline 0.003 -18"><span class='ocrx_word' id='word_1_280' title='bbox 195 2399 405 2454; x_wconf 88' lang='lat' dir='ltr'><em>peccata</em></span> <span class='ocrx_word' id='word_1_281' title='bbox 442 2409 553 2444; x_wconf 93' lang='lat' dir='ltr'><em>cum</em></span> <span class='ocrx_word' id='word_1_282' title='bbox 586 2399 683 2445; x_wconf 89' lang='lat' dir='ltr'><em>illis</em></span> <span class='ocrx_word' id='word_1_283' title='bbox 716 2398 996 2459; x_wconf 85' lang='lat' dir='ltr'><em>perfecere.</em></span> <span class='ocrx_word' id='word_1_284' title='bbox 1071 2398 1113 2446; x_wconf 76' lang='lat'><em>([</em></span> <span class='ocrx_word' id='word_1_285' title='bbox 1149 2399 1253 2447; x_wconf 85' lang='lat' dir='ltr'><em>Sed</em></span> <span class='ocrx_word' id='word_1_286' title='bbox 1279 2399 1402 2459; x_wconf 81' lang='lat' dir='ltr'><em>quid</em></span> <span class='ocrx_word' id='word_1_287' title='bbox 1421 2399 1729 2447; x_wconf 89' lang='lat' dir='ltr'><em>erubesceret</em></span> <span class='ocrx_word' id='word_1_288' title='bbox 1754 2399 1835 2446; x_wconf 87' lang='lat' dir='ltr'><em>hic</em></span> <span class='ocrx_word' id='word_1_289' title='bbox 1861 2399 2003 2448; x_wconf 90' lang='lat' dir='ltr'><em>homo</em></span> <span class='ocrx_word' id='word_1_290' title='bbox 2035 2399 2184 2459; x_wconf 82' lang='lat' dir='ltr'><em>vafer</em></span> <span class='ocrx_word' id='word_1_291' title='bbox 2218 2401 2351 2449; x_wconf 91' lang='lat' dir='ltr'><em>omni</em></span> <span class='ocrx_word' id='word_1_292' title='bbox 2364 2418 2406 2450; x_wconf 79' lang='lat'><em>25</em></span> 
     </span>
     <span class='ocr_line' id='line_1_27' title="bbox 199 2478 2356 2545; baseline 0.004 -20"><span class='ocrx_word' id='word_1_293' title='bbox 199 2478 324 2525; x_wconf 90' lang='lat' dir='ltr'><em>hora</em></span> <span class='ocrx_word' id='word_1_294' title='bbox 346 2479 440 2528; x_wconf 87' lang='lat' dir='ltr'><em>sibi</em></span> <span class='ocrx_word' id='word_1_295' title='bbox 469 2481 566 2541; x_wconf 89' lang='lat' dir='ltr'><em>ipsi</em></span> <span class='ocrx_word' id='word_1_296' title='bbox 596 2480 976 2532; x_wconf 83' lang='lat' dir='ltr'><em>contradicere?</em></span> <span class='ocrx_word' id='word_1_297' title='bbox 1022 2483 1236 2532; x_wconf 86' lang='lat' dir='ltr'><em>Tertium</em></span> <span class='ocrx_word' id='word_1_298' title='bbox 1273 2484 1538 2532; x_wconf 87' lang='lat' dir='ltr'><em>audiamus</em></span> <span class='ocrx_word' id='word_1_299' title='bbox 1574 2483 1637 2531; x_wconf 91' lang='lat' dir='ltr'><em>de</em></span> <span class='ocrx_word' id='word_1_300' title='bbox 1671 2480 1814 2531; x_wconf 87' lang='lat' dir='ltr'><em>modo</em></span> <span class='ocrx_word' id='word_1_301' title='bbox 1847 2485 2001 2545; x_wconf 86' lang='lat' dir='ltr'><em>ipsius</em></span> <span class='ocrx_word' id='word_1_302' title='bbox 2033 2484 2284 2533; x_wconf 89' lang='lat' dir='ltr'><em>scribendi</em></span> <span class='ocrx_word' id='word_1_303' title='bbox 2308 2490 2356 2533; x_wconf 88' lang='lat' dir='ltr'><em>et</em></span> 
     </span>
     <span class='ocr_line' id='line_1_28' title="bbox 199 2562 2352 2628; baseline 0.003 -18"><span class='ocrx_word' id='word_1_304' title='bbox 199 2562 378 2611; x_wconf 88' lang='lat' dir='ltr'><em>deinde</em></span> <span class='ocrx_word' id='word_1_305' title='bbox 394 2567 720 2624; x_wconf 84' lang='lat' dir='ltr'><em>pervertendi</em></span> <span class='ocrx_word' id='word_1_306' title='bbox 749 2569 1003 2616; x_wconf 83' lang='lat' dir='ltr'><em>levissimo.</em></span> <span class='ocrx_word' id='word_1_307' title='bbox 1078 2568 1320 2628; x_wconf 71' lang='lat' dir='ltr'><em>Mayister</em></span> <span class='ocrx_word' id='word_1_308' title='bbox 1353 2567 1595 2616; x_wconf 77' lang='lat' dir='ltr'><em>Ortrvinus</em></span> <span class='ocrx_word' id='word_1_309' title='bbox 1634 2568 1835 2617; x_wconf 88' lang='lat' dir='ltr'><em>Gratius</em></span> <span class='ocrx_word' id='word_1_310' title='bbox 1869 2570 1946 2617; x_wconf 84' lang='lat' dir='ltr'><em>vir</em></span> <span class='ocrx_word' id='word_1_311' title='bbox 1978 2570 2147 2618; x_wconf 89' lang='lat' dir='ltr'><em>doctus</em></span> <span class='ocrx_word' id='word_1_312' title='bbox 2178 2574 2226 2618; x_wconf 94' lang='lat' dir='ltr'><em>et</em></span> <span class='ocrx_word' id='word_1_313' title='bbox 2258 2569 2352 2617; x_wconf 90' lang='lat' dir='ltr'><em>ho-·</em></span> 
     </span>
     <span class='ocr_line' id='line_1_29' title="bbox 200 2652 2352 2715; baseline 0.004 -22"><span class='ocrx_word' id='word_1_314' title='bbox 200 2652 428 2708; x_wconf 87' lang='lat' dir='ltr'><em>noratus,</em></span> <span class='ocrx_word' id='word_1_315' title='bbox 470 2654 619 2709; x_wconf 91' lang='lat' dir='ltr'><em>patre</em></span> <span class='ocrx_word' id='word_1_316' title='bbox 646 2654 842 2711; x_wconf 63' lang='lat' dir='ltr'><em>,aenitus</em></span> <span class='ocrx_word' id='word_1_317' title='bbox 876 2655 1099 2712; x_wconf 88' lang='lat' dir='ltr'><em>seculari</em></span> <span class='ocrx_word' id='word_1_318' title='bbox 1130 2654 1405 2701; x_wconf 86' lang='lat' dir='ltr'><em>Frederico</em></span> <span class='ocrx_word' id='word_1_319' title='bbox 1441 2653 1627 2701; x_wconf 89' lang='lat' dir='ltr'><em>scilicet</em></span> <span class='ocrx_word' id='word_1_320' title='bbox 1657 2653 1718 2700; x_wconf 91' lang='lat' dir='ltr'><em>de</em></span> <span class='ocrx_word' id='word_1_321' title='bbox 1759 2654 1916 2702; x_wconf 85' lang='lat' dir='ltr'><em>Graes</em></span> <span class='ocrx_word' id='word_1_322' title='bbox 1961 2654 2119 2714; x_wconf 83' lang='lat' dir='ltr'><em>(quod</em></span> <span class='ocrx_word' id='word_1_323' title='bbox 2139 2659 2352 2715; x_wconf 88' lang='lat' dir='ltr'><em>propter</em></span> 
     </span>
     <span class='ocr_line' id='line_1_30' title="bbox 200 2731 2353 2799; baseline 0.004 -21"><span class='ocrx_word' id='word_1_324' title='bbox 200 2731 517 2780; x_wconf 90' lang='lat' dir='ltr'><em>obscurorum</em></span> <span class='ocrx_word' id='word_1_325' title='bbox 555 2737 774 2786; x_wconf 81' lang='lat' dir='ltr'><em>virorum</em></span> <span class='ocrx_word' id='word_1_326' title='bbox 804 2739 1036 2798; x_wconf 91' lang='lat' dir='ltr'><em>epistolas</em></span> <span class='ocrx_word' id='word_1_327' title='bbox 1073 2738 1279 2798; x_wconf 88' lang='lat' dir='ltr'><em>dicitur)</em></span> <span class='ocrx_word' id='word_1_328' title='bbox 1319 2742 1366 2785; x_wconf 91' lang='lat' dir='ltr'><em>et</em></span> <span class='ocrx_word' id='word_1_329' title='bbox 1398 2750 1495 2785; x_wconf 89' lang='lat' dir='ltr'><em>non</em></span> <span class='ocrx_word' id='word_1_330' title='bbox 1540 2739 1680 2799; x_wconf 74' lang='lat' dir='ltr'><em>lonqe</em></span> <span class='ocrx_word' id='word_1_331' title='bbox 1728 2750 1761 2784; x_wconf 93' lang='lat' dir='ltr'><em>a</em></span> <span class='ocrx_word' id='word_1_332' title='bbox 1803 2737 2066 2798; x_wconf 78' lang='lat' dir='ltr'><em>frequenti</em></span> <span class='ocrx_word' id='word_1_333' title='bbox 2108 2739 2353 2787; x_wconf 84' lang='lat' dir='ltr'><em>domicilio</em></span> 
     </span>
     <span class='ocr_line' id='line_1_31' title="bbox 199 2815 2407 2884; baseline 0.004 -22"><span class='ocrx_word' id='word_1_334' title='bbox 199 2815 614 2868; x_wconf 81' lang='lat' dir='ltr'><em>Reverendissimi</em></span> <span class='ocrx_word' id='word_1_335' title='bbox 657 2821 844 2870; x_wconf 86' lang='lat' dir='ltr'><em>domini</em></span> <span class='ocrx_word' id='word_1_336' title='bbox 877 2823 1115 2883; x_wconf 86' lang='lat' dir='ltr'><em>Episcopi</em></span> <span class='ocrx_word' id='word_1_337' title='bbox 1147 2822 1554 2871; x_wconf 86' lang='lat' dir='ltr'><em>Monasteriensis</em></span> <span class='ocrx_word' id='word_1_338' title='bbox 1597 2835 1757 2884; x_wconf 86' lang='lat' dir='ltr'><em>prope</em></span> <span class='ocrx_word' id='word_1_339' title='bbox 1794 2822 2094 2882; x_wconf 88' lang='lat' dir='ltr'><em>Cosfeldiam</em></span> <span class='ocrx_word' id='word_1_340' title='bbox 2138 2823 2217 2882; x_wconf 86' lang='lat' dir='ltr'><em>(ut</em></span> <span class='ocrx_word' id='word_1_341' title='bbox 2259 2836 2407 2883; x_wconf 70' lang='lat' dir='ltr'><em>eyoso</em></span> 
     </span>
     <span class='ocr_line' id='line_1_32' title="bbox 200 2889 2413 2969; baseline 0.004 -23"><span class='ocrx_word' id='word_1_342' title='bbox 200 2900 262 2946; x_wconf 87' lang='lat' dir='ltr'><em>ab</em></span> <span class='ocrx_word' id='word_1_343' title='bbox 298 2902 412 2948; x_wconf 87' lang='lat' dir='ltr'><em>aliis</em></span> <span class='ocrx_word' id='word_1_344' title='bbox 442 2903 667 2952; x_wconf 75' lang='lat' dir='ltr'><em>intellexi</em></span> <span class='ocrx_word' id='word_1_345' title='bbox 704 2911 752 2953; x_wconf 90' lang='lat' dir='ltr'><em>et</em></span> <span class='ocrx_word' id='word_1_346' title='bbox 781 2908 913 2955; x_wconf 85' lang='lat' dir='ltr'><em>mille</em></span> <span class='ocrx_word' id='word_1_347' title='bbox 949 2908 1095 2954; x_wconf 89' lang='lat' dir='ltr'><em>etiam</em></span> <span class='ocrx_word' id='word_1_348' title='bbox 1134 2907 1408 2955; x_wconf 88' lang='lat' dir='ltr'><em>hominibus</em></span> <span class='ocrx_word' id='word_1_349' title='bbox 1443 2921 1558 2955; x_wconf 86' lang='lat' dir='ltr'><em>vero</em></span> <span class='ocrx_word' id='word_1_350' title='bbox 1591 2909 1754 2955; x_wconf 86' lang='lat' dir='ltr'><em>verius</em></span> <span class='ocrx_word' id='word_1_351' title='bbox 1787 2908 1928 2969; x_wconf 92' lang='lat' dir='ltr'><em>apud</em></span> <span class='ocrx_word' id='word_1_352' title='bbox 1972 2921 2059 2955; x_wconf 89' lang='lat' dir='ltr'><em>nos</em></span> <span class='ocrx_word' id='word_1_353' title='bbox 2110 2909 2350 2968; x_wconf 68' lang='lat' dir='ltr'><em>coqnitis—</em></span> <span class='ocrx_word' id='word_1_354' title='bbox 2411 2889 2413 2891; x_wconf 24' lang='lat'><strong><em>¹</em></strong></span> 
     </span>
     <span class='ocr_line' id='line_1_33' title="bbox 200 2985 2351 3053; baseline 0.004 -22"><span class='ocrx_word' id='word_1_355' title='bbox 200 2985 371 3032; x_wconf 83' lang='lat' dir='ltr'><em>simum</em></span> <span class='ocrx_word' id='word_1_356' title='bbox 422 2990 517 3048; x_wconf 86' lang='lat' dir='ltr'><em>est)</em></span> <span class='ocrx_word' id='word_1_357' title='bbox 569 2989 843 3047; x_wconf 72' lang='lat' dir='ltr'><em>habitante,</em></span> <span class='ocrx_word' id='word_1_358' title='bbox 894 2993 976 3039; x_wconf 89' lang='lat' dir='ltr'><em>ille</em></span> <span class='ocrx_word' id='word_1_359' title='bbox 1024 2993 1226 3051; x_wconf 79' lang='lat' dir='ltr'><em>inquam</em></span> <span class='ocrx_word' id='word_1_360' title='bbox 1275 2993 1513 3051; x_wconf 70' lang='lat' dir='ltr'><em>mayisler</em></span> <span class='ocrx_word' id='word_1_361' title='bbox 1560 2992 1882 3040; x_wconf 89' lang='lat' dir='ltr'><em>honorandus</em></span> <span class='ocrx_word' id='word_1_362' title='bbox 1928 2993 2130 3053; x_wconf 88' lang='lat' dir='ltr'><em>scripsit</em></span> <span class='ocrx_word' id='word_1_363' title='bbox 2177 2997 2351 3040; x_wconf 91' lang='lat' dir='ltr'><em>contra</em></span> 
     </span>
     <span class='ocr_line' id='line_1_34' title="bbox 198 3067 2350 3136; baseline 0.004 -21"><span class='ocrx_word' id='word_1_364' title='bbox 198 3067 436 3118; x_wconf 90' lang='lat' dir='ltr'><em>Ioannem</em></span> <span class='ocrx_word' id='word_1_365' title='bbox 478 3072 717 3121; x_wconf 84' lang='lat' dir='ltr'><em>Reuchlin</em></span> <span class='ocrx_word' id='word_1_366' title='bbox 770 3077 821 3122; x_wconf 88' lang='lat' dir='ltr'><em>in</em></span> <span class='ocrx_word' id='word_1_367' title='bbox 869 3076 1083 3135; x_wconf 84' lang='lat' dir='ltr'><em>quodam</em></span> <span class='ocrx_word' id='word_1_368' title='bbox 1128 3077 1352 3123; x_wconf 88' lang='lat' dir='ltr'><em>carmine</em></span> <span class='ocrx_word' id='word_1_369' title='bbox 1390 3077 1558 3134; x_wconf 87' lang='lat' dir='ltr'><em>(sicuti</em></span> <span class='ocrx_word' id='word_1_370' title='bbox 1593 3089 1684 3136; x_wconf 68' lang='lat' dir='ltr'><em>eqo</em></span> <span class='ocrx_word' id='word_1_371' title='bbox 1719 3076 1782 3123; x_wconf 92' lang='lat' dir='ltr'><em>ab</em></span> <span class='ocrx_word' id='word_1_372' title='bbox 1817 3078 1930 3124; x_wconf 87' lang='lat' dir='ltr'><em>aliis</em></span> <span class='ocrx_word' id='word_1_373' title='bbox 1962 3077 2136 3125; x_wconf 85' lang='lat' dir='ltr'><em>audivi</em></span> <span class='ocrx_word' id='word_1_374' title='bbox 2167 3082 2215 3125; x_wconf 91' lang='lat' dir='ltr'><em>et</em></span> <span class='ocrx_word' id='word_1_375' title='bbox 2248 3076 2350 3123; x_wconf 93' lang='lat' dir='ltr'><em>ad-</em></span> 
     </span>
     <span class='ocr_line' id='line_1_35' title="bbox 176 3154 2352 3221; baseline 0.006 -24"><span class='ocrx_word' id='word_1_376' title='bbox 176 3154 388 3214; x_wconf 73' lang='lat' dir='ltr'><em>notavi)</em></span> <span class='ocrx_word' id='word_1_377' title='bbox 422 3155 547 3203; x_wconf 83' lang='lat' dir='ltr'><em>‘Flet</em></span> <span class='ocrx_word' id='word_1_378' title='bbox 578 3157 710 3205; x_wconf 86' lang='lat' dir='ltr'><em>Iovis</em></span> <span class='ocrx_word' id='word_1_379' title='bbox 748 3161 881 3206; x_wconf 90' lang='lat' dir='ltr'><em>alma</em></span> <span class='ocrx_word' id='word_1_380' title='bbox 914 3159 1120 3220; x_wconf 81' lang='lat' dir='ltr'><em>parens&#39;</em></span> <span class='ocrx_word' id='word_1_381' title='bbox 1157 3165 1219 3206; x_wconf 80' lang='lat' dir='ltr'><em>‚et</em></span> <span class='ocrx_word' id='word_1_382' title='bbox 1240 3173 1283 3207; x_wconf 89' lang='lat' dir='ltr'><em>c.</em></span> <span class='ocrx_word' id='word_1_383' title='bbox 1360 3159 1444 3206; x_wconf 85' lang='lat' dir='ltr'><em>Ex</em></span> <span class='ocrx_word' id='word_1_384' title='bbox 1477 3160 1553 3207; x_wconf 92' lang='lat' dir='ltr'><em>his</em></span> <span class='ocrx_word' id='word_1_385' title='bbox 1594 3160 1754 3218; x_wconf 86' lang='lat' dir='ltr'><em>verbis</em></span> <span class='ocrx_word' id='word_1_386' title='bbox 1779 3161 2000 3221; x_wconf 88' lang='lat' dir='ltr'><em>probare</em></span> <span class='ocrx_word' id='word_1_387' title='bbox 2038 3165 2244 3209; x_wconf 86' lang='lat' dir='ltr'><em>conatus</em></span> <span class='ocrx_word' id='word_1_388' title='bbox 2281 3166 2352 3209; x_wconf 89' lang='lat' dir='ltr'><em>est</em></span> 
     </span>
     <span class='ocr_line' id='line_1_36' title="bbox 199 3238 2403 3303; baseline 0.005 -21"><span class='ocrx_word' id='word_1_389' title='bbox 199 3238 489 3295; x_wconf 69' lang='lat' dir='ltr'><em>maqistrum</em></span> <span class='ocrx_word' id='word_1_390' title='bbox 507 3272 514 3291; x_wconf 49' lang='lat' dir='ltr'>s</span> <span class='ocrx_word' id='word_1_391' title='bbox 529 3240 791 3291; x_wconf 77' lang='lat' dir='ltr'><em>Ortminum</em></span> <span class='ocrx_word' id='word_1_392' title='bbox 832 3244 1203 3303; x_wconf 74' lang='lat' dir='ltr'><em>heresiarcham</em></span> <span class='ocrx_word' id='word_1_393' title='bbox 1241 3258 1368 3300; x_wconf 91' lang='lat' dir='ltr'><em>esse,</em></span> <span class='ocrx_word' id='word_1_394' title='bbox 1418 3246 1582 3292; x_wconf 84' lang='lat' dir='ltr'><em>volens</em></span> <span class='ocrx_word' id='word_1_395' title='bbox 1616 3244 1781 3292; x_wconf 81' lang='lat' dir='ltr'><em>Iovem</em></span> <span class='ocrx_word' id='word_1_396' title='bbox 1822 3243 1984 3303; x_wconf 89' lang='lat' dir='ltr'><em>fuisse</em></span> <span class='ocrx_word' id='word_1_397' title='bbox 2025 3246 2272 3294; x_wconf 87' lang='lat' dir='ltr'><em>diabolum</em></span> <span class='ocrx_word' id='word_1_398' title='bbox 2302 3251 2350 3294; x_wconf 90' lang='lat' dir='ltr'><em>et</em></span> <span class='ocrx_word' id='word_1_399' title='bbox 2362 3261 2403 3295; x_wconf 86' lang='lat'><em>35</em></span> 
     </span>
     <span class='ocr_line' id='line_1_37' title="bbox 199 3320 2429 3396; baseline 0.005 -29"><span class='ocrx_word' id='word_1_400' title='bbox 199 3321 271 3368; x_wconf 89' lang='lat' dir='ltr'><em>sic</em></span> <span class='ocrx_word' id='word_1_401' title='bbox 307 3320 501 3379; x_wconf 91' lang='lat' dir='ltr'><em>inferre</em></span> <span class='ocrx_word' id='word_1_402' title='bbox 535 3324 800 3390; x_wconf 77' lang='lat' dir='ltr'><em>Ortminum</em></span> <span class='ocrx_word' id='word_1_403' title='bbox 834 3331 1039 3376; x_wconf 79' lang='lat' dir='ltr'><em>voluisse</em></span> <span class='ocrx_word' id='word_1_404' title='bbox 1076 3329 1209 3388; x_wconf 83' lang='lat' dir='ltr'><em>quod</em></span> <span class='ocrx_word' id='word_1_405' title='bbox 1243 3329 1416 3377; x_wconf 89' lang='lat' dir='ltr'><em>Maria</em></span> <span class='ocrx_word' id='word_1_406' title='bbox 1453 3330 1592 3389; x_wconf 64' lang='lat' dir='ltr'><em>vireo</em></span> <span class='ocrx_word' id='word_1_407' title='bbox 1633 3331 1924 3378; x_wconf 89' lang='lat' dir='ltr'><em>intemerata</em></span> <span class='ocrx_word' id='word_1_408' title='bbox 1965 3330 2147 3389; x_wconf 83' lang='lat' dir='ltr'><em>fuisset</em></span> <span class='ocrx_word' id='word_1_409' title='bbox 2187 3334 2367 3391; x_wconf 35' lang='lat' dir='ltr'><em>mater,</em></span> <span class='ocrx_word' id='word_1_410' title='bbox 2427 3393 2429 3396; x_wconf 22' lang='lat'><strong>⁴</strong></span> 
     </span>
     <span class='ocr_line' id='line_1_38' title="bbox 201 3404 2348 3475; baseline 0.005 -23"><span class='ocrx_word' id='word_1_411' title='bbox 201 3404 399 3454; x_wconf 88' lang='lat' dir='ltr'><em>diaboli.</em></span> <span class='ocrx_word' id='word_1_412' title='bbox 474 3421 624 3467; x_wconf 82' lang='lat' dir='ltr'><em>quam</em></span> <span class='ocrx_word' id='word_1_413' title='bbox 654 3411 744 3468; x_wconf 88' lang='lat' dir='ltr'><em>hec</em></span> <span class='ocrx_word' id='word_1_414' title='bbox 782 3414 1050 3461; x_wconf 88' lang='lat' dir='ltr'><em>temeraria</em></span> <span class='ocrx_word' id='word_1_415' title='bbox 1086 3414 1186 3460; x_wconf 91' lang='lat' dir='ltr'><em>sint</em></span> <span class='ocrx_word' id='word_1_416' title='bbox 1221 3427 1318 3461; x_wconf 94' lang='lat' dir='ltr'><em>non</em></span> <span class='ocrx_word' id='word_1_417' title='bbox 1354 3419 1426 3462; x_wconf 91' lang='lat' dir='ltr'><em>est</em></span> <span class='ocrx_word' id='word_1_418' title='bbox 1457 3428 1617 3462; x_wconf 89' lang='lat' dir='ltr'><em>meum</em></span> <span class='ocrx_word' id='word_1_419' title='bbox 1649 3415 1907 3475; x_wconf 88' lang='lat' dir='ltr'><em>disputare</em></span> <span class='ocrx_word' id='word_1_420' title='bbox 1932 3417 2051 3475; x_wconf 83' lang='lat' dir='ltr'><em>quia</em></span> <span class='ocrx_word' id='word_1_421' title='bbox 2077 3415 2170 3463; x_wconf 90' lang='lat' dir='ltr'><em>hoc</em></span> <span class='ocrx_word' id='word_1_422' title='bbox 2202 3415 2348 3474; x_wconf 89' lang='lat' dir='ltr'><em>bestie</em></span> 
     </span>
     <span class='ocr_line' id='line_1_39' title="bbox 201 3490 2347 3560; baseline 0.006 -25"><span class='ocrx_word' id='word_1_423' title='bbox 201 3490 543 3550; x_wconf 70' lang='lat' dir='ltr'><em>intelliqerent.</em></span> <span class='ocrx_word' id='word_1_424' title='bbox 619 3494 725 3542; x_wconf 88' lang='lat' dir='ltr'><em>IIoc</em></span> <span class='ocrx_word' id='word_1_425' title='bbox 761 3498 914 3544; x_wconf 87' lang='lat' dir='ltr'><em>solum</em></span> <span class='ocrx_word' id='word_1_426' title='bbox 952 3498 1126 3545; x_wconf 78' lang='lat' dir='ltr'><em>audivi</em></span> <span class='ocrx_word' id='word_1_427' title='bbox 1161 3503 1208 3545; x_wconf 89' lang='lat' dir='ltr'><em>et</em></span> <span class='ocrx_word' id='word_1_428' title='bbox 1240 3503 1313 3547; x_wconf 89' lang='lat' dir='ltr'><em>est</em></span> <span class='ocrx_word' id='word_1_429' title='bbox 1349 3513 1514 3548; x_wconf 83' lang='lat' dir='ltr'><em>verum</em></span> <span class='ocrx_word' id='word_1_430' title='bbox 1553 3500 1686 3560; x_wconf 84' lang='lat' dir='ltr'><em>quod</em></span> <span class='ocrx_word' id='word_1_431' title='bbox 1706 3499 1923 3547; x_wconf 92' lang='lat' dir='ltr'><em>Ioannes</em></span> <span class='ocrx_word' id='word_1_432' title='bbox 1946 3498 2190 3548; x_wconf 86' lang='lat' dir='ltr'><em>Reuchlin</em></span> <span class='ocrx_word' id='word_1_433' title='bbox 2214 3500 2347 3548; x_wconf 90' lang='lat' dir='ltr'><em>scri-</em></span> 
     </span>
     <span class='ocr_line' id='line_1_40' title="bbox 194 3576 2347 3645; baseline 0.005 -24"><span class='ocrx_word' id='word_1_434' title='bbox 194 3576 295 3634; x_wconf 89' lang='lat' dir='ltr'><em>psit</em></span> <span class='ocrx_word' id='word_1_435' title='bbox 330 3576 710 3637; x_wconf 87' lang='lat' dir='ltr'><em>Archiepiscopo</em></span> <span class='ocrx_word' id='word_1_436' title='bbox 750 3579 1037 3639; x_wconf 67' lang='lat' dir='ltr'><em>Moountino</em></span> <span class='ocrx_word' id='word_1_437' title='bbox 1075 3583 1208 3641; x_wconf 78' lang='lat' dir='ltr'><em>quod</em></span> <span class='ocrx_word' id='word_1_438' title='bbox 1235 3584 1340 3643; x_wconf 86' lang='lat' dir='ltr'><em>ipse</em></span> <span class='ocrx_word' id='word_1_439' title='bbox 1371 3583 1653 3631; x_wconf 87' lang='lat' dir='ltr'><em>Mercurius</em></span> <span class='ocrx_word' id='word_1_440' title='bbox 1690 3588 1738 3631; x_wconf 90' lang='lat' dir='ltr'><em>et</em></span> <span class='ocrx_word' id='word_1_441' title='bbox 1772 3584 2043 3645; x_wconf 90' lang='lat' dir='ltr'><em>imperator</em></span> <span class='ocrx_word' id='word_1_442' title='bbox 2069 3589 2195 3633; x_wconf 88' lang='lat' dir='ltr'><em>esset</em></span> <span class='ocrx_word' id='word_1_443' title='bbox 2215 3583 2347 3645; x_wconf 87' lang='lat' dir='ltr'><em>Iup—</em></span> 
     </span>
    </p>
   </div>
   <div class='ocr_carea' id='block_1_3' title="bbox 197 3713 2361 3914">
    <p class='ocr_par' dir='ltr' id='par_1_5' title="bbox 197 3713 2361 3914">
     <span class='ocr_line' id='line_1_41' title="bbox 313 3713 2361 3777; baseline 0.003 -22"><span class='ocrx_word' id='word_1_444' title='bbox 313 3713 346 3740; x_wconf 79' lang='lat'><em>¹⁹</em></span> <span class='ocrx_word' id='word_1_445' title='bbox 390 3729 430 3758; x_wconf 86' lang='lat' dir='ltr'><em>a.</em></span> <span class='ocrx_word' id='word_1_446' title='bbox 457 3715 579 3758; x_wconf 82' lang='lat'><em>1505.</em></span> <span class='ocrx_word' id='word_1_447' title='bbox 613 3716 680 3769; x_wconf 82' lang='lat' dir='ltr'><em>Cf.</em></span> <span class='ocrx_word' id='word_1_448' title='bbox 710 3717 902 3760; x_wconf 83' lang='lat' dir='ltr'><em>Reuehl.</em></span> <span class='ocrx_word' id='word_1_449' title='bbox 933 3719 1203 3761; x_wconf 81' lang='lat' dir='ltr'><em>Defension.</em></span> <span class='ocrx_word' id='word_1_450' title='bbox 1235 3721 1432 3773; x_wconf 85' lang='lat' dir='ltr'><em>Tubing.</em></span> <span class='ocrx_word' id='word_1_451' title='bbox 1459 3720 1579 3761; x_wconf 79' lang='lat'>1514.</span> <span class='ocrx_word' id='word_1_452' title='bbox 1611 3722 1670 3760; x_wconf 79' lang='lat'><em>4⁰.</em></span> <span class='ocrx_word' id='word_1_453' title='bbox 1702 3735 1839 3775; x_wconf 84' lang='lat' dir='ltr'><em>pagg.</em></span> <span class='ocrx_word' id='word_1_454' title='bbox 1863 3723 1955 3764; x_wconf 89' lang='lat' dir='ltr'><em>Kii.</em></span> <span class='ocrx_word' id='word_1_455' title='bbox 1979 3736 2044 3777; x_wconf 83' lang='lat' dir='ltr'><em>sq.</em></span> <span class='ocrx_word' id='word_1_456' title='bbox 2086 3723 2361 3776; x_wconf 83' lang='lat' dir='ltr'><em>Epistolam-</em></span> 
     </span>
     <span class='ocr_line' id='line_1_42' title="bbox 198 3786 2348 3848; baseline 0.004 -22"><span class='ocrx_word' id='word_1_457' title='bbox 198 3791 300 3839; x_wconf 81' lang='lat' dir='ltr'><em>post</em></span> <span class='ocrx_word' id='word_1_458' title='bbox 329 3786 450 3827; x_wconf 83' lang='lat' dir='ltr'><em>hano</em></span> <span class='ocrx_word' id='word_1_459' title='bbox 479 3787 808 3828; x_wconf 85' lang='lat' dir='ltr'><em>Defensionem</em></span> <span class='ocrx_word' id='word_1_460' title='bbox 840 3792 1109 3841; x_wconf 79' lang='lat' dir='ltr'><em>repetemus.</em></span> <span class='ocrx_word' id='word_1_461' title='bbox 1186 3790 1223 3816; x_wconf 85' lang='lat'><em>²⁷</em></span> <span class='ocrx_word' id='word_1_462' title='bbox 1257 3791 1319 3841; x_wconf 82' lang='lat' dir='ltr'><em>Cf.</em></span> <span class='ocrx_word' id='word_1_463' title='bbox 1342 3791 1461 3842; x_wconf 82' lang='lat' dir='ltr'><em>infra</em></span> <span class='ocrx_word' id='word_1_464' title='bbox 1486 3797 1587 3843; x_wconf 85' lang='lat' dir='ltr'><em>post</em></span> <span class='ocrx_word' id='word_1_465' title='bbox 1608 3793 1953 3834; x_wconf 80' lang='lat' dir='ltr'><em>Lamentationes</em></span> <span class='ocrx_word' id='word_1_466' title='bbox 1975 3793 2022 3834; x_wconf 91' lang='lat' dir='ltr'><em>O.</em></span> <span class='ocrx_word' id='word_1_467' title='bbox 2053 3796 2106 3836; x_wconf 92' lang='lat' dir='ltr'><em>V.</em></span> <span class='ocrx_word' id='word_1_468' title='bbox 2128 3796 2348 3848; x_wconf 79' lang='lat' dir='ltr'><em>epistolam</em></span> 
     </span>
     <span class='ocr_line' id='line_1_43' title="bbox 197 3858 1670 3914; baseline 0.004 -18"><span class='ocrx_word' id='word_1_469' title='bbox 197 3859 500 3909; x_wconf 69' lang='lat' dir='ltr'><em>(cpoloyeticam</em></span> <span class='ocrx_word' id='word_1_470' title='bbox 532 3858 696 3899; x_wconf 80' lang='lat' dir='ltr'><em>Ortvini</em></span> <span class='ocrx_word' id='word_1_471' title='bbox 726 3859 875 3899; x_wconf 76' lang='lat' dir='ltr'><em>Gratti.</em></span> <span class='ocrx_word' id='word_1_472' title='bbox 964 3858 1000 3884; x_wconf 82' lang='lat'><em>3³</em></span> <span class='ocrx_word' id='word_1_473' title='bbox 1034 3860 1097 3911; x_wconf 81' lang='lat' dir='ltr'><em>Cf.</em></span> <span class='ocrx_word' id='word_1_474' title='bbox 1120 3861 1266 3914; x_wconf 84' lang='lat' dir='ltr'><em>Epist.</em></span> <span class='ocrx_word' id='word_1_475' title='bbox 1292 3861 1345 3901; x_wconf 88' lang='lat' dir='ltr'><em>O.</em></span> <span class='ocrx_word' id='word_1_476' title='bbox 1368 3863 1422 3903; x_wconf 92' lang='lat' dir='ltr'><em>V.</em></span> <span class='ocrx_word' id='word_1_477' title='bbox 1445 3862 1479 3901; x_wconf 94' lang='lat' dir='ltr'><em>I.</em></span> <span class='ocrx_word' id='word_1_478' title='bbox 1504 3861 1571 3902; x_wconf 86' lang='lat'><em>38.</em></span> <span class='ocrx_word' id='word_1_479' title='bbox 1596 3862 1625 3905; x_wconf 86' lang='lat' dir='ltr'><em>i.</em></span> <span class='ocrx_word' id='word_1_480' title='bbox 1639 3863 1670 3902; x_wconf 85' lang='lat' dir='ltr'><em>f.</em></span> 
     </span>
    </p>
   </div>
  </div>
 </body>
</html>
