2456 4264
213 270 334 329 524
837 291 1158 320 EPISTOLARVM
1180 290 1486 319 OBSCVRORVM
1506 291 1716 320 VIRORVM

214 435 305 477 tes,
344 426 520 471 V.V.SS.
562 426 604 469 Si
646 438 734 470 non
773 424 882 474 abis,
921 429 966 468 et
1002 437 1073 468 me
1109 428 1157 468 et
1192 436 1339 468 meum
1376 421 1542 468 librum
1579 435 1679 468 cum
1716 437 1825 483 pace
1861 424 2019 475 mittis,
2057 437 2211 470 crasso
2238 423 2344 470 fune

211 505 255 543 te
293 496 517 556 vapulam,
558 501 608 539 ut
646 501 690 540 te
728 494 986 554 permerdas
1024 499 1069 538 et
1094 492 1375 554 permingas;
1415 492 1522 553 quid
1547 491 1694 538 valet?
1733 492 1932 540 abibunt.
2005 494 2201 540 Potestis
2228 494 2343 539 enim

210 568 372 612 bonam
410 565 572 610 habere
609 565 951 626 conscientiam,
1001 563 1122 624 quod
1160 563 1327 624 aliquid
1364 576 1415 608 ex
1452 562 1551 609 aliis
1588 562 1716 608 libris
1751 577 1843 609 non
1881 565 2253 626 exscripsivistis,
2301 572 2346 610 et

210 637 386 697 quando
424 635 591 695 aliquid
629 634 996 695 exscripsivistis,
1034 641 1086 680 ut
1123 648 1243 695 saepe
1281 634 1447 680 sactum
1490 639 1582 684 est,
1620 632 1876 679 fidelissime
1912 634 2022 680 illud
2059 634 2344 686 confituistis‚

207 709 327 752 iuxta
365 705 498 751 illud:
536 704 651 750 Nihil
691 704 904 751 scribitur
940 710 1016 750 aut
1053 704 1241 754 dicitur,
1292 704 1408 764 quod
1448 718 1538 750 uon
1578 703 1796 764 scriptum
1834 704 2056 750 dictumve
2092 707 2151 751 sit
2188 708 2377 766 prius;⁵

208 777 267 822 Ex
305 791 395 837 quo
435 776 731 837 optimissime
768 775 1079 826 concluditur,
1130 775 1251 835 quod
1297 789 1376 820 vos
1413 789 1503 820 non
1541 774 1655 819 male
1693 774 1891 824 fecistis,
1943 775 2060 835 quod
2098 778 2230 822 etiam
2268 791 2347 822 vos

209 847 378 908 aliquid
406 846 733 907 exscripsistis,
773 846 875 907 quia
916 845 1050 891 etiam
1088 844 1165 891 alii
1202 852 1333 891 antea
1369 845 1497 891 vobis
1525 845 1904 905 exscripsiverunt
1928 847 2074 891 etiam.
2149 845 2235 892 Sed
2271 848 2348 892 ha-

210 917 291 963 beo
330 918 475 964 adhuc
512 931 650 963 unum
687 916 814 962 vohis
853 917 1023 966 dicere,
1062 929 1221 976 nempe
1257 916 1460 962 homines
1498 929 1676 966 omnes,
1717 916 1900 976 quivos
1926 922 2141 976 possunt,
2180 917 2346 968 dicunt,

208 989 327 1048 quod
365 988 542 1049 quando
580 987 722 1033 libros
760 989 940 1034 omnino
977 986 1147 1033 multos
1174 986 1346 1038 facitis,
1385 986 1554 1032 multos
1580 985 1713 1031 etiam
1738 986 1990 1032 adiutantes
2018 986 2206 1037 habetis,
2246 989 2350 1048 quia

209 1059 386 1119 quando
424 1074 503 1106 vos
541 1072 632 1104 non
671 1061 782 1104 estis
820 1060 864 1104 in
902 1059 1059 1108 domo,
1098 1059 1283 1104 veniunt
1320 1058 1374 1103 ad
1410 1064 1606 1103 vestram
1632 1057 1872 1108 foeminam,
1910 1063 1957 1102 et
1981 1057 2157 1103 dicunt:
2195 1057 2406 1104 Bonus¹⁰

210 1131 328 1180 dies.
381 1130 484 1191 quid
524 1129 631 1176 facit
667 1137 815 1175 vester
852 1129 1089 1180 Dominus,
1137 1141 1287 1174 nonne
1332 1128 1477 1175 adhuc
1513 1127 1702 1188 dil-igere
1739 1128 1840 1174 est?
1885 1127 1940 1173 Et
1977 1126 2054 1181 illa
2090 1128 2349 1189 respondet,

210 1214 322 1259 rogo
360 1215 464 1252 vos,
513 1201 738 1260 ingredite
774 1201 828 1245 ad
866 1214 962 1254 me,
1010 1200 1225 1245 Dominus
1261 1212 1388 1245 meus
1436 1198 1628 1245 multum
1674 1197 1811 1244 habet
1856 1197 2020 1249 facere,
2068 1204 2114 1244 et
2158 1197 2352 1244 libenter

210 1271 403 1317 adsumit
439 1272 726 1322 adiutantem,
764 1277 809 1317 et
846 1278 955 1318 tunc
989 1285 1069 1317 vos
1105 1285 1244 1317 unum
1279 1269 1445 1316 librum
1485 1283 1623 1330 super
1660 1268 1793 1315 alium
1831 1269 1972 1315 edatis
2010 1269 2056 1315 in
2081 1267 2241 1320 lucem,
2280 1284 2351 1316 se-

209 1342 403 1388 cundum
441 1342 570 1388 illud:
619 1341 741 1387 Tulit
779 1341 892 1388 alter
930 1343 1142 1388 honores.
1215 1341 1424 1387 Pudeatis
1461 1340 1608 1391 vobis,
1660 1339 1780 1401 quod
1818 1340 1918 1385 sitis
1955 1347 2045 1386 tam
2082 1340 2239 1401 pigrus
2278 1354 2351 1386 so-

208 1413 331 1463 cius,
382 1415 458 1474 qui
504 1419 679 1459 vestros
724 1411 867 1459 libros
911 1427 1002 1460 non
1050 1414 1242 1473 potestis
1290 1412 1417 1458 solus
1465 1424 1750 1472 componere.
1825 1411 1989 1456 Tamen
2038 1425 2127 1457 non
2176 1410 2348 1465 dubito,
2366 1414 2407 1448 ¹⁵

210 1483 330 1544 quod
366 1483 445 1529 fiat
483 1498 583 1530 cum
621 1483 739 1530 bona
776 1490 923 1530 vestra
961 1482 1218 1534 voluntate,
1267 1484 1373 1544 quia
1417 1497 1496 1529 vos
1547 1481 1730 1532 tacetis,
1777 1490 1823 1528 et
1858 1481 2127 1528 Adiutantes
2176 1488 2352 1528 vestros

211 1568 291 1615 pro
330 1554 461 1600 bonis
500 1555 607 1599 viris
645 1554 844 1608 habetis,
885 1544 974 1615 qui'
1002 1556 1135 1601 etiam
1172 1568 1252 1599 vos
1290 1569 1374 1615 pro
1412 1554 1533 1600 bono
1573 1561 1618 1599 et
1655 1553 1889 1613 aptissimo
1927 1553 2024 1599 viro
2062 1551 2242 1599 habent.
2298 1551 2353 1598 Et

206 1625 402 1685 potestis
441 1639 549 1684 ergo
588 1639 642 1671 eo
680 1625 911 1671 meliorem
948 1625 1114 1672 habere
1152 1626 1499 1675 conscientiam,
1548 1624 1653 1685 quia
1690 1622 1884 1669 fideliter
1919 1630 1966 1669 et
2003 1623 2203 1669 canditer
2240 1622 2352 1669 sate·

207 1696 288 1745 tis,
328 1696 450 1756 quod
488 1709 578 1754 non
619 1688 745 1741 solus
783 1702 963 1742 vestros
1000 1695 1142 1741 libros
1181 1695 1355 1746 facitis,
1394 1695 1573 1756 quando
1612 1694 1687 1740 alii
1723 1694 1902 1745 dicunt,
1957 1693 2078 1755 quod
2115 1693 2201 1740 soli
2239 1693 2350 1740 illud

205 1765 391 1816 saciant,
431 1772 477 1811 et
513 1766 782 1827 praedicant,
823 1767 943 1828 quod
982 1780 1091 1812 suus
1129 1766 1256 1818 solus
1293 1765 1423 1812 labor
1448 1772 1540 1816 est,
1581 1766 1657 1826 qui
1683 1771 1832 1811 tamen
1857 1778 1949 1810 non
1975 1771 2070 1815 est,
2111 1764 2189 1810 sed
2214 1765 2346 1811 etiam
2364 1766 2410 1799 2⁰

204 1835 368 1882 habent
416 1837 690 1887 adiutantes,
739 1851 839 1897 quae
891 1838 1099 1883 nesciunt
1148 1844 1195 1883 et
1241 1851 1330 1883 non
1377 1842 1585 1898 possunt.
1659 1835 1815 1881 Vehite
1853 1836 1919 1882 sic
1956 1849 2118 1896 porro,
2167 1841 2350 1882 etcum

203 1921 363 1966 magna
400 1907 615 1968 patientia
653 1906 876 1958 laborate,
926 1915 1035 1954 tunc
1082 1907 1200 1954 fietis
1237 1922 1427 1968 magnus
1465 1910 1509 1953 in
1556 1907 1649 1958 hocv
1687 1906 1878 1957 mundo,
1928 1905 2046 1953 sicut
2083 1905 2168 1951 iam
2207 1906 2351 1954 adhuc

203 1992 392 2036 magnus
431 1978 543 2023 estis
582 1980 627 2023 in
664 1985 813 2025 vestra
852 1979 1010 2030 domo,
1050 1976 1112 2024 ita
1149 1979 1270 2040 quod
1307 1980 1452 2025 ianuae
1490 1991 1646 2025 omnes
1674 1978 1766 2023 sint
1790 1978 2035 2038 parviores.
2091 1975 2145 2023 Et
2171 1977 2348 2039 quando

202 2061 342 2109 porro
380 2046 521 2095 libros
561 2048 691 2095 edare
727 2050 889 2101 vultis,
928 2049 1017 2096 hoc
1052 2048 1188 2096 facite
1225 2051 1314 2096 cito
1354 2055 1462 2111 post
1498 2049 1630 2095 illud:

713 2120 811 2166 Non
850 2135 1030 2183 semper
1067 2127 1204 2168 aestas
1241 2123 1350 2172 erit,
1389 2121 1649 2182 componite
1685 2118 1831 2168 nidos,
2265 2144 2269 2146 *
2360 2120 2405 2153 ²⁵

205 2188 355 2236 Valete
393 2196 438 2236 et
474 2205 553 2237 vos
591 2190 705 2236 bene
741 2191 915 2238 habete.

1251 2398 1302 2451 6.

910 2514 1230 2565 Comestor
1267 2515 1651 2579 pugnantius

778 2603 1066 2665 superiorum
1104 2610 1149 2650 et
1185 2603 1453 2649 inferiorum
1489 2602 1773 2650 Facultatum

730 2689 948 2736 hactenus
996 2687 1237 2735 Studiosus
1286 2687 1411 2734 sutus
1458 2686 1584 2734 valde
1628 2687 1822 2749 diligens
2357 2703 2401 2737 ao

826 2770 1075 2820 Domino
1114 2769 1404 2820 Cornelio
1442 2769 1712 2827 Moroso,

1049 2858 1211 2920 vulgus
1249 2858 1500 2920 Saurtopff‚

732 2944 896 2990 artium
932 2945 1133 2991 omnium
1169 2945 1371 3005 voragini
1408 2942 1813 2993 inexhaustibundo

962 3029 1217 3090 gratulatur
1252 3028 1422 3075 bonum
1459 3028 1589 3075 diem.

343 3138 547 3187 Nondum
585 3142 827 3189 scriberem
864 3143 919 3188 ad
955 3149 1023 3194 te,
1077 3142 1116 3187 si
1160 3157 1252 3188 non
1289 3143 1536 3189 necessitas
1587 3140 1804 3188 altissima
1839 3155 1910 3188 me
1946 3141 2002 3188 ad
2038 3142 2237 3188 chartam
2274 3157 2343 3188 ra·
2360 3141 2403 3177 ³⁵

206 3216 356 3269 peret,
396 3212 768 3271 quemadmodum
804 3213 1005 3274 Angelus
1044 3213 1150 3260 olim
1187 3227 1272 3275 pro
1310 3213 1591 3274 temporibus
1615 3211 1887 3274 Prophetam
1914 3211 2189 3259 Habacucem
2228 3213 2347 3274 apud

206 3281 351 3325 crines
389 3282 617 3341 capiebat,
656 3290 701 3329 et
738 3283 864 3330 illum
902 3286 948 3330 in
987 3284 1154 3330 fossam
1191 3283 1247 3330 ad
1271 3283 1493 3330 Danielem
1530 3281 1736 3330 ducebat.
1810 3283 1918 3329 Nam
1953 3289 2195 3344 postquam
2232 3283 2345 3329 redii

208 3350 252 3394 in
289 3350 581 3403 Parnassum,
632 3355 778 3400 inveni
817 3353 968 3406 illum,
1018 3355 1139 3416 quod
1175 3357 1221 3401 in
1258 3355 1466 3401 omnibus
1505 3360 1705 3401 mutatus
1743 3361 1826 3401 est.
1900 3353 1998 3400 Tibi
2036 3368 2127 3400 non
2164 3359 2234 3400 est
2268 3368 2347 3400 ne-

208 3421 352 3472 scius,
400 3423 625 3482 quomodo
664 3424 904 3471 Studentes
943 3425 1049 3472 olim
1087 3426 1315 3478 fecerunt,
1365 3432 1412 3472 et
1456 3439 1590 3487 quam
1626 3424 1740 3471 bene
1776 3430 1822 3471 et
1859 3424 2061 3471 hilariter
2096 3430 2346 3487 potuerunt

319 3614 333 3640 ¹
364 3613 559 3669 V.V.SS]
589 3617 616 3655 i.
640 3629 676 3656 e.
699 3617 824 3658 Wss!
856 3618 1053 3671 sibilum,
1087 3620 1213 3673 quali
1242 3620 1461 3674 fugantur
1490 3618 1726 3662 animalia.
1812 3617 1830 3644 ²
1861 3618 1970 3673 quid
1996 3616 2057 3673 v.]
2086 3631 2174 3660 was
2199 3620 2345 3672 qilt’s?

207 3684 271 3711 *²¹
303 3684 510 3740 possunt]
545 3686 734 3727 ‘ko'nnen'
763 3701 845 3739 pro
877 3688 1082 3731 ‘kennen’.
1170 3688 1201 3715 ¹¹
1235 3690 1430 3744 diligere
1459 3703 1616 3732 omnes.
1654 3690 1725 3730 An
1755 3690 1810 3731 de
1841 3689 2028 3744 legere?
2056 3702 2145 3731 vom
2172 3689 2343 3730 Leaen?

209 3755 242 3782 ¹⁴
273 3755 405 3810 illud]
443 3758 572 3810 Ver-9.
597 3770 669 3810 ap.
691 3757 858 3801 Donat.
890 3759 938 3798 in
965 3759 1064 3799 vita
1084 3760 1221 3813 Verg.
1245 3774 1284 3801 c.
1308 3761 1375 3803 17.
1490 3759 1525 3786 ²¹
1556 3759 1761 3814 possunt]
1800 3767 1845 3801 ut
1881 3773 2029 3813 supra.
2141 3755 2178 3784 ²⁴
2207 3757 2339 3814 illud]

207 3828 390 3868 Hesiodi
417 3840 519 3881 opp.
543 3830 588 3868 et
618 3827 732 3869 dier.
753 3826 833 3868 501
857 3827 989 3880 (503).
1024 3820 1126 3871 Οὐκ
1156 3826 1254 3871 αἰεὶ
1284 3826 1430 3882 θέρος
1460 3824 1689 3881 ἐσσεῖται,
1719 3831 1942 3873 ποιεῖσθε
1970 3820 2153 3877 καλιάς.

318 3895 355 3923 ³⁰
385 3895 524 3951 futus]
556 3898 633 3952 qui
661 3898 762 3940 fuit.
849 3897 886 3925 ³⁶
914 3897 1131 3952 Angelus]
1156 3898 1229 3940 Cf.
1250 3899 1437 3941 Daniel.
1457 3900 1575 3942 XIV.
1598 3898 1668 3945 35.
