2456 4264
1 244 5 266 ,
39 246 49 250 -

0 281 5 291 ’
62 284 73 356 ξ,
110 307 173 337 1..
193 305 228 336 1.
247 303 446 334 Arnum.
505 297 562 333 46.
586 287 657 345 [5.]
681 300 877 331 10A1m1s
901 302 1190 333 cussmmcrs.
1251 297 1308 331 47.
1333 288 1402 344 [6.]
1426 304 1697 334 wssunnmm
1721 305 2111 340 PAnm'ronsoms.
2147 285 2225 343 73

184 454 309 479 ·.,··
342 462 355 483 -.
429 432 536 496 Ego
583 431 694 482 volo
743 446 877 481 nunc
907 431 1160 503 ‘deinceps
1205 446 1402 496 semper
1451 431 1589 482 vobis
1638 433 1884 491 scribere,
1935 442 1983 484 et
2021 439 2229 488 maxime

105 533 111 587 j
215 527 303 569 vos
337 518 500 569 fuistis
537 522 804 583 preceptor
840 530 982 566 meus
1018 517 1068 564 in
1096 517 1356 565 Daventria
1395 517 1443 565 in
1483 519 1652 582 quinto
1690 518 1816 576 loco,
1858 525 1906 569 et
1943 522 2056 583 quia
2085 523 2229 572 etiam

207 603 441 654 riwinus
471 617 642 659 ·meuS‚
683 617 836 667 quare
875 614 967 664 ego
1006 605 1180 651 teneor
1218 602 1354 652 vohis
1392 602 1627 654 scrihere.
1705 604 1801 654 Sed
1840 605 1951 669 quia
1991 607 2085 655 iam
2124 607 2230 656 nul-

0 688 1 695 ’
221 689 410 739 vitates
446 686 635 746 habeo,
687 686 794 736 volo
843 686 981 736 vobis
1018 686 1108 736 alia
1148 686 1393 737 scribere:
1444 688 1529 738 sed
1571 704 1662 752 ego
1700 690 1802 738 scio
1842 690 1973 754 quod
2013 690 2094 741 illa
2133 708 2231 742 non

138 793 234 828 ,γρ
268 777 528 833 matres,
578 773 692 838 quia
743 787 826 822 vos
876 773 992 823 estis
1029 771 1192 822 bonus
1229 787 1379 838 super
1416 772 1569 823 latere
1607 774 1988 838 predicatorum.
2064 777 2232 841 Nuper

125 843 193 923 ’ξ
222 858 472 913 «sedimus
508 858 558 907 in
595 858 849 922 simposio.
924 856 1067 907 Tunc
1104 855 1233 907 sedit
1267 857 1335 907 ibi
1373 872 1503 907 unus
1541 859 1626 922 qui
1662 858 1955 923 loquebatur
2006 867 2102 909 tam
2142 863 2231 910 mi-

174 941 488 1000 ‘²1atinum‚
537 942 670 1006 quod
710 955 803 1005 ego
841 957 942 992 non
980 942 1143 992 omnia
1182 942 1332 992 verba
1371 942 1613 999 intellexi,
1663 943 1749 993 sed
1798 942 1958 1007 aliqua
1997 943 2148 1002 bene,
2188 951 2236 995 et

86 1022 162 1058 ¹²
187 1067 194 1074 -.
213 1033 391 1079 cetera
430 1013 566 1086 dixit,
606 1027 738 1093 quod
776 1026 922 1077 vellet
958 1042 1114 1077 unum
1140 1033 1405 1077 tractatum
1433 1042 1733 1091 componere
1761 1029 1845 1093 qui
1871 1028 2077 1078 deberet
2102 1031 2234 1079 exire

4 1127 7 1136 ¹
84 1088 117 1128 ’γ’
143 1135 146 1139 ’
175 1119 186 1123 ”
226 1113 438 1164 ximam
475 1113 674 1162 missam
712 1111 1224 1170 Franckfurdensem‚
1275 1114 1358 1178 qui
1407 1111 1612 1162 deberet
1647 1111 1886 1162 intitulari
1925 1113 2236 1177 ‘Cathalogus

95 1186 164 1250 ³..
215 1200 509 1256 ricatorum,
561 1198 658 1247 hoc
696 1203 770 1247 est
805 1197 1216 1262 predicatorum’:
1256 1197 1369 1263 quia
1406 1196 1554 1247 vellet
1591 1197 1813 1248 scribere
1852 1213 2024 1248 omnes
2064 1215 2234 1249 eorum

96 1299 148 1340 ’,ῑ
180 1294 310 1335 ’.ἕως
343 1285 468 1350 q‘uas
504 1283 756 1340 fecerunt,
804 1284 919 1347 quia
966 1283 1063 1332 iam
1103 1289 1268 1333 essent
1304 1284 1435 1332 inter
1473 1297 1647 1332 omnes
1685 1283 1886 1333 ordines
1923 1285 2234 1349 nequitiosis-

0 1381 1 1386 ’
234 1366 322 1420 -ln
364 1370 540 1435 primis
590 1369 842 1435 quomodo
889 1370 1176 1433 contigisset
1219 1369 1272 1417 in
1310 1367 1472 1418 Berua
1522 1367 1653 1432 quod
1691 1369 1830 1432 prior
1870 1374 1918 1418 et
1955 1370 2236 1434 superiores

0 1502 12 1519 ,
69 1454 95 1468 ”
201 1467 214 1498 ¹-
244 1476 247 1494 τ
295 1459 446 1506 erunt
483 1455 770 1506 meretrices
808 1454 869 1504 ad
907 1454 1206 1513 claustrum,
1229 1500 1235 1506 .
1257 1459 1306 1504 et
1343 1453 1592 1519 quomodo
1631 1454 1858 1504 fecerunt
1894 1469 2073 1504 novum
2113 1454 2235 1504 San-

0 1522 12 1535 *
72 1535 581 1606 ‚sz-Franciscum,
632 1546 682 1590 et
737 1541 985 1606 quomodo
1024 1541 1172 1590 Beata
1211 1540 1351 1603 virgo
1391 1545 1439 1589 et
1476 1545 1638 1603 cetere
1678 1539 1854 1604 Sancte
1893 1542 2238 1605 apparuissent

14 1659 18 1671 ·
94 1615 452 1687 ·’””οῑὴθι·ᾶο,
503 1631 552 1676 et
599 1626 744 1676 etiam
793 1626 1042 1691 quomodo
1092 1625 1322 1675 monachi
1370 1624 1634 1675 voluerunt
1670 1630 1843 1690 postea
1881 1623 1948 1673 illi
1986 1624 2236 1674 Nolhardo

107 1710 130 1722 “’
174 1730 293 1757 mm
343 1710 464 1762 dare
501 1713 553 1761 in
592 1711 814 1776 Corpore
851 1711 1058 1770 Christi;
1110 1717 1159 1762 et
1210 1711 1340 1776 quod
1387 1710 1481 1775 hec
1530 1711 1692 1760 omnia
1734 1718 1898 1760 essent
1937 1711 2150 1774 nequitie
2190 1716 2239 1760 et

83 1793 91 1797 ’
305 1797 440 1864 quod
475 1797 572 1861 ipsi
608 1796 843 1846 monachi
882 1797 1131 1856 fecerunt,
1182 1802 1230 1847 et
1267 1795 1514 1862 quomodo
1554 1795 1731 1845 deinde
1771 1801 1936 1846 essent
1974 1795 2236 1846 combusti.

110 1887 115 1890 “
155 1886 160 1890 ’
200 1898 252 1934 e
296 1881 452 1932 voluit
501 1896 803 1947 componere
852 1882 1102 1948 quomodo
1153 1881 1306 1932 semel
1355 1896 1483 1931 unus
1519 1880 1802 1946 predicator
1839 1878 2099 1946 supposuit
2135 1882 2237 1932 Ma-

64 1959 219 2038 ’ρξε’
277 1968 329 2019 in
382 1965 591 2018 ecclesia
640 1973 754 2017 ante
801 1966 955 2017 altare
994 1982 1144 2017 unam
1182 1967 1528 2022 meret-ricem,
1580 1970 1628 2014 et
1674 1965 1871 2030 quando
1920 1966 2097 2016 deinde
2148 1965 2238 2031 alie

14 2078 21 2089 ι
99 2053 355 2125 eretrices
399 2051 604 2103 fuerunt
646 2053 768 2117 irate
814 2067 964 2117 super
1011 2051 1168 2110 illam,
1230 2058 1346 2101 tunc
1392 2049 1746 2115 nuncupabant
1793 2066 1900 2100 eam
1949 2051 2239 2101 ‘monachus

97 2137 334 2195 eretrix',
374 2136 598 2188 ‘ccclesia
636 2137 907 2195 meretrix',
948 2143 997 2188 et
1036 2137 1209 2188 ‘altare
1246 2136 1522 2187 meretrix':
1563 2141 1611 2186 et
1647 2135 1744 2185 hoc
1781 2135 2044 2186 audierunt
2081 2137 2238 2186 homi-

8 2206 9 2214 ’
76 2232 81 2235 ’
113 2244 182 2282 κ,
222 2229 273 2274 et
308 2228 619 2288 cognoscunt
656 2224 802 2274 etiam
841 2223 1003 2273 adhuc
1041 2222 1171 2272 illam
1211 2223 1540 2272 meretricem.
1615 2221 1676 2270 Et
1712 2220 1814 2271 vult
1853 2221 1998 2271 etiam
2037 2237 2238 2288 compo-

60 2332 65 2358 :
124 2322 188 2360 ο
221 2308 471 2375 quomodo
509 2323 639 2359 unus
677 2308 957 2374 predicator
995 2307 1145 2358 voluit
1193 2323 1292 2358 uno
1341 2307 1489 2356 modo
1527 2306 1773 2370 Maguntie
1821 2307 1870 2355 in
1918 2307 2130 2373 hospitio
2180 2308 2239 2357 ad

61 2404 66 2406 ’
120 2416 122 2436 ³
177 2407 313 2445 nam
358 2391 585 2458 ancillam
633 2392 855 2451 lardare,
907 2393 1104 2459 quando
1154 2393 1490 2459 predicatores
1538 2391 1599 2442 de
1647 2393 1910 2456 Augspurg
1958 2391 2242 2442 habuerunt

75 2532 79 2535 Α
111 2504 134 2517 1⁷
168 2502 174 2523 :
219 2477 551 2544 indulgentias
586 2478 684 2536 ibi,
734 2479 847 2544 quia
885 2479 1146 2529 iacuerunt
1183 2480 1232 2528 in
1270 2478 1354 2527 illo
1393 2478 1634 2543 hospitio,
1684 2483 1732 2527 et
1769 2476 1943 2526 ancilla
1984 2475 2134 2526 voluit
2170 2476 2240 2527 le-

72 2586 186 2622 sum·
237 2562 429 2622 facere,
484 2569 533 2614 et
578 2579 708 2614 unus
754 2563 1028 2614 monachus
1078 2564 1196 2613 vidit
1233 2580 1339 2614 eam
1381 2569 1428 2613 et
1466 2563 1623 2613 currit
1661 2564 1706 2612 ei
1743 2569 1914 2628 postea
1952 2567 1999 2611 et
2036 2563 2244 2626 proiecit

69 2669 73 2673 ’
125 2672 161 2693 ω·
211 2647 275 2701 ad
309 2655 497 2700 terram
536 2654 586 2700 et
620 2648 775 2700 voluit
812 2655 953 2699 ante:
992 2655 1112 2699 tunc
1151 2648 1327 2699 ancilla
1369 2647 1607 2706 clamavit,
1649 2654 1697 2698 et
1734 2648 1963 2698 homines
2002 2653 2242 2698 venerunt

67 2764 69 2769 ·
118 2734 200 2805 ¹in
235 2734 496 2792 auxilium;
547 2733 666 2786 alias
715 2736 1014 2800 oportuisset
1064 2735 1195 2800 quod
1244 2734 1324 2784 illa
1375 2733 1550 2784 ancilla
1599 2740 1844 2784 servasset
1892 2734 1936 2784 ei
1975 2748 2127 2783 unum
2168 2750 2240 2787 ex.

68 2844 76 2881 1
161 2818 326 2875 voluit
361 2835 663 2886 componere
702 2821 952 2887 quomodo
991 2821 1072 2870 hic
1110 2822 1158 2871 in
1194 2817 1480 2884 Strassberg
1519 2820 1567 2868 in
1607 2819 1823 2870 claustro
1873 2819 2238 2884 predicatorum

58 2898 143 2967 'so‘
179 2912 279 2958 nt
322 2906 553 2957 monachi
601 2906 701 2972 qui·
736 2906 992 2957 duxissent
1038 2905 1273 2957 mulieres
1323 2906 1383 2956 ad
1422 2904 1572 2956 cellas
1610 2921 1782 2956 eorum
1820 2920 1910 2972 per
1949 2906 2105 2971 ripam
2147 2918 2242 2969 que

120 2990 138 3033 ·'
170 3017 176 3028 ·
210 2992 342 3059 apud
380 2990 651 3044 claustrum
690 3007 888 3051 eorum,
940 2998 988 3043 et
1025 2997 1258 3043 raserunt
1297 2993 1366 3042 eis
1405 2992 1568 3041 crines
1607 2990 1810 3048 abinde,
1865 2996 1913 3041 et
1951 2989 2028 3054 ille
2067 2988 2240 3039 mulie-

184 3077 384 3131 Iverunt
417 3077 566 3143 longe
602 3092 696 3145 pro
734 3078 1015 3135 monachis,
1068 3085 1117 3129 et
1164 3078 1360 3129 iverunt
1407 3077 1468 3127 ad
1518 3076 1681 3126 sorum
1730 3082 1777 3127 et
1816 3075 2045 3126 emebant
2083 3076 2242 3140 pisces

19 3222 25 3232 1
84 3164 99 3227 g
132 3162 249 3217 viris
281 3164 386 3215 suis
422 3165 508 3230 qui
544 3171 684 3215 erant
720 3166 1017 3230 piscatoreS,
1066 3170 1114 3214 et
1150 3170 1320 3231 postea
1359 3164 1558 3214 fuerunt
1597 3161 1795 3226 tradite:
1848 3167 1896 3211 et
1934 3160 2093 3211 taliter
2131 3175 2241 3225 pre-

12 3294 25 3324 ξ.
104 3245 154 3310 se
176 3262 310 3317 pres
343 3249 575 3302 fecerunt
610 3249 763 3301 semel
802 3251 1067 3316 nequitiam
1106 3248 1461 3300 bachantibus:
1502 3253 1550 3299 et
1577 3247 1773 3313 quando
1800 3245 1951 3297 semel
1979 3261 2104 3296 unus
2131 3261 2241 3310 pre-

66 3326 99 3335 ”
164 3328 242 3408 J—
295 3335 379 3387 ivit
413 3336 683 3401 spaciatum
724 3352 834 3386 cum
875 3336 1141 3395 monacha,
1192 3342 1309 3386 tunc
1357 3336 1549 3385 iverunt
1596 3332 1726 3399 apud
1766 3331 2000 3388 ScholaS,
2050 3338 2096 3381 ct
2134 3347 2240 3379 sco-

155 3456 192 3490 ξ,
233 3419 499 3472 trahebant
534 3420 645 3472 illos
683 3422 808 3472 duos
848 3421 1117 3471 monachos
1156 3420 1215 3471 ad
1255 3418 1474 3470 scholam
1515 3425 1563 3469 et
1602 3423 1930 3468 correxerunt
1968 3432 2052 3467 eos
2091 3416 2239 3465 auda-

123 3563 139 3574 „
187 3540 204 3573 ρ
251 3510 302 3558 et
343 3506 542 3573 quando
591 3506 885 3557 monacham
934 3510 1290 3563 correxerunt,
1344 3505 1569 3555 viderunt
1618 3503 1749 3568 quod
1800 3502 1972 3552 habuit
2022 3501 2236 3550 vulvam:

134 3586 147 3648 ι;
225 3604 399 3643 omnes
435 3593 653 3643 riserunt
690 3598 738 3642 et
777 3592 1070 3642 dimiserunt
1108 3606 1192 3642 eos
1231 3592 1278 3640 in
1318 3605 1454 3655 pace,
1497 3595 1543 3639 et
1569 3595 1666 3639 tota
1695 3589 1863 3638 civitas
1890 3586 2036 3637 fiebat
2063 3585 2238 3635 deinde

187 3699 201 3709 *2
251 3675 315 3728 de
348 3675 430 3727 illa
466 3677 552 3727 re’.
628 3677 770 3728 Tunc
809 3694 899 3743 ego
939 3677 1007 3728 sui
1045 3692 1135 3743 per
1174 3676 1321 3726 deum
1361 3674 1498 3725 valde
1538 3676 1691 3725 iratus
1730 3674 1925 3739 quando
1964 3671 2075 3722 talia
2104 3670 2236 3725 dixit,

131 3748 263 3813 dixi
299 3761 359 3812 ad
400 3778 538 3813 eum:
590 3772 692 3812 ‘vos
730 3779 829 3812 non
869 3762 1116 3813 deberetis
1154 3761 1265 3812 talia
1305 3761 1500 3817 dicere;
1552 3761 1710 3826 posito
1751 3775 1865 3808 casu
1907 3756 2037 3822 quod
2078 3761 2238 3804 essent

123 3883 206 3906 ,,,
242 3852 404 3898 tamen
443 3848 605 3898 adbuc
642 3863 741 3897 non
781 3848 1028 3899 deberetis
1066 3848 1245 3904 dicere,
1288 3848 1397 3911 quia
1439 3851 1605 3911 posset
1644 3844 1769 3893 bone
1797 3843 2080 3904 contingere
2108 3837 2233 3901 quod

95 4003 98 4007 ξ
157 3944 246 3983 aes
281 3933 628 3983 occiderentur
664 3934 714 3982 in
752 3949 849 3983 una
889 3933 1010 3982 hora
1050 3933 1176 3982 sicut
1214 3931 1505 3995 '1¹oinplarii,
1557 3930 1596 3977 si
1650 3928 1874 3978 homines
1922 3923 2027 3973 illas
2067 3921 2232 3983 iwqui-

0 598 5 619 l

85 915 118 938 ἦ.
