2456 4264
652 337 850 368 onmvnu
871 336 1039 367 alu-1⁵11
1059 338 1292 368 EPISTOLA
1310 338 1651 370 APOLOGR‘HCA.
2106 317 2231 376 413

404 465 510 516 Sub
544 480 641 529 quo
677 469 955 529 vimineum
983 481 1191 532 corpus,
1223 470 1612 539 venerandaque
1647 471 1774 521 divis

522 551 964 615 Christicolumque
994 555 1145 616 qreqi
1178 555 1394 605 dulciter
1426 569 1539 605 ossa
1572 556 1772 606 cubant.

364 702 370 707 ν
403 637 503 687 Hic
536 640 667 688 iacet
700 644 817 687 ante
842 639 1001 701 pedes
1029 641 1221 689 victuro
1255 640 1438 701 diqnus
1472 641 1658 694 bonore

521 722 617 782 Qui
647 724 825 796 sophie
853 725 1108 786 quondam
1136 724 1373 786 sruqifer
1406 730 1584 776 auctor
1617 733 1744 776 erat.

265 844 267 846 -
359 864 362 869 ,
412 806 606 858 Occidit
637 809 735 859 heu
771 811 977 859 nimium
1005 810 1208 859 crudeli
1226 809 1416 870 sunere
1439 815 1642 873 raptus,

521 893 672 943 caius
707 895 781 943 αα
814 881 1065 944 interitum
1095 897 1294 958 pulpita
1327 894 1473 944 docta
1497 898 1657 946 silent.

374 972 593 1028 'Nomen
625 979 846 1029 Ioannes
873 980 991 1029 kuic
1025 980 1400 1042 Nurtinqensis,
1435 982 1490 1030 in
1525 994 1668 1030 omne

525 1063 759 1127 Tempus,
796 1070 847 1114 et
879 1070 1083 1114 extenta
1113 1067 1403 1128 posteritate
1435 1079 1653 1115 sacrum.
1716 1062 1723 1132 Ι

228 1175 235 1182 -
327 1172 330 1173 ’
405 1148 504 1208 Qui
531 1149 639 1210 fuit
662 1151 714 1198 in
745 1152 939 1199 cunctis
970 1152 1196 1212 sapiens,
1234 1163 1459 1200 sermone
1493 1151 1763 1215 modestus,

394 1244 398 1247 ·
519 1235 659 1284 Felle
695 1248 879 1284 carens
894 1274 906 1296 ,
941 1237 1084 1285 nulla
1118 1237 1432 1298 simplicitate
1466 1235 1642 1301 vafer,

418 1320 664 1370 Virtutum
688 1323 980 1383 exemplar,
1010 1322 1140 1370 nulli
1171 1321 1415 1383 probitate
1451 1321 1725 1383 secundus,

507 1405 709 1470 Nobilis
743 1407 968 1468 inqenio,
1002 1406 1308 1467 nobiliorque
1337 1407 1458 1466 fide.

407 1490 502 1541 Cui
532 1493 608 1541 nil
645 1492 762 1552 (ceu
797 1496 964 1540 notum
999 1495 1096 1554 est)
1136 1492 1258 1541 deus
1293 1498 1383 1540 aut
1415 1498 1604 1541 natura
1640 1493 1862 1553 neqavit,

379 1572 383 1575 “
412 1576 417 1581 Κ
521 1576 793 1636 Quominus
827 1581 878 1626 et
905 1577 1062 1637 foelix
1091 1581 1252 1626 mente
1283 1579 1547 1639 animoque
1576 1577 1729 1638 foret.

404 1661 586 1713 Mollia
616 1669 931 1712 contemnens
962 1663 1132 1738 vitiose
1158 1662 1356 1724 qaudia
1390 1664 1563 1712 carnis

521 1747 750 1799 Calcavit
781 1747 950 1822 Ciprie
985 1750 1118 1798 colla
1153 1748 1429 1810 nephanda
1465 1748 1574 1822 dee.

310 1885 316 1891 ,
405 1833 637 1884 Sontibus
666 1834 750 1884 hic
782 1847 980 1896 semper
1009 1833 1228 1894 qrandis
1256 1847 1419 1896 pavor
1434 1873 1446 1895 ,
1484 1840 1533 1883 et
1566 1836 1794 1884 vitiorum

356 1905 358 1907 ’
427 1976 430 1980 ,
523 1919 709 1970 Censor
722 1957 734 1981 ,
772 1920 1040 1969 honestatis
1075 1919 1365 1997 iusticieque
1396 1929 1606 1987 parens.

404 2004 557 2055 Hunc
583 2007 732 2055 simul
760 2007 959 2066 inteqra
987 2010 1037 2054 et
1070 2017 1168 2054 non
1202 2007 1322 2065 sicta
1353 2010 1512 2055 mente
1543 2005 1771 2056 colebant

519 2090 741 2154 Inqenui
773 2092 971 2140 iuvenes
1007 2091 1343 2153 decrepitique
1379 2105 1535 2141 senes.

409 2175 532 2228 Ocia
545 2213 559 2235 ‚
597 2177 828 2237 delicias,
867 2189 1084 2237 somnoe,
1121 2178 1348 2226 convivia
1388 2191 1631 2239 spernens

375 2262 379 2268 '
521 2261 770 2312 Servarat
802 2262 999 2312 modico
1025 2261 1246 2311 membra
1282 2264 1463 2312 tenella
1495 2275 1647 2312 mer0.

409 2348 636 2399 Moribus
669 2350 920 2411 expressit
952 2347 1221 2406 Socratem,
1260 2349 1492 2410 vultuque
1527 2347 1757 2408 Catones,

525 2434 770 2485 Doctrina
798 2434 1074 2494 Albertum‚
1111 2434 1371 2495 relliqione
1399 2433 1636 2495 Numam,

411 2519 772 2582 Consessusque
802 2520 963 2568 virum
994 2524 1193 2568 sanctos
1230 2518 1491 2568 virtutibus
1527 2532 1718 2568 ornans

528 2606 732 2656 Gemma
768 2604 1083 2655 sacerdotum
1118 2606 1308 2666 luxque
1338 2603 1586 2666 decorque
1613 2603 1732 2665 fuit.

410 2692 514 2743 Nec
548 2693 712 2742 minus
748 2691 1031 2748 ostendens,
1067 2703 1283 2764 qaenam
1318 2692 1400 2739 via
1433 2691 1602 2753 prima
1630 2690 1805 2741 salutis
1818 2727 1829 2745 ,

525 2771 738 2840 Eloqmo
768 2775 912 2838 fudit
944 2776 1220 2838 chrismata
1256 2788 1409 2825 sacra
1442 2788 1544 2825 suo.

418 2862 540 2915 Tres
565 2865 764 2914 comites
787 2862 907 2912 huic
938 2874 1133 2924 semper
1162 2868 1323 2924 erant,
1353 2861 1497 2920 Eros,
1536 2860 1746 2925 Elpora,
1786 2858 1953 2922 pistis,

534 2949 653 3010 Quis
688 2962 835 3010 maye
870 2960 1021 3010 quam
1056 2946 1242 2997 credas
1274 2935 1406 2997 arsit
1427 2959 1598 2996 amore
1638 2946 1733 2996 dei.

410 3035 589 3109 Iunqe'
604 3035 683 3084 his
724 3033 982 3084 Metrioten
1017 3032 1534 3095 Phrenandreamque
1566 3044 1785 3092 sorores,

530 3121 748 3182 Cumque
783 3118 1078 3168 Pr0methea
1114 3131 1252 3168 sume
1282 3117 1636 3183 Dicaspoliam.

413 3206 500 3258 Sic
524 3208 618 3271 pia
649 3219 810 3262 mens,
842 3205 1063 3266 rectique
1098 3208 1276 3264 tenax,
1314 3208 1364 3252 et
1397 3204 1566 3253 nescia
1597 3201 1729 3263 salsi

532 3291 713 3342 Servat
742 3291 1019 3363 olympiace
1046 3302 1207 3350 reqna
1243 3287 1390 3337 beata
1427 3288 1617 3337 domus.

418 3377 604 3429 Nobilis
632 3381 798 3440 optato
834 3375 972 3425 nobis
1007 3379 1108 3423 tam
1137 3373 1310 3435 fertile
1339 3386 1544 3434 qermen

530 3463 714 3513 Suevia
728 3500 742 3524 ‚
781 3463 1014 3511 virtutum
1050 3472 1147 3509 non
1173 3461 1281 3508 sine
1305 3457 1487 3521 fraqe,
1528 3459 1680 3509 dedit.

416 3549 483 3600 Et
517 3549 741 3612 quamvis
775 3550 906 3608 celos
941 3551 1105 3596 teneat
1138 3545 1299 3607 (quod
1323 3544 1574 3595 credimus
1604 3546 1795 3608 omnes)

534 3635 759 3684 Attamen
796 3638 1028 3695 acceptat
1059 3637 1169 3682 vota
1192 3644 1477 3694 precesque
1513 3630 1651 3679 deus.

2252 1151 2306 1193 b4
