2456 4264
219 279 340 337 486
897 301 1226 330 HOCHS'I'BATVS
1251 302 1398 331 OVANS
1421 302 1669 332 DIALOGVS.

350 447 736 482 HOGHSTRATVS.
811 433 941 479 Canis
978 439 1048 478 est
1084 434 1281 495 Anglus,
1322 436 1358 479 si
1395 436 1557 481 nescis.
1597 436 1704 496 quin
1742 435 1929 483 abimus.

347 516 626 554 vaonnvs.
700 505 716 549 l
753 518 872 571 prae,
911 517 1085 564 sequar.

102 678 197 718 §.S3.
424 659 510 706 Sed
547 660 659 706 heus
700 666 770 711 tu,
809 659 1109 720 Hogostrate,
1147 674 1309 706 vereor
1344 662 1532 707 nimium
1567 675 1624 707 ne
1662 662 1954 722 Triumphum
1992 668 2092 707 ante
2130 661 2364 707 victoriam

221 732 424 778 adornes.

351 814 740 850 HooHsTRA'rvs.
819 799 931 856 Quid
976 801 1051 847 hic
1094 803 1203 847 mihi
1253 807 1474 849 terrorem
1522 816 1686 849 novum
1735 803 1976 864 praedicas,
2021 802 2090 848 vel
2138 802 2402 863 quodnams

216 879 468 920 monstrum
507 873 616 919 alis?
654 887 761 919 num
803 887 915 919 nova
953 873 1148 933 paranda
1184 872 1401 919 victoria?
1438 873 1637 920 nondum
1674 880 1931 935 prostratus
1969 873 2270 919 Reuchlinus‘?

357 956 642 991 LVPOLDVS.
716 944 843 991 Haud
880 958 1126 1005 quaquam,
1165 945 1453 1004 Hogostrate.

359 1027 749 1063 nocns'rRA'rvs.
824 1014 937 1071 Quid
976 1014 1127 1061 obstat
1165 1015 1342 1061 autem?

355 1098 639 1133 LVPOLDVS.
713 1086 800 1131 Has
846 1086 934 1131 huc
981 1100 1126 1147 usque
1171 1086 1326 1132 literas
1374 1085 1504 1132 nolui
1552 1085 1791 1132 ostendere
1838 1084 1946 1136 tibi,
1997 1083 2159 1145 quibus
2206 1083 2261 1129 ad
2298 1097 2368 1129 me

216 1158 518 1219 perscriptum
557 1172 580 1202 a
618 1155 850 1202 diffinitiva
887 1157 1109 1202 sententia
1146 1171 1417 1218 provocasse
1443 1155 1737 1203 Reuchlinum
1776 1155 1831 1201 ad
1857 1169 2080 1201 summum
2105 1154 2367 1200 Pontificem
2391 1167 2427 1198 ιο

219 1235 265 1275 et
302 1227 453 1274 sedem
477 1227 806 1287 Apostolicam‚
847 1241 1118 1290 causamque
1157 1242 1289 1289 quam
1328 1234 1398 1274 tot
1434 1229 1561 1273 annis
1600 1227 1736 1288 egisti
1773 1233 1863 1272 tam
1899 1226 2031 1277 belle,
2069 1225 2167 1271 aliis
2193 1224 2370 1270 duobus

221 1299 523 1349 commissam,
575 1298 758 1344 solenne
795 1300 1114 1359 interpositum
1153 1299 1207 1344 ad
1245 1299 1343 1344 haec
1379 1298 1691 1349 interdictum,
1739 1310 1796 1342 ne
1833 1303 1883 1343 tu
1921 1297 2161 1357 quicquam
2199 1309 2282 1356 per
2318 1294 2373 1340 li-

222 1375 343 1415 teras
382 1368 589 1420 innoves,
628 1369 770 1415 multo
808 1370 956 1415 minus
993 1383 1048 1415 ne
1088 1370 1352 1431 triumphes.
1391 1384 1496 1416 cave
1536 1369 1700 1430 igitur,
1739 1368 2041 1428 Hogostrate,
2079 1380 2134 1412 ne
2160 1366 2373 1425 gaudium

224 1445 350 1486 tuum
390 1453 730 1501 praeproperum
768 1442 812 1485 in
849 1440 1020 1486 luctum
1058 1447 1305 1486 extremum
1342 1447 1558 1487 vertatur.

362 1522 752 1558 Hoons'rRA'rvs.
829 1511 980 1557 Inania
1019 1519 1125 1557 sunt
1161 1511 1277 1564 haec;
1326 1518 1378 1557 tu
1414 1511 1511 1557 vale
1557 1516 1602 1556 et
1640 1509 1733 1561 abi,
1773 1523 1829 1555 ne
1866 1508 2067 1554 laetitiam
2095 1520 2236 1553 meam
2264 1505 2370 1552 suh·
2393 1519 2430 1550 15

222 1583 288 1628 ito
326 1580 478 1642 aliquo
515 1594 709 1628 moerore
746 1581 1037 1627 intertui-bes.

1107 1794 1161 1840 IN
1197 1793 1417 1840 LEONEM
1453 1794 1502 1838 X.

959 1885 1193 1925 SIMONIS
1233 1885 1640 1927 SVCCESSOREM

1188 1959 1415 2002 MOMVS.

563 2062 643 2107 Cui
680 2062 791 2108 fidas
829 2076 976 2109 causae
1012 2068 1119 2122 post
1154 2063 1259 2114 hac,
1298 2061 1515 2108 vilissima
1552 2063 1744 2121 fratrum
2398 2074 2439 2108 20

678 2133 769 2193 Fex
806 2132 882 2179 ubi
919 2140 1134 2194 corrupta
1173 2141 1335 2180 cuncta
1371 2133 1519 2180 Leone
1555 2134 1737 2195 potest?

568 2204 679 2251 Ecce
717 2203 850 2251 modo
889 2218 1109 2265 oppressa
1145 2204 1344 2266 Capnion
1381 2204 1619 2251 damnatur
1654 2210 1810 2266 aperte

524 2284 542 2317 4
685 2275 880 2322 lusticia.
920 2275 1032 2326 heu,
1071 2275 1174 2321 fidei
1213 2277 1303 2327 sic,
1342 2275 1458 2327 Leo,
1498 2275 1647 2336 pascis
1685 2276 1820 2322 oves?

571 2347 665 2393 Hoc
702 2347 805 2407 quis
842 2352 1093 2408 sperasset,
1133 2361 1234 2393 cum
1270 2347 1423 2393 Romae
1461 2346 1660 2394 calculus
1699 2347 1845 2392 omnis

683 2416 907 2463 Candidus
945 2423 991 2463 et
1027 2417 1151 2463 foelix
1188 2431 1273 2478 pro
1310 2417 1537 2478 Capnione
1573 2418 1683 2467 suit,

573 2488 680 2534 Cum
720 2502 800 2532 sua
836 2489 970 2534 iurati
1008 2490 1178 2548 pariter
1215 2488 1429 2548 suffragia
1467 2494 1619 2548 patres

529 2568 549 2600 s
692 2558 800 2605 Octo
838 2558 998 2619 bisque
1036 2559 1187 2605 decem
1225 2558 1487 2606 continuata
1524 2558 1713 2609 dabant,

575 2629 910 2690 Summissaque
947 2629 1075 2675 ferox
1113 2631 1252 2676 crista
1289 2630 1569 2676 adversarius
1607 2629 1706 2690 ipse

689 2700 972 2746 Semianimis
1010 2700 1187 2761 trepida
1223 2700 1359 2747 solvit
1396 2700 1450 2747 ab
1486 2700 1599 2746 urbe
1637 2701 1773 2759 suga?

574 2772 609 2815 A
648 2771 764 2818 fama
801 2778 936 2831 atque
974 2771 1096 2817 omni
1133 2772 1316 2832 penittfs
1354 2771 1552 2818 deiectus
1590 2772 1764 2817 honore
2401 2783 2444 2816 30

512 2851 552 2882 12
692 2842 739 2887 In
778 2841 1032 2888 Claustrum
1070 2843 1271 2894 rediens,
1309 2843 1445 2888 corde
1484 2848 1715 2903 stupente,
1756 2855 1886 2887 suum

578 2913 704 2958 Tunc
740 2913 901 2974 puduit
939 2913 1150 2958 damnare
1186 2913 1361 2965 Reum‚·
1390 2913 1724 2974 Speculumque
1762 2925 1844 2973 per
1880 2910 2036 2956 urbem

689 2983 963 3030 Concessum
1001 2983 1154 3030 excudi
1195 2990 1304 3030 tunc
1341 2983 1529 3030 Oculare
1567 2983 1678 3035 fuit;

578 3054 702 3100 Tunc
738 3061 783 3099 et
821 3053 1047 3114 Spirensis
1085 3056 1308 3100 sententia
1344 3052 1557 3115 praesulis
1594 3068 1721 3114 aequa

516 3133 556 3165 16
668 3125 833 3190 ‘Inque
870 3126 1010 3170 vicem
1048 3125 1306 3171 Hochstrati
1342 3125 1398 3171 lis
1435 3123 1675 3186 reprobata
1712 3124 1813 3170 fuit.
2403 3125 2448 3168 25

581 3196 638 3239 Αι
675 3202 918 3256 postquam
955 3196 1053 3242 haec
1090 3196 1336 3246 hominum,
1376 3195 1481 3246 Leo,
1520 3193 1833 3241 mendicabula
1871 3195 1956 3240 iam
1993 3194 2058 3238 vis

693 3266 779 3312 Pro
820 3271 886 3317 te,
925 3281 1008 3327 pro
1045 3267 1165 3312 vitiis
1202 3268 1298 3327 ipse
1335 3266 1501 3312 latrare
1537 3266 1650 3316 tuis,

584 3336 736 3382 Omnia
773 3351 920 3388 versa,
960 3337 1087 3383 nefas
1124 3352 1243 3384 nunc
1280 3337 1373 3397 sas,
1411 3338 1577 3383 iniuria
1613 3337 1685 3382 ius
1723 3341 1816 3386 est,

522 3413 563 3445 20
703 3407 882 3466 Integer
918 3415 1054 3469 atque
1094 3408 1250 3455 insons
1287 3409 1470 3468 cogitur
1508 3420 1608 3453 esse
1643 3419 1828 3453 nocens.

366 3554 379 3582 ¹
411 3567 755 3599 nocusmnA'rvs.
777 3559 891 3601 omis.
915 3561 1009 3600 1.3.
1111 3556 1130 3583 ²
1158 3560 1249 3600 Hie
1279 3560 1380 3600 finit
1410 3558 1622 3613 dialogus
1653 3557 1811 3599 addito
1841 3556 1982 3598 verbo
2011 3568 2154 3597 mins.
2178 3555 2226 3595 in
2247 3557 2286 3596 1.
2300 3557 2391 3597 3.4.

253 3627 343 3668 nisi
373 3625 490 3679 quod
522 3626 571 3666 in
602 3628 640 3669 1.
663 3631 910 3679 sequuntur
938 3629 963 3667 7
994 3641 1151 3670 versus
1182 3641 1364 3671 ERBATA
1396 3633 1442 3670 et
1470 3630 1519 3670 in
1550 3632 1594 3670 3.
1627 3628 1835 3683 epilogus
1865 3627 2045 3668 Velami
2073 3626 2208 3667 Alani
2238 3625 2393 3678 paullo

255 3700 359 3752 post
387 3697 678 3751 repetendus.
740 3697 1013 3750 Sequentem
1042 3700 1083 3749 ἓ.
1104 3699 1171 3740 81.
1205 3713 1305 3740 cum
1337 3700 1539 3740 carmine
1571 3699 1752 3740 adiecto
1784 3710 1875 3738 non
1903 3697 1995 3738 nisi
2014 3699 2057 3736 2.
2088 3694 2247 3735 habet.
2280 3694 2393 3745 Quae

255 3771 505 3823 sequuntur
535 3768 689 3808 omnia
719 3767 872 3808 omisit
892 3770 933 3808 4.
1011 3767 1029 3793 ³
1057 3780 1114 3808 ne
1145 3767 1242 3821 Tr.]
1273 3770 1333 3812 ef.
1354 3769 1444 3810 vol.
1467 3770 1527 3810 ΙΙ.
1550 3782 1594 3821 p.
1616 3767 1712 3809 318.
1734 3782 1778 3811 v.
1802 3767 1869 3809 16.
1946 3765 1964 3791 ⁵
1992 3764 2223 3819 praedica‘?
2251 3764 2328 3806 uel
2348 3767 2390 3805 2.

260 3837 294 3865 ¹⁰
322 3838 588 3893 preuocafse
618 3841 660 3880 2.
1222 3838 1257 3863 ¹⁷
1285 3839 1400 3879 Haee
1432 3838 1635 3878 earmina
1667 3836 1735 3890 (m
1756 3849 1943 3878 monum
1974 3838 2020 3876 et
2046 3846 2106 3876 An
2127 3834 2393 3887 LECTOREM)

258 3922 348 3951 non
376 3909 467 3950 nisi
496 3910 545 3950 in
564 3911 607 3951 2.
631 3911 799 3951 extant.
886 3906 923 3934 ³²
944 3920 1083 3960 aava,
1115 3911 1155 3948 2.
1177 3913 1223 3948 ut
1250 3909 1382 3949 oculis
1411 3909 1531 3961 quasi
1560 3919 1865 3948 nnvcnnmvu
1895 3907 2140 3959 adpareret.
