2456 4264
505 285 564 320 43.
587 292 791 322 ΟΤΗΟΝῙΒ
812 293 1227 326 anBszRuRmul.
1313 291 1370 329 44.
1393 297 1534 327 PETRI
1554 299 1613 327 DE
1635 300 1900 330 womaA‘rlA.
2156 280 2278 338 255

76 416 105 419 ’
178 414 181 415 ’
222 439 316 487 «2⁷31
347 418 444 469 'est
478 419 613 484 quod
649 420 778 471 liber
814 438 935 473 suus
971 438 1074 473 non
1113 424 1264 475 debet
1311 425 1482 483 vendi,
1531 432 1579 476 et
1625 429 1793 491 rogavi
1841 444 1953 478 eum
2001 431 2131 495 quod
2183 432 2284 482 vult

92 568 93 571 Ἴ
149 506 155 510 ⁴
272 503 310 513 ”
353 508 577 554 nostram
616 507 967 558 commendare
1003 509 1055 558 in
1094 508 1342 560 cancellis.
1417 509 1714 575 Respondit:
1769 512 2080 564 ‘Permittatis
2115 531 2195 565 me
2232 518 2280 565 in

54 586 59 591 “
152 599 158 605 ’
198 610 272 638 τι.
309 601 403 652 ego
439 588 551 639 'sum
589 589 671 639 hic
709 592 843 656 quod
881 591 1041 642 debeo
1078 595 1325 644 seminare
1363 594 1567 645 verbum
1606 596 1698 656 dei,
1738 603 1787 646 et
1822 613 1921 647 non
1958 598 2116 650 debeo
2141 616 2282 650 scan-

51 742 54 743 ⁷
93 676 123 746 J*
217 699 252 711 ,.
316 693 327 717 ·.
368 687 668 746 quenquam.
744 676 868 734 Quia
905 677 1146 742 scriptum
1186 685 1283 730 est:
1323 679 1452 738 „Qui
1490 680 1890 733 scandalizaverit
1926 698 2079 734 unum
2106 700 2163 735 ex
2190 686 2280 735 mi-

208 770 234 800 π
300 758 406 808 istis
442 757 624 809 .etc.”.’
697 759 759 810 Et
805 761 877 811 sic
912 776 1013 811 non
1060 765 1199 827 potui
1248 765 1516 830 impetrare
1552 765 1684 830 quod
1722 765 1865 817 vellet
1900 768 2127 819 adiuvare
2165 784 2280 819 cau-

125 906 148 915 -.
225 841 391 893 tadei:
463 842 521 892 In
559 843 653 893 alio
689 859 840 909 passu
887 847 1077 896 notavi:
1128 848 1335 907 Quando
1382 849 1473 898 ruit
1517 848 1598 899 hic
1645 849 1798 899 frater
1833 850 2043 902 lacobus
2089 853 2149 903 de
2187 853 2279 903 Or-

100 919 146 997 J
221 932 441 978 vnostm
478 933 529 977 et
563 929 821 980 seminavit
855 931 1187 996 indulgentias
1224 948 1345 997 quas
1383 933 1750 997 impetravimus
1787 934 1942 999 Rome
1981 952 2073 1000 pro
2111 938 2279 987 Mona-

52 1083 58 1086 «
221 1012 254 1025 ”’
283 1013 624 1079 Ἀιιςιιεῑειιεὴ
675 1019 793 1064 tunc
840 1016 986 1066 etiam
1022 1018 1215 1082 rogavit
1250 1017 1530 1083 predictum
1570 1017 1830 1068 Doctorem
1868 1015 2014 1084 Reyss
2062 1021 2193 1085 quod
2231 1023 2279 1071 in

155 1101 163 1106 ’
198 1121 218 1142 »ι
247 1122 250 1138 =
279 1113 329 1148 e
363 1096 510 1149 vellet
544 1098 751 1150 laudare
787 1098 896 1150 illas
932 1100 1269 1164 Indulgentias
1307 1107 1355 1151 et
1392 1101 1594 1152 hortare
1634 1101 1867 1152 mulieres
1906 1110 1954 1153 et
1989 1103 2111 1153 alios
2149 1107 2278 1171 quod

222 1203 273 1226 -1¹
312 1184 578 1250 pecuniam
604 1184 667 1234 ad
694 1186 880 1244 cistam,
921 1187 1036 1250 quia
1065 1191 1196 1237 esset
1220 1186 1350 1237 bene
1378 1186 1563 1236 datum.
1639 1187 1735 1237 Sed
1773 1188 1878 1252 ipse
1915 1190 2143 1252 permisit
2168 1206 2279 1241 eum

45 1246 285 1326 “Ῐᾱοτο
311 1269 552 1335 quicquid
590 1269 765 1328 voluit,
818 1275 867 1321 et
912 1275 1080 1321 tamen
1127 1285 1229 1320 non
1266 1270 1420 1321 voluit
1456 1270 1623 1321 dicere
1663 1287 1815 1321 unum
1857 1271 2059 1322 verbum
2099 1274 2158 1323 de
2195 1275 2274 1324 In-

86 1348 393 1420 muntiis,
467 1359 517 1405 et
561 1353 739 1405 Frater
783 1354 994 1406 Iacobus
1053 1354 1208 1406 semel
1262 1355 1384 1405 dixit
1441 1355 1501 1405 ad
1555 1371 1666 1405 eum
1725 1339 1870 1406 ‘Ecce
1920 1372 2006 1406 vos
2051 1359 2275 1409 invidetis

88 1498 90 1500 ,
257 1437 422 1505 ,ῳοᾱ
458 1438 699 1490 debemus
735 1438 969 1505 colligere
1006 1442 1288 1505 pecuniam,
1329 1448 1377 1491 et
1414 1446 1578 1490 tamen
1617 1440 1903 1505 colligamus
1941 1443 2087 1492 etiam
2125 1444 2165 1493 si
2191 1444 2275 1494 de-

138 1515 158 1522 ’”
213 1580 218 1585 ,
285 1522 424 1575 vobis
461 1539 550 1575 cor
587 1523 780 1589 frangi'.
856 1525 918 1575 Et
956 1525 1079 1574 dixit
1117 1526 1263 1576 etiam
1299 1526 1349 1575 in
1387 1525 1633 1575 Ambone:
1684 1534 1818 1576 ‘ecce
1857 1525 1938 1575 hic
1975 1526 2164 1578 habetis
2202 1530 2272 1578 in-

99 1598 139 1606 ⁴⁴
191 1664 193 1666 ,
233 1609 392 1660 untias
428 1615 478 1660 et
512 1607 703 1660 litteras
738 1609 1145 1674 indulgentialeS‚
1197 1616 1244 1662 et
1282 1611 1415 1676 quod
1453 1611 1691 1675 scriptum
1730 1617 1806 1661 est
1841 1611 1889 1660 in
1928 1610 2051 1670 illis,
2101 1619 2174 1663 est
2209 1615 2273 1664 ita

41 1681 284 1778 ξω
319 1699 370 1746 et
417 1694 725 1745 credendum
774 1699 902 1745 sicut
949 1694 1274 1760 evangelium.
1348 1695 1411 1744 Et
1457 1695 1655 1759 quando
1703 1696 1922 1760 accipitis
1967 1695 2073 1746 illas
2111 1697 2274 1747 Indul-

47 1760 321 1892 “z-im,
358 1785 480 1830 tunc
517 1781 633 1831 estis
669 1781 737 1831 ita
775 1779 989 1830 absoluti
1027 1781 1155 1832 sicut
1191 1781 1231 1829 si
1258 1780 1482 1831 Christus
1519 1786 1620 1830 met
1659 1782 1869 1831 venisset
1905 1787 1954 1831 et
1990 1781 2275 1833 absolvisset

46 1860 227 1916 *vu*-
296 1862 441 1915 Tunc
475 1865 663 1916 Doctor
698 1860 845 1931 Reyss
884 1866 1042 1915 tenuit
1079 1868 1386 1930 oppositum,
1437 1865 1630 1918 dicens:
1682 1864 1826 1915 ‘Nihil
1871 1874 1947 1915 est
1983 1881 2272 1931 comparan-

60 1939 93 1973 ⁸
76 1944 368 2001 hcm
391 1948 680 2015 Evangelio:
722 1955 771 2000 et
796 1951 880 2015 qui
905 1950 1034 2001 bene
1071 1950 1201 2007 facit,
1241 1949 1369 2001 bene
1405 1949 1511 1999 ibit.
1586 1949 1646 1998 Et
1683 1950 1723 1998 si
1760 1949 1933 2015 aliquis
1971 1952 2154 2001 centies
2190 1967 2270 2001 ac·

40 2025 441 2101 mistas
465 2034 807 2100 indulgentiaS‚
847 2043 896 2086 et
932 2050 1033 2085 non
1070 2035 1197 2086 bene
1234 2035 1425 2092 vixerit,
1464 2033 1668 2098 peribit:
1708 2048 1801 2084 nec
1837 2034 2144 2085 adiuvabitur
2181 2050 2270 2101 per

58 2116 612 2184 -’“Ι9-Ιιιόιι13οιιιίειε.
685 2120 783 2170 Sed
822 2127 1026 2171 econtra
1063 2121 1215 2186 siquis
1253 2119 1382 2170 hene
1420 2119 1607 2174 vixerit,
1649 2117 1721 2166 vel
1761 2124 1871 2183 post
1907 2125 2105 2184 peccata
2131 2120 2269 2185 peni·

80 2202 310 2257 2mam
346 2205 504 2270 egerit
539 2211 589 2256 et
624 2206 772 2255 vitam
811 2205 1119 2262 emendabit,
1171 2220 1289 2255 ecce
1329 2219 1420 2270 ego
1458 2203 1660 2269 predico
1698 2204 1742 2253 ei
1781 2203 1911 2267 quod
1952 2205 2045 2253 erit
2080 2203 2267 2254 habita·

51 2290 190 2340 *⁴oe
219 2289 365 2355 regni
401 2288 659 2356 celorum,
707 2305 801 2340 nec
847 2289 1085 2355 indigebit
1132 2288 1243 2338 ullis
1281 2288 1387 2339 aliis
1424 2287 1640 2338 auxiliis'.
1715 2287 1774 2337 Et
1820 2289 1889 2337 sic
1937 2290 2097 2339 notavi
2135 2289 2265 2355 quod

43 2371 200 2426 Uo
241 2373 417 2425 doctor
451 2371 598 2442 Reyss
646 2382 718 2425 est
757 2374 990 2424 Inimicus
1036 2373 1414 2439 religiosorum:
1465 2380 1511 2423 et
1560 2372 1748 2422 videtur
1786 2373 1930 2422 etiam
1981 2373 2099 2424 mihi
2137 2374 2266 2438 quod

49 2456 237 2515 §hm
269 2458 477 2510 Iohanni
512 2458 780 2516 Reuchlin,
831 2459 1053 2525 quamvis
1090 2459 1272 2509 nescio.
1350 2473 1470 2522 ergo
1509 2457 1679 2507 videtis
1717 2458 1831 2522 quid
1879 2459 1943 2507 sit
1989 2457 2265 2509 dicendum.

46 2540 243 2601 „enm
277 2544 499 2596 concedo
537 2544 671 2611 quod
709 2543 949 2609 Theologi
989 2543 1191 2608 Colonie
1231 2543 1326 2591 sint
1363 2543 1411 2591 in
1451 2557 1627 2607 magna
1669 2543 2011 2600 veneratione,
2052 2550 2098 2593 et
2136 2544 2264 2608 quod

48 2625 344 2695 “neologi
380 2629 631 2696 seculares
669 2635 718 2679 et
754 2628 989 2679 mundani
1027 2636 1143 2678 sunt
1179 2629 1226 2677 in
1267 2642 1443 2691 magna
1482 2628 1664 2677 unione
1702 2643 1814 2677 cum
1865 2627 2129 2693 religiosis:
2182 2628 2265 2677 sed

104 2709 187 2787 bk
220 2727 325 2767 non
360 2721 438 2766 est
471 2715 555 2765 ita.
630 2714 790 2779 Spero
828 2720 994 2765 tamen
1033 2713 1164 2778 quod
1204 2711 1401 2777 quando
1428 2711 1670 2762 Reuclilin
1698 2713 1793 2763 erit
1830 2719 2110 2777 superatus,
2151 2719 2267 2763 tune

104 2793 346 2876 Magi
379 2798 670 2865 gaudebunt
706 2798 940 2855 invicem,
991 2797 1122 2864 quod
1170 2803 1359 2863 prestet
1397 2795 1541 2846 nobis
1580 2794 1801 2847 Salvator
1839 2804 2007 2848 noster
2045 2797 2267 2863 unigeni-

49 2871 205 2936 ntus.
276 2883 451 2936 Amen.
525 2883 705 2935 Datum
741 2881 1013 2949 Herbipoli.

1139 3088 1227 3150 44.

702 3216 745 3266 «1
788 3206 1069 3270 Petrus
1117 3205 1206 3268 de
1251 3204 1676 3270 Wormatia

702 3315 1041 3391 Magistro
1080 3319 1378 3374 Ortvino
1418 3318 1654 3373 Gratio

843 3419 1063 3471 Salutem
1103 3418 1366 3486 plurimam
1404 3419 1535 3470 dicit.

46 3483 152 3604 *¹*
246 3530 334 3584 vir
371 3533 573 3591 eximie,
624 3532 897 3584 secundum
938 3532 1067 3599 quod
1109 3533 1225 3583 estis
1262 3533 1380 3583 mihi
1420 3531 1708 3583 naturaliter
1746 3530 2007 3582 inclinatus
2055 3539 2101 3581 et
2141 3530 2263 3581 niul·

67 3619 209 3668 'Pium
244 3618 414 3669 favetis
454 3618 598 3669 mihi:
647 3632 768 3682 ergo
816 3619 959 3669 etiam
1008 3617 1116 3668 volo
1165 3616 1300 3668 vobis
1347 3618 1511 3669 facere
1558 3616 1821 3682 possibilia.
1899 3617 2093 3667 Dixistis
2145 3616 2260 3665 mihi

67 3714 77 3733 ρ
101 3703 440 3727 ass—-—

63 3758 68 3768 ’
122 3766 131 3797 ”
183 3770 236 3800 9
267 3773 525 3828 Impetrare
556 3775 599 3817 4.
610 3777 650 3818 5.
767 3773 787 3799 ⁷
822 3787 848 3828 φ
879 3777 1004 3815 ettam
1038 3775 1079 3814 4.
1195 3773 1212 3800 ⁸
1243 3770 1398 3827 pdieti'i
1433 3775 1472 3814 4.
1592 3772 1626 3798 ¹⁰
1656 3772 1790 3814 «taret
1822 3774 1911 3813 4.5.
2022 3769 2056 3796 ¹⁵
2093 3768 2185 3809 lfnn
2219 3771 2255 3808 4.

74 3837 266 3886 'utem
294 3849 337 3886 5.
429 3844 462 3871 ¹⁹
502 3841 641 3940 ibit]”
648 3843 767 3884 bibit
796 3848 837 3885 5.
934 3842 971 3870 ²¹
1004 3842 1104 3885 reiss
1136 3846 1176 3884 4.
1266 3842 1303 3869 ²²
1333 3842 1595 3884 Emednbit:
1630 3845 1667 3885 4.
1745 3841 1782 3867 ¹⁵
1814 3841 1876 3882 Io.
1903 3841 1959 3880 lt:
1987 3843 2023 3880 4.
2060 3840 2120 3879 Io.
2149 3838 2196 3878 lt.
2220 3841 2259 3878 5.

101 3907 144 3944 3
171 3925 198 3955 ο
227 3916 272 3957 4.
346 3913 386 3942 ’7
417 3930 441 3957 e
474 3917 517 3956 4.
604 3913 697 3968 ’99
729 3918 854 3955 etiam
885 3917 925 3955 4.
1113 3959 1117 3962 ,
1289 3911 1325 3939 ⁸³
1357 3913 1416 3956 M.
1440 3915 1532 3956 4.5.
1623 3909 1658 3938 ⁸⁴
1690 3912 1733 3952 S.
1759 3912 1806 3952 1².
1833 3911 1888 3950 1).
1913 3914 2005 3951 4..’ἱ.
