2456 4264
279 246 398 303 3⁹20
560 267 816 296 rnocnssvs
838 265 1022 295 con'rRA
1045 265 1374 295 snn'rmnn‘rvu
1395 264 1753 293 mnnmsmnsn.
1782 249 1842 305 [Α.
1866 259 1966 295 1514.
1990 253 2020 294 i.
2043 250 2127 306 f.?]

162 416 257 456 ΜΟ.
416 401 614 462 Septimo
654 399 777 460 quod
812 397 943 444 multi
982 410 1139 442 eorum
1177 411 1268 463 non
1306 396 1436 457 plene
1476 385 1930 442 intellecta'materia
1968 397 2013 442 in
2062 396 2277 443 facultate
2316 411 2414 443 snr-

275 474 484 523 rexerint,
525 469 566 517 &
591 476 693 515 vota
733 483 813 514 sua
852 466 1179 528 qualiacunque
1216 468 1261 512 in
1298 467 1412 513 alios
1438 480 1547 512 suos
1575 466 1725 512 socios
1751 466 1891 513 libere
1914 467 2203 518 contulerint,
2243 481 2295 514 ex
2320 482 2412 530 quo

275 549 492 603 sequatur
529 540 649 601 quod
686 553 775 584 non
814 553 970 584 omnes
1009 538 1218 584 doctores
1257 538 1400 584 totius
1439 535 1667 583 facultatis
1704 537 1969 584 votaverint.

159 626 252 665 §.in
410 612 574 657 Octavo
615 610 735 671 quod
774 609 819 654 in
854 609 1069 654 facultate
1107 608 1285 668 quando
1325 608 1464 668 aliqui
1502 608 1733 654 doctiores
1768 607 2012 654 voluerunt
2050 611 2276 670 sapienter
2299 623 2411 670 pon-

269 684 424 728 derare
462 683 722 741 negocium,
763 678 805 726 ἃ
843 680 1012 740 aliquid
1049 681 1094 724 in
1133 681 1218 725 hoc
1255 679 1445 738 negocio
1485 693 1641 724 sanum
1679 679 1903 731 dixerunt,
1944 686 2051 725 tunc
2086 680 2261 741 reliqua
2298 679 2449 726 mul-⁵

269 740 413 798 titudo
451 752 768 798 illiteratorum
808 751 1045 797 doctorum
1083 749 1353 795 clamoribus
1393 749 1539 795 aulam
1576 748 1849 809 repleverint
1882 764 1984 797 cum
2022 750 2254 796 Iniuriosis
2290 765 2410 797 com-

266 822 591 870 minationibus
630 829 787 868 contra
823 820 1081 867 huiusmodi
1118 820 1458 881 prudentiores,
1509 834 1598 880 quo
1638 820 1804 866 factum
1843 819 1981 866 fuerit
2017 826 2069 866 ut
2107 826 2214 867 tunc
2251 836 2273 867 a
2311 820 2409 866 lite-

267 896 376 940 ratis
425 901 470 940 et
518 893 763 944 illiteratis,
812 891 1092 953 sapientibus
1131 889 1173 938 ἃ
1212 890 1529 951 insipientibus
1577 890 1768 937 consilio
1808 891 1929 937 inter
1965 906 2014 938 se
2053 893 2274 953 requisito
2314 891 2408 953 ipse

269 965 489 1011 tumultus
527 964 828 1025 praevaluerit,
870 961 911 1009 &
948 977 1039 1008 non
1078 962 1143 1008 sic
1180 963 1460 1008 exactissima
1487 975 1595 1007 cura
1619 961 1887 1020 discussum,
1927 964 2242 1014 examinatum,
2281 977 2409 1023 aequa

263 1035 389 1082 lance
426 1037 716 1086 trutinatum,
765 1034 818 1080 ad
864 1033 1074 1079 amussim
1115 1031 1157 1079 δι
1195 1032 1466 1078 articulatim
1512 1032 1723 1078 libratum
1768 1032 1908 1079 fuerit
1954 1034 2195 1093 negocium
2230 1041 2283 1079 ut
2319 1033 2407 1094 ipsi
2427 1044 2456 1079 m

265 1109 358 1152 suis
397 1107 543 1152 verbis
581 1108 771 1156 iactant,
822 1103 865 1151 ἄ
902 1105 1003 1150 ideo
1041 1103 1196 1150 nullus
1243 1104 1481 1149 doctorum
1520 1117 1569 1149 se
1606 1104 1868 1150 nominatim
1906 1117 2039 1150 manu
2077 1104 2264 1165 propria
2302 1103 2409 1150 sub-

266 1178 524 1238 scripserit,
566 1177 687 1237 quod
723 1184 871 1222 tamen
909 1175 964 1220 de
1002 1175 1100 1220 iure
1137 1174 1235 1221 fieri
1273 1173 1444 1221 debuit.
1628 1168 1633 1172 ’

155 1262 186 1302 §.
203 1264 254 1300 12.
414 1248 541 1294 Nono
587 1247 788 1308 quamvis
836 1246 1018 1293 oculare
1064 1246 1297 1307 speculum
1344 1247 1389 1290 in
1438 1245 1595 1306 lingua
1641 1245 1745 1292 altae
1794 1244 2056 1294 alemanniae
2103 1245 2408 1307 compositum

265 1326 359 1370 est,
401 1317 443 1366 &
481 1332 576 1365 eam
615 1318 901 1365 Inferioristae
938 1316 1069 1378 plane
1106 1331 1197 1363 non
1235 1316 1511 1376 intelligant,
1552 1316 1660 1377 quid
1695 1330 1782 1378 pro
1821 1331 1911 1378 quo
1952 1317 2305 1368 transferentes,
2343 1325 2408 1362 ta-

262 1403 361 1434 men
387 1389 719 1436 Parrhisienses
758 1388 962 1448 theologi
999 1388 1179 1449 praefati
1218 1386 1326 1433 solis
1352 1387 1529 1434 Ioannis
1554 1387 1770 1434 Reuchlin
1808 1387 2009 1434 absentis
2046 1388 2403 1434 adversariorum
2425 1401 2456 1438 ιι

263 1461 393 1506 dictis
421 1461 655 1506 credentes
694 1474 783 1506 non
822 1459 1013 1506 fecerint
1050 1460 1427 1519 comparationem
1467 1458 1775 1505 translationis
1801 1457 2132 1505 Coloniensium
2171 1459 2226 1505 ad
2253 1473 2406 1505 verum

259 1531 480 1591 originale
518 1530 700 1591 Speculi
737 1530 956 1581 ocularis,
995 1544 1095 1575 cum
1135 1529 1248 1575 Galli
1285 1529 1607 1576 alemannicum
1644 1544 1736 1576 non
1773 1529 2045 1590 intelligant.

145 1605 241 1645 §.13.
399 1603 576 1649 Decimo
626 1602 747 1662 quod
795 1602 1115 1647 sentimentum
1163 1614 1294 1646 suum
1340 1601 1625 1646 fundaverint
1671 1614 1810 1661 super
1856 1614 2068 1662 expresse
2111 1600 2224 1647 falsa
2271 1615 2405 1647 causa

257 1672 458 1735 dicentes
498 1672 620 1733 quod
657 1681 790 1719 autor
815 1671 1016 1718 Ocularis
1055 1671 1237 1738 speculi·
1264 1671 1548 1717 contenderit
1585 1678 1684 1718 tota
1720 1671 1853 1718 animi
1892 1673 2186 1718 contentione
2213 1671 2409 1718 thalmua

256 1742 379 1789 dicos
418 1743 562 1789 libros
601 1756 701 1790 esse
739 1742 1058 1793 asservandos,
1110 1743 1238 1788 cuius
1276 1743 1552 1788 contrarium
1591 1756 1693 1788 esse
1727 1754 1885 1788 verum
1932 1743 2169 1790 manifeste
2216 1750 2456 1804 apparetw

255 1813 308 1858 de
346 1814 476 1860 libris
515 1814 799 1860 thalmudicis
839 1811 882 1860 ἃ
920 1812 1196 1874 quibuslibet
1244 1811 1344 1859 aliis
1390 1813 1658 1859 docentibus
1704 1813 1912 1860 haeresim
1964 1813 2032 1860 vel
2079 1813 2409 1875 blasphemiam⁷

255 1898 369 1944 quos
407 1884 530 1931 nulla
569 1886 704 1930 animi
742 1886 1032 1931 contentione
1059 1883 1353 1930 asservandos
1378 1884 1627 1935 contendit,
1668 1884 1748 1930 sed
1771 1885 1915 1944 magis
1940 1886 2045 1946 igne
2070 1885 2411 1942 consumendos.

257 1962 358 2000 ante
396 1958 544 2003 omnia
580 1957 826 2004 consuluit.

155 2030 251 2072 §.14
394 2026 633 2074 Undecimo
682 2027 803 2088 quod
853 2026 1135 2073 fundaverint
1181 2027 1315 2072 etiam
1354 2028 1672 2072 sentimentum
1710 2039 1842 2072 suum
1879 2040 2018 2088 super
2053 2028 2408 2088 impertinentiist

249 2098 479 2144 cuiusdam
517 2100 719 2144 recitatae
756 2099 1028 2144 narrationis
1067 2098 1120 2143 de
1158 2097 1374 2143 Thalmud
1422 2097 1616 2144 consilio
1653 2097 2031 2144 Parrhisiensium
2077 2097 2453 2159 theologorumnu

249 2168 487 2215 combusto
526 2170 749 2231 quondam
787 2185 811 2215 a
835 2169 1136 2215 Parrhisiensi
1175 2170 1403 2229 episcopo,
1442 2182 1543 2215 cum
1582 2175 1730 2215 tamen
1771 2168 1874 2215 talis
1912 2175 2139 2230 praetensa
2177 2170 2403 2217 sententia

249 2239 357 2284 nihil
397 2240 528 2286 faciat
565 2242 620 2286 ad
658 2240 971 2302 propositum,
1021 2240 1123 2300 quia
1172 2254 1246 2285 res
1284 2240 1404 2285 inter
1451 2239 1565 2286 alios
1612 2248 1709 2286 acta
1749 2237 1831 2286 ἀρ.
1903 2239 2128 2288 Praeterea
2163 2254 2254 2287 non
2291 2255 2407 2287 con-2

248 2316 337 2354 stat
375 2312 496 2370 quod
534 2314 580 2357 in
617 2314 738 2358 omni
775 2318 903 2373 parte
941 2311 1078 2356 fuerit
1118 2317 1224 2356 tunc
1260 2310 1598 2362 condemnatus,
1638 2310 1717 2357 sed
1754 2311 1874 2357 forte
1911 2312 1957 2356 in
1995 2319 2124 2373 parte
2162 2313 2283 2358 eain
2310 2326 2398 2373 qua

247 2381 444 2426 haereses
483 2381 525 2429 δι
562 2381 865 2443 blasphemias
914 2381 1197 2430 continebat,
1249 2395 1381 2442 quam
1431 2389 1605 2442 partem
1654 2383 1789 2428 etiam
1835 2382 2028 2429 Ioannes
2074 2382 2294 2429 Reuchlin
2341 2381 2409 2429 δᾶ,

246 2452 396 2511 ignem
432 2453 767 2505 condemnavit,
806 2460 851 2499 et
888 2453 1010 2513 quod
1046 2453 1360 2499 condemnatio
1385 2451 1763 2499 Parrhisiensium
1788 2467 1881 2500 non
1916 2453 2029 2513 lige't
2065 2452 2176 2500 alias
2213 2453 2447 2504 univer-³0

247 2523 402 2568 sitates
440 2531 565 2584 patet
603 2525 657 2570 de
694 2523 895 2571 articulis
932 2523 1322 2570 Parrhisiensibus
1360 2523 1414 2569 de
1453 2523 1619 2584 quibus
1657 2524 1823 2571 dicitur
1861 2524 1982 2586 quod
2019 2538 2110 2571 non
2160 2530 2403 2571 transeunt*

248 2607 391 2644 mare,
431 2594 576 2658 multo
615 2595 764 2641 minus
804 2602 1038 2641 transeunt
1074 2596 1226 2656 Alpes.
2399 2614 2404 2619 ·

149 2670 246 2710 §.15.
389 2666 661 2712 Duodecimo
699 2667 822 2728 quod
858 2666 978 2712 aliud
1017 2667 1078 2711 sit
1114 2667 1168 2712 de
1206 2665 1367 2712 ludaeis
1405 2666 1450 2711 in
1476 2666 1738 2713 Alemannia
1775 2666 2162 2714 commorantibus
2200 2668 2278 2728 qui
2303 2668 2392 2713 sin·

248 2734 468 2792 gulariter
494 2735 535 2783 &
563 2736 822 2798 specialiter
860 2739 950 2783 sint
987 2737 1259 2798 privilegiati
1298 2752 1322 2783 a
1363 2738 1468 2783 sede
1506 2738 1757 2798 apostolica
1794 2738 1915 2799 quod
1951 2753 2043 2784 non
2079 2738 2274 2785 debeant
2297 2752 2403 2784 mon

247 2804 400 2851 lestari
440 2809 484 2852 in
523 2810 618 2854 suis
655 2808 782 2854 libris
820 2815 872 2854 ut
907 2815 1034 2869 patet
1071 2823 1152 2869 per
1188 2807 1354 2854 bullam
1393 2808 1569 2855 Martini
1606 2809 1738 2870 Papae
1775 2810 1937 2870 quinti.
2396 2825 2442 2866 ³⁶

134 2879 229 2918 §·¹6·
384 2877 530 2933 Quare
565 2879 699 2925 dictis
737 2893 790 2925 ex
826 2881 974 2925 causis
1001 2877 1044 2925 ἃ
1070 2878 1169 2925 aliis
1208 2879 1472 2941 quibusdam
1511 2880 1745 2926 brevitatis
1780 2881 1925 2939 gratia
1963 2895 2082 2926 nunc
2107 2882 2289 2927 omissis
2313 2894 2390 2941 pe-

247 2946 316 2991 tiit
354 2950 571 3007 praefatus
610 2950 928 2998 baccalaureus
955 2950 1240 2996 Gloricianus
1279 2956 1329 2996 ut
1366 2951 1606 2997 coniuncta
1644 2965 1839 3011 persona
1877 2949 2169 2998 &interesse
2206 2951 2405 3001 habens,=
2455 2965 2456 2978 ¹

384 3034 504 3080 saepe
542 3023 821 3068 nominatum
862 3022 1181 3067 sentimentum
1220 3028 1430 3082 tanquam
1468 3021 1692 3068 famosum
1727 3028 1886 3068 contra
1923 3023 2035 3069 iuris
2061 3023 2279 3074 ordinem,
2317 3036 2388 3068 ca-

382 3090 560 3136 ritatem
600 3092 868 3143 fraternam,
923 3084 1082 3138 contra
1129 3094 1199 3138 ius
1239 3090 1281 3139 ἃ
1319 3092 1542 3139 iusticiam
1590 3106 1859 3154 omnemque
1904 3093 2153 3140 naturalem
2202 3092 2398 3154 aequitat-³

385 3166 471 3205 tem
510 3170 760 3210 emanatum
799 3177 880 3225 per
916 3177 1000 3208 nos
1037 3164 1216 3210 decerni
1254 3161 1296 3209 ἄ
1333 3164 1624 3224 pronunciari
1660 3163 1850 3216 nullum,
1889 3165 2088 3216 irritum,
2128 3165 2283 3215 inane,
2322 3163 2443 3213 fa-m'

383 3244 572 3284 mosum,
612 3235 993 3280 contumeliosum
1033 3232 1075 3280 δι
1113 3241 1356 3295 propterea
1395 3235 1765 3296 supprimendum
1803 3250 1853 3282 ac
1891 3235 1994 3295 igne
2031 3234 2383 3281 consumendum

383 3308 517 3362 atque
543 3306 746 3350 consumi
772 3306 951 3357 debere,
989 3306 1208 3367 ipsosque
1232 3307 1489 3352 sentimenti
1518 3312 1702 3352 autores
1726 3306 1780 3351 ad
1805 3305 2031 3367 publicam
2057 3307 2387 3353 revocationem
2450 3307 2456 3313 ’“

2444 3522 2456 3572 ἱ*

351 3538 370 3565 ²
398 3543 506 3581 vota
535 3536 633 3593 &c.]
663 3540 693 3583 i.
719 3554 758 3582 e.
778 3546 887 3584 vota
916 3554 1000 3586 sua
1028 3554 1119 3586 non
1149 3543 1239 3599 ipsi
1268 3542 1499 3598 dederint,
1542 3542 1624 3586 sed
1654 3543 1794 3586 sociis
1831 3544 1927 3586 suis
1967 3542 2127 3586 eadem
2165 3543 2394 3597 permise·'

237 3609 343 3652 rint.
440 3609 457 3636 3
487 3613 765 3653 notaverint.
786 3615 827 3657 2.
921 3613 939 3638 ⁹
970 3616 1179 3658 exactisS.
1204 3618 1243 3658 1.
1351 3614 1385 3641 ¹3
1414 3616 1528 3670 ling.
1551 3615 1632 3660 alt.
1656 3614 1810 3670 alem.]
1845 3615 2137 3660 oberdeutseh.
2246 3611 2279 3640 ¹⁴
2307 3612 2378 3653 In-

238 3680 342 3735 fer.]
381 3682 451 3723 die
482 3682 820 3725 Niederloender.
937 3685 1043 3737 quid
1080 3699 1161 3738 pro
1201 3684 1308 3740 quo]
1348 3690 1398 3726 ut
1435 3686 1660 3740 hodieque
1699 3686 1835 3741 volgo
1873 3686 2043 3728 dicitur
2070 3676 2102 3728 i'.
2127 3699 2166 3727 e.
2197 3685 2395 3726 inscite.'
2443 3702 2446 3717 ‹

238 3752 368 3793 falso.
469 3751 506 3778 ²⁵
537 3752 820 3806 thelogorum
851 3757 891 3794 2.
1007 3753 1043 3780 ²⁷
1074 3768 1146 3795 res
1176 3756 1257 3796 int.
1280 3754 1377 3808 &e.]
1412 3756 1482 3799 Cf.
1505 3757 1691 3810 Ulpian.
1712 3758 1768 3798 L.
1791 3758 1831 3798 1.
1852 3758 1958 3812 Dig.
1980 3757 2036 3798 de
2069 3771 2165 3798 exc.
2187 3757 2255 3797 rei
2286 3753 2377 3798 iud.
2441 3768 2443 3783 ³

235 3823 379 3865 XLII.
401 3824 442 3864 2.
529 3822 566 3849 ³²
597 3823 724 3876 alpes
756 3826 794 3865 1.
860 3823 918 3864 ‚³⁶
947 3825 1075 3867 brev.
1098 3823 1185 3878 gn]
1218 3827 1578 3867 Praedicatorum
1618 3832 1665 3868 et
1695 3828 1966 3870 Hochstrati
2004 3828 2102 3869 fere
2132 3824 2376 3881 peculiaris

238 3894 296 3935 ad
325 3894 630 3948 ignorantiam
661 3895 992 3947 contegendam
1025 3895 1235 3936 adhibita
1265 3896 1458 3948 phrasis.
1545 3896 1581 3923 ³⁷
1619 3910 1949 3940 ammensseve.
2002 3902 2041 3941 1.
