2456 4264
213 207 229 263 1
250 207 328 263 20
503 228 598 255 loA.
623 225 936 254 pssrssmconm
960 222 1190 253 DEFENsm
1214 221 1396 251 CONTRA
1417 220 1624 250 rumosas
1648 222 1690 250 0.
1712 222 1758 252 v.
1778 221 2048 250 ammons.

207 362 462 408 involucra
509 357 738 405 incidisse
781 356 879 402 sive
925 355 1206 415 impeqisse,
1264 351 1354 400 sed
1398 349 1634 399 mandato
1679 350 2004 411 Imperatoris
2050 356 2098 399 et
2139 350 2353 402 Archie-

203 446 410 506 piscopi.
481 443 560 490 hic
597 442 695 488 duo
730 438 1033 486 attendenda
1063 442 1190 485 sunt.
1257 438 1421 497 primo
1455 434 1587 495 quod
1610 435 1942 496 presupponit
1965 448 2017 483 se
2058 437 2111 484 in
2142 438 2352 497 pericu-

208 531 307 576 lum
355 527 552 574 venisse.
626 524 680 571 id
731 522 864 582 quod
915 533 1012 568 non
1063 519 1169 578 fuit
1222 522 1320 568 viri
1370 520 1629 581 sapientis,
1678 531 1737 566 eo
1789 520 1924 579 quod
1977 521 2029 567 in
2083 521 2355 570 scribendis

209 612 425 660 consiliis
470 607 732 669 providum
780 610 926 664 atque
965 606 1309 664 perspicacem
1355 617 1464 652 eum
1509 616 1612 652 esse
1654 603 1884 663 oportuit.
1958 602 2186 653 Secundo
2225 606 2358 665 quod

209 697 289 743 hic
325 695 444 742 satis
480 695 653 753 aperte
678 690 1041 738 serenissimum
1078 693 1297 736 nostrum
1332 687 1720 750 Imperatorem,
1763 688 1923 735 virum
1954 701 2106 736 unum
2141 690 2353 737 omnium
2369 705 2390 736 ⁵

206 780 384 841 procul
416 776 561 826 dubio
591 774 1040 835 prudentissimum,
1074 771 1328 831 infamare
1358 773 1544 837 nititur,
1575 776 1622 819 et
1657 772 1712 819 id
1741 772 1937 832 quidem
1968 785 2056 820 suo
2091 774 2358 834 impuden-

198 852 394 912 tissimo
430 860 704 909 mendatio:
752 857 1018 918 Nunquam
1064 858 1193 904 enim
1236 857 1580 917 inclytissimus
1626 859 1791 904 noster
1833 857 2105 917 imperator
2143 862 2190 906 et
2231 872 2359 906 unus

210 943 853 1004 omnium‘reliqiosissimus
889 941 1074 989 Ioanni
1103 941 1347 989 Reuchlin
1382 939 1705 988 demandavit
1731 946 1784 988 ut
1793 929 2062 999 hereticas
2084 942 2360 1003 pravitates

211 1030 446 1079 scriberet
490 1032 538 1076 et
583 1029 696 1075 illas
738 1030 908 1087 postea
941 1030 1103 1073 stante
1136 1025 1166 1084 (
1163 1030 1217 1072 ut
1243 1025 1587 1085 supradictum
1620 1027 1716 1085 est)
1751 1025 2047 1080 concordia,
2095 1027 2361 1087 impressas

214 1117 263 1163 in
300 1117 457 1162 lucem
490 1113 674 1160 ederet.
747 1110 870 1158 Item
901 1109 1035 1169 quod
1067 1110 1228 1156 maius
1263 1115 1356 1168 est,
1405 1121 1658 1169 nunquam
1691 1110 1846 1170 ipsius
1875 1111 2066 1171 scripta
2103 1111 2360 1171 approba—
2377 1125 2419 1159 ιο

215 1202 303 1254 vit,
338 1209 591 1257 nunquam
628 1197 725 1243 illis
761 1206 1011 1242 assensum
1045 1193 1257 1254 prebuit.
1299 1195 1442 1242 immo
1478 1194 1630 1242 vetuit
1670 1207 1732 1242 ea
1777 1195 1879 1254 leqi
1918 1198 1967 1242 et
2007 1196 2205 1255 penitus
2237 1208 2363 1257 sup-

209 1284 367 1345 primi
405 1283 558 1331 iussit.
639 1280 778 1338 Quod
821 1279 911 1337 hec
955 1291 1074 1325 vera
1120 1280 1218 1326 sint
1261 1283 1310 1326 et
1351 1279 1402 1325 in
1443 1278 1822 1338 precedentibus
1866 1282 1915 1326 et
1959 1279 2012 1326 in
2056 1280 2365 1339 sequentibus

215 1367 461 1416 mandatis
499 1369 652 1426 patet.
729 1363 770 1410 (1
817 1362 1094 1411 Erubescat
1141 1364 1292 1422 iqitur
1339 1363 1418 1421 (ut
1451 1376 1562 1411 cum
1602 1364 1774 1422 qratia
1811 1365 2013 1424 loquar)
2069 1365 2365 1424 semiiudeus

217 1455 321 1513 ipse
368 1449 574 1509 infelix,
623 1462 685 1496 ac
715 1449 871 1509 plane
907 1447 1174 1508 reprobuS,
1222 1448 1310 1507 qui
1346 1448 1589 1495 notissimo
1628 1448 1887 1496 mendacio
1921 1461 2063 1496 suam
2100 1450 2366 1509 nequitiam

215 1537 435 1597 palliare
451 1572 462 1594 ,
512 1541 558 1582 et
605 1537 758 1593 caput
790 1532 966 1579 mundi
999 1533 1234 1591 totiusque
1267 1532 1536 1588 christiane
1577 1532 1830 1591 reliqionis
1876 1534 2064 1592 lumen,
2111 1534 2366 1594 ipsumque
2386 1549 2425 1583 ιιι

218 1622 365 1669 etiam
416 1618 851 1678 Archiepiscopum
910 1620 1009 1664 tam
1067 1617 1279 1676 turpiter
1327 1615 1583 1674 infamare
1646 1622 1855 1665 conatus
1894 1618 1972 1665 sit.
2045 1617 2155 1666 Hoc
2212 1620 2367 1667 solum

223 1704 463 1765 Capnioni
489 1700 845 1750 demandatum
878 1699 982 1759 suit
1015 1715 1046 1748 a
1086 1700 1299 1759 Cesarea
1334 1701 1616 1760 Maiestate,
1658 1706 1711 1749 ut
1751 1714 1855 1749 una
1888 1714 1999 1751 cum
2037 1704 2213 1751 ceteris
2249 1704 2369 1752 uni-

222 1787 527 1836 versitatibus
572 1797 807 1845 escpresse
852 1785 904 1831 in
950 1785 1186 1832 mandato
1231 1787 1493 1833 nominatis
1532 1785 1791 1842 scriberet,
1837 1786 1961 1846 quid
2005 1787 2066 1835 de
2100 1787 2370 1846 Iudeorum

220 1873 360 1921 libris
378 1870 688 1931 ‘quibusdam
719 1881 876 1929 supra
911 1868 1108 1916 bibliam
1156 1870 1300 1918 editis
1346 1870 1595 1928 aqendum
1641 1870 1908 1919 videretur.
1985 1870 2024 1920 O
2059 1872 2248 1919 utinam
2283 1873 2370 1920 in-

220 1956 511 2017 clytissimus
543 1957 705 2001 noster
732 1954 1001 2012 imperator
1035 1953 1169 2001 hanc
1199 1955 1455 2014 epistolam
1492 1961 1607 2003 ante
1645 1955 1766 2003 duos
1802 1968 1960 2004 annos
1987 1957 2205 2016 leqisset:
2238 1969 2366 2017 pro-
2386 1969 2430 2004 ²⁰

221 2039 450 2089 culclubio
490 2040 649 2099 ipsum
684 2039 734 2085 in
768 2038 1023 2097 qemonias
1067 2039 1233 2086 scalas
1278 2040 1587 2095 coniecisset,
1638 2045 1871 2100 tanquam
1911 2041 1974 2089 de
2020 2042 2229 2090 crimine
2273 2043 2373 2100 lese

224 2124 491 2173 maiestatis
536 2123 842 2184 apertissime
879 2123 1166 2170 convictum.
1219 2123 1438 2171 ‘Nemini
1476 2125 1631 2184 iqitur
1678 2125 1858 2173 mirum
1904 2126 1950 2174 si
1993 2126 2055 2174 de
2087 2138 2187 2185 me,
2232 2127 2277 2174 si
2312 2126 2374 2174 de

224 2210 422 2258 doctore
461 2207 705 2267 Arnoldo,
754 2208 800 2254 si
829 2207 890 2255 de
927 2208 1165 2267 maqistro
1204 2207 1441 2267 Ortnn‘no,
1489 2210 1536 2256 si
1576 2209 1786 2270 denique
1829 2210 1892 2259 de
1926 2211 2042 2259 aliis
2077 2212 2196 2259 viris
2231 2211 2378 2259 simut

221 2292 554 2355 prestantibus
592 2297 638 2339 et
673 2292 809 2341 bonis
846 2293 1046 2341 mentiri
1087 2293 1300 2354 audeat,
1348 2306 1458 2341 cum
1507 2293 1569 2342 de
1603 2296 1913 2344 serenissimo
1950 2299 2117 2344 nostro
2151 2297 2376 2357 impera-

224 2383 327 2426 tore
361 2382 408 2425 et
442 2376 791 2437 Archipresule
829 2376 1117 2438 Moquntino
1167 2379 1303 2426 istius
1340 2379 1534 2438 neqocii
1560 2381 1794 2441 principe
1838 2386 1938 2429 tam
1974 2381 2288 2442 incredibilia
2322 2383 2374 2430 in
2389 2395 2433 2429 τι

225 2463 443 2512 omnibus
475 2463 576 2509 suis
599 2462 794 2522 scriptis
828 2463 1107 2510 mentiatur.
1182 2462 1248 2510 Et
1275 2463 1384 2511 ideo
1418 2476 1514 2511 non
1539 2465 1863 2525 impuqnatur
1885 2478 1918 2512 a
1942 2465 2219 2514 doctoribus
2248 2465 2381 2527 quod

226 2547 461 2595 mandato
493 2547 804 2607 imperatoris
838 2552 888 2595 et
914 2552 1148 2608 precepto
1190 2546 1565 2610 Archiepiscopi
1600 2550 1880 2610 scripserit,
1924 2552 2052 2599 sicut
2090 2551 2239 2599 etiam
2284 2551 2382 2611 ipsi

226 2633 555 2693 scripserunt,
602 2631 710 2690 sed·
734 2632 867 2691 quod
909 2634 1054 2692 lonqe
1097 2634 1246 2681 latius
1292 2646 1440 2693 quam
1473 2633 1567 2682 sibi
1593 2635 1900 2683 commissum
1926 2634 2053 2695 fuit,
2097 2648 2189 2684 sua
2227 2640 2379 2683 teme-

228 2719 374 2764 ritate
413 2720 650 2776 evaqatus
697 2718 758 2764 sil
794 2723 840 2765 et
884 2731 945 2765 ea
995 2718 1253 2778 scripserit
1297 2719 1348 2766 in
1378 2718 1609 2777 favorem
1646 2718 1919 2780 Iudeorum
1967 2733 2061 2780 que
2105 2720 2199 2769 sibi
2240 2732 2376 2769 com-

229 2803 377 2849 missa
415 2813 511 2848 non
543 2799 756 2859 fuerunt
793 2808 858 2850 ‚et
877 2815 920 2850 c.
948 2797 969 2868 ΙΙ
2392 2821 2436 2857 30

170 2901 211 2941 (23
375 2885 415 2933 (Ι
450 2884 626 2946 Sexto,
673 2893 724 2934 ut
762 2891 814 2935 at
848 2888 953 2935 alia
982 2900 1324 2948 properemus.
1401 2887 1584 2945 Scribit
1616 2903 1668 2937 se
1703 2890 1865 2947 celere
1897 2890 2019 2950 quid
2047 2891 2109 2939 de
2143 2903 2380 2939 creman-

232 2972 309 3019 dis
337 2970 604 3030 Iudeorum
638 2970 775 3019 libris
803 2972 1032 3020 sensisset
1057 2976 1243 3020 secreto
1270 2972 1569 3033 patefecisse
1607 2976 1669 3022 ‚et
1684 2987 1728 3021 c.
1805 2973 1913 3022 Non
1951 2973 2155 3023 debebat
2180 2976 2381 3034 inquam

233 3061 330 3102 tam
355 3056 512 3103 celere
537 3056 805 3116 scripsisse,
840 3060 894 3104 ut
920 3057 1020 3103 iam
1054 3057 1285 3104 mandati
1318 3058 1592 3118 imperialis
1628 3058 1800 3107 oblitus
1837 3060 1889 3107 in
1917 3060 2235 3121 precipitium
2259 3072 2382 3107 rue-

234 3144 321 3187 ret.
406 3139 540 3200 Quid
576 3140 655 3197 (ut
709 3140 771 3187 ab
828 3142 941 3188 aliis
994 3145 1110 3189 ante
1162 3145 1385 3202 tempora
1440 3142 1634 3205 audivi)
1691 3143 1941 3204 Auqustus
1987 3144 2154 3193 dicere
2199 3143 2385 3193 solebat

236 3223 435 3271 Festina
470 3224 629 3272 tarde.
706 3224 847 3281 Quod
882 3226 1033 3285 iqitur
1068 3226 1163 3273 cito
1197 3230 1246 3274 et
1271 3228 1402 3275 male
1433 3226 1629 3286 factum
1658 3233 1751 3287 est,
1802 3229 2096 3290 quandoque
2127 3233 2182 3278 ut
2205 3232 2436 3290 pereatss

234 3312 305 3356 est
340 3320 550 3355 necesse.
624 3309 815 3358 Deinde
859 3310 910 3358 in
943 3310 1187 3371 predictis
1226 3311 1385 3359 verbis
1419 3313 1562 3361 aliud
1605 3314 1918 3363 mendacium
1964 3314 2202 3369 incurrit,
2253 3313 2386 3373 quod

237 3394 296 3440 de
333 3391 612 3440 cremandis
645 3392 912 3452 Iudeorum
950 3394 1089 3442 libris
1126 3398 1527 3446 consultationem
1562 3398 1842 3448 habendam
1878 3401 2110 3458 insinuat,
2151 3411 2263 3447 cum
2293 3398 2384 3446 hoc

234 3476 570 3525 serenissimus
607 3481 769 3525 noster
799 3479 1067 3539 imperator
1102 3482 1230 3529 nulli
1261 3495 1480 3543 unquam
1517 3485 1825 3533 commiserit.
1902 3483 2042 3542 Quod
2073 3484 2161 3544 qui
2177 3482 2384 3531 credere

237 3562 469 3616 noluerit,
514 3559 850 3621 Imperatoria
887 3564 1127 3612 mandata
1160 3567 1319 3625 leqat:
1363 3565 1516 3615 Aliud
1561 3577 1633 3617 est
1663 3570 1793 3618 enim
1821 3570 2140 3630 perlustrare
2173 3572 2221 3616 et
2255 3580 2384 3628 sup—

237 3648 452 3707 primere
486 3646 694 3693 sonticos
727 3646 876 3694 libros
922 3661 1069 3707 quam
1115 3651 1416 3699 comburere.
1503 3653 1837 3701 Vehementius
1881 3666 2001 3714 erqo
2047 3653 2272 3702 mentitus
2312 3654 2384 3700 est
2397 3662 2445 3700 ω·

350 3827 386 3854 ¹⁰
415 3826 561 3880 scripa
592 3829 630 3866 1.
