2456 4264
238 267 259 323 1
278 266 354 323 80
503 288 761 318 REVCHLINI
784 287 926 316 PRAEF.
949 283 1177 314 ATRANAS.
1199 284 1260 311 AD
1283 281 1638 316 Qvnswnunmm.
1661 282 1705 311 D.
1731 277 1782 310 1².
1805 281 1912 311 Avo.
1932 281 1976 309 A.
2002 276 2101 310 1515·

233 419 313 460 sed
343 430 435 458 non
468 416 521 457 eo
552 398 860 469 potissimum,
904 412 1021 465 quod
1058 409 1317 464 singulares
1354 408 1468 449 mihi
1510 400 1691 461 gratias
1729 409 1953 461 debeant,
1995 410 2037 450 si
2073 408 2130 448 de
2166 407 2382 448 thesauro

236 501 338 529 meo
376 487 606 540 proferam
645 484 713 524 eis
749 483 825 524 vel
860 495 983 522 nova
1008 480 1094 522 'vel
1135 483 1310 522 vetera.
1501 476 1522 533 ss
1780 475 1802 533 ss
2063 475 2084 533 ΙΙ
2360 474 2381 530 Η

398 567 611 607 magnam
642 565 759 592 nuuc
789 555 968 604 partem
1000 561 1273 590 arcanarum
1302 561 1451 590 rerum
1481 548 1698 590 studiosis
1728 548 1974 590 edidissem
2003 549 2185 601 utique,
2219 547 2260 588 si
2289 559 2382 587 non

233 624 518 677 quatriennis
560 623 654 663 ista
693 635 764 663 me
804 621 1020 662 continuo
1059 623 1290 661 remorata
1329 620 1497 660 fuisset
1526 619 1896 660 adversariorum
1923 630 2126 659 meorum
2158 617 2384 658 acerrima

231 694 544 748 persequutio,
593 705 727 745 quam
763 696 833 732 tot
871 703 1015 731 annos
1054 691 1328 730 innocenter
1363 702 1528 743 passus
1565 701 1684 739 sum,
1722 691 1922 742 propter
1957 689 2127 741 ingensx
2161 685 2384 741 augendae

231 765 337 805 fidei
366 764 629 805 orthodoxae
661 762 948 814 desyderium
979 773 1142 812 meum,
1176 763 1224 799 et
1256 759 1470 800 ecclesiae
1502 758 2052 812 cathdlicoe‘ampliandae
2083 758 2283 799 studium
2312 769 2383 796 ar-

231 835 560 884 dentissimum,
595 831 872 874 consulendo
905 831 1022 885 quod
1051 831 1087 870 ii
1118 831 1196 883 qui
1226 830 1338 870 foris
1370 833 1418 870 et
1447 832 1580 870 extra
1609 827 1745 869 fidem
1774 833 1976 869 nostram
1996 831 2103 869 sunt
2122 827 2219 868 sive
2241 825 2387 867 Iudaei

231 918 313 946 seu
343 905 483 956 graeci
515 908 594 944 aut
622 903 848 957 Agareni‚
888 900 1026 941 nullis
1065 900 1267 940 debeant
1298 899 1479 939 iniuriis
1511 899 1570 939 ad
1597 910 1681 939 nos
1709 897 1846 941 trahi.
1902 898 2004 939 Non
2034 899 2158 938 enim
2188 909 2383 937 commo-

230 974 333 1013 dum
366 972 576 1015 ecclesiae
606 973 769 1026 putavi
797 973 895 1013 fore
926 984 1008 1024 per
1037 970 1327 1022 tyrannidem
1357 969 1462 1010 illos
1493 982 1549 1010 ac
1582 968 1818 1010 saeviciam
1850 968 1909 1009 ad
1938 981 2121 1009 sacrum
2150 967 2385 1020 baptisma

226 1043 349 1096 cogi.
410 1043 531 1094 Quin
562 1044 709 1096 potius
742 1042 857 1096 quod
889 1042 981 1082 sint
1010 1042 1138 1081 iuxta
1168 1044 1346 1080 sanctae
1367 1040 1526 1080 matris
1547 1037 1758 1080 ecclesiae
1780 1038 2028 1089 decretum,
2060 1036 2387 1079 blandimentis
2425 1050 2427 1053 ’

230 1126 320 1154 non
353 1114 708 1166 asperitatibus,
751 1112 974 1159 suadendi
1010 1124 1100 1152 non
1140 1109 1431 1163 impellendi,
1473 1115 1525 1150 ut
1559 1110 1742 1162 integra
1772 1113 1962 1149 maneat
1992 1109 2139 1150 forma
2169 1107 2385 1159 iusticiae,

231 1185 368 1224 immo
389 1184 637 1237 prudenter
659 1196 714 1223 ex
744 1183 922 1223 illorum
953 1182 1154 1235 ipsorum
1185 1180 1420 1221 codicibus
1452 1180 1772 1220 convincendi.
1834 1179 1958 1230 Quos
1989 1179 2171 1233 quidem
2202 1178 2388 1219 codices

235 1258 282 1292 et
311 1253 452 1293 libros
484 1266 573 1294 non
604 1253 816 1294 consensi
847 1266 928 1305 per
958 1265 1040 1292 nos
1072 1253 1179 1303 igne
1213 1250 1542 1291 comburendos
1582 1262 1708 1301 esse,
1748 1250 1841 1290 nisi
1881 1262 1994 1303 quos
2031 1249 2162 1304 leges
2200 1252 2248 1290 et
2283 1248 2387 1288 iura

235 1323 441 1364 comburi
471 1324 747 1365 sanxissent.
808 1323 939 1373 Quod
972 1335 1073 1363 cum
1102 1322 1243 1363 latius
1273 1322 1322 1361 in
1343 1320 1534 1361 Oculari
1565 1319 1762 1374 Speculo
1795 1320 1852 1361 ad
1872 1320 2059 1362 honoris
2077 1320 2170 1360 mei
2190 1319 2387 1359 salutem

231 1398 282 1434 et
311 1395 575 1435 necessario
616 1394 673 1434 ad
711 1394 999 1446 impugnatae,
1031 1391 1170 1432 famae
1212 1391 1524 1432 defensionem
1564 1391 1710 1442 edito,
1753 1393 2207 1442 commonstrassem,
2246 1388 2387 1442 coepit

233 1464 431 1517 impetus
462 1468 510 1505 et
537 1463 757 1504 tumultus
786 1464 1048 1515 insurrgere
1081 1465 1242 1502 contra
1272 1474 1367 1513 me,
1406 1473 1539 1514 quem
1579 1474 1680 1502 cum
1718 1460 1795 1502 dei
1831 1460 1968 1502 laude
2002 1460 2253 1515 apostolica
2282 1471 2387 1500 sen-

232 1533 382 1575 tentia
410 1535 509 1575 iure
541 1535 712 1588 optimo
742 1534 945 1581 sedavit,
985 1531 1276 1585 promulgata
1305 1531 1375 1572 his
1406 1531 1582 1572 verbisz
1607 1531 1858 1584 -‘Georgius
1896 1531 1972 1572 dei
2011 1527 2385 1586 etssapostolicae

234 1603 383 1645 ‘sedis
421 1606 576 1658 gratia
618 1605 793 1645 electus
826 1607 872 1644 et
903 1602 1195 1644 confirmatus
1236 1601 1448 1643 ecclesiae
1480 1601 1734 1655 Spirensis,
1775 1600 1939 1643 Comes
1968 1601 2208 1642 Palatinus
2238 1599 2388 1640 Rheni

167 1686 171 1689 ·
234 1673 307 1714 ‘et
336 1674 550 1716 Bavariae
581 1675 694 1726 duit,
731 1674 877 1715 Iudex
915 1677 961 1713 et
992 1672 1343 1714 Commissarius
1376 1684 1620 1712 causarum
1651 1675 1700 1713 et
1730 1684 1886 1714 causae
1917 1684 1974 1712 ac
2004 1671 2214 1725 partibus
2243 1670 2388 1710 infra·

235 1742 445 1797 ‘scriptis
483 1758 576 1786 una
616 1758 717 1786 cum
759 1747 884 1785 certo
923 1744 1017 1784 alio
1054 1745 1208 1783 nostro
1246 1742 1296 1782 in
1333 1741 1423 1782 hac
1461 1746 1592 1795 parte
1633 1741 1816 1796 collega
1856 1755 1958 1783 cum
1990 1741 2198 1783 clausula
2227 1744 2279 1781 ut
2306 1752 2388 1782 vos

236 1813 334 1855 ‘vel
367 1814 486 1855 alter
516 1818 717 1855 vestrum
746 1815 928 1855 vocatis
957 1813 1200 1862 vocandis,
1243 1825 1271 1851 a
1309 1815 1476 1852 sancta
1513 1812 1623 1853 sede
1663 1811 1920 1866 apostolica
1951 1811 2222 1866 specialiter
2249 1811 2386 1865 depu-

233 1881 397 1924 ‘tatus.
441 1883 634 1925 vChristi
662 1884 842 1924 nomine
873 1885 1093 1925 invocata
1121 1905 1178 1910 -——
1208 1881 1416 1936 [sequitur
1444 1884 1675 1930 sententia,
1713 1889 1759 1923 ut
1788 1884 1942 1936 Ieyitur
1971 1884 2015 1924 in
2043 1883 2150 1924 libro
2180 1884 2388 1935 inscripto

233 1952 347 2005 &tta
376 1951 639 2002 Subitiuzum
678 1954 791 1996 inm
820 1955 874 1994 F.
904 1953 1122 1995 Iacobum
1162 1953 1478 1994 Hochstraten
1586 1951 1624 1993 ἃ
1651 1952 1904 1994 Iohannem
1941 1952 2169 1994 Reuchlin
2197 1982 2242 1996 ...
2275 1954 2390 1994 edito

229 2022 473 2076 -Hagenoae
582 2024 713 2064 Anno
742 2024 1013 2066 M.D.xv111.
1045 2023 1200 2063 Mense
1230 2023 1508 2066 Februario.
1536 2023 1598 2063 4⁰.
1618 2035 1749 2076 pam).
1771 2023 1865 2064 Fiii
1883 2016 1949 2078 sq.
1979 2029 2021 2064 et
2051 2037 2110 2064 ex
2148 2023 2228 2065 hoc
2266 2035 2391 2076 repe-

230 2095 313 2133 tita
342 2106 411 2146 ap.
434 2094 606 2135 Maium
637 2095 685 2135 in
712 2097 796 2136 vit.
818 2094 1010 2136 Reuchl.
1032 2107 1077 2147 p.
1100 2092 1334 2134 412...414.
1356 2099 1397 2134 et
1418 2107 1489 2146 ap.
1512 2106 1555 2134 V.
1578 2093 1620 2135 d.
1642 2090 1792 2135 Hardt
1812 2094 1931 2137 Hist.
1954 2093 2024 2135 lit.
2046 2093 2250 2134 Reform.
2270 2096 2390 2146 part.
2429 2091 2450 2118 ·’

232 2162 291 2203 ΙΙ.
312 2178 355 2217 p.
382 2161 536 2219 114.][1
578 2187 640 2194 —
669 2165 718 2205 in
747 2168 978 2219 posterum
1008 2164 1329 2206 reservamus'.
1385 2164 1508 2205 Lata
1539 2168 1616 2206 est·
1638 2163 1739 2206 haec
1769 2164 2004 2205 sententia
2031 2164 2122 2205 Die
2144 2163 2389 2215 Mercurii,
2451 2189 2456 2196 ·

229 2251 362 2282 xxix.
382 2236 557 2279 Mensis
580 2236 740 2276 Martii
757 2235 890 2277 Anno
910 2235 1099 2276 Domini
1128 2234 1423 2275 .M.D.XIIII.
1475 2234 1623 2285 Quam
1646 2247 1748 2276 cum
1767 2234 1991 2276 hactenus
2013 2234 2270 2276 adversarii
2289 2246 2391 2287 pro·

231 2313 335 2362 pter
365 2305 627 2350 evidentem
657 2307 891 2351 iusticiam
921 2319 1013 2347 non
1043 2317 1228 2346 munere
1259 2317 1351 2345 non
1378 2317 1568 2346 numero
1599 2305 1826 2347 sociorum
1861 2305 2141 2358 infringere,
2182 2303 2390 2347 demoliri

236 2382 315 2420 aut
346 2378 613 2419 subvertere
642 2375 909 2428 valuerunt,
942 2376 1063 2430 coepi
1093 2375 1243 2416 redire
1278 2388 1379 2416 cum
1410 2375 1561 2416 literis
1591 2375 1639 2415 in
1670 2376 1892 2429 gratiam,
1926 2380 1972 2416 et
2004 2378 2237 2428 assumpto
2267 2373 2390 2428 psal·
2416 2372 2419 2374 ’

235 2449 353 2489 terio
382 2440 573 2499 hymnos
605 2446 847 2497 modulari,
889 2450 939 2487 ut
970 2447 1167 2487 Sanctus
1207 2447 1294 2486 iste
1325 2445 1607 2487 Athanasius
1638 2450 1797 2487 noster
1826 2447 1874 2486 in
1903 2445 1990 2486 hoc
2021 2446 2139 2486 libro
2168 2445 2392 2498 praecepit

237 2517 415 2571 quando
447 2518 513 2557 sic
546 2517 615 2556 ait
646 2516 710 2557 ‘Si
741 2516 1016 2570 exprobrent
1046 2516 1222 2556 inimici
1253 2517 1331 2569 qui
1360 2515 1586 2556 tribulant
1616 2520 1662 2556 te
1696 2521 1742 2556 et
1763 2518 1897 2570 nugis
1919 2516 2165 2557 detrahant
2188 2516 2262 2568 qui
2283 2515 2390 2556 olim

236 2587 439 2641 reputati
467 2590 573 2627 sunt
603 2599 704 2628 esse
738 2587 898 2640 amici,
941 2591 987 2627 et
1023 2591 1074 2628 tu
1104 2582 1304 2627 tristicia
1334 2585 1562 2627 movearis
1603 2586 1938 2640 aliquantulum
1976 2587 2024 2627 in
2056 2587 2388 2627 exercitatione

235 2663 334 2710 tua,
365 2661 497 2711 potes
529 2656 892 2698 consolationem
921 2658 1144 2711 recipere,
1175 2656 1407 2697 laudando
1439 2656 1572 2697 deum
1603 2661 1650 2698 et
1679 2657 1890 2711 dicendo>
1901 2657 2126 2711 psalmum
2156 2657 2203 2696 in
2233 2656 2389 2697 ordine

237 2728 387 2769 L1111.
537 2724 557 2782 Η
725 2726 953 2768 Constitui
990 2740 1173 2781 nanque
1211 2740 1411 2780 mecum,
1452 2740 1587 2781 posse
1619 2727 1885 2781 angelorum
1917 2728 2145 2768 adiutorio
2185 2726 2303 2775 fieri,
2341 2728 2391 2766 ut

241 2798 420 2851 quando
450 2797 603 2838 Italiae
634 2794 884 2839 Platonica
911 2797 1148 2840 Marsilius
1176 2798 1369 2839 Ficinus
1400 2798 1575 2850 attulit,
1607 2802 1659 2838 et*
1682 2797 1884 2839 Iacobus
1914 2798 2071 2839 Faber
2102 2795 2391 2851 Stapulensis
2429 2814 2434 2835 ,·

234 2867 533 2909 Aristotelica
564 2867 727 2909 Galliae
759 2869 1064 2920 restauravit,
1107 2881 1193 2922 ego
1225 2880 1401 2921 quoque
1434 2867 1643 2921 Capnion
1679 2868 1984 2922 pythagorica
2015 2868 2389 2921 contemplantis·

237 2939 366 2979 simis
404 2938 661 2980 hominibus
699 2939 901 2979 iucunda
942 2939 1203 2980 Germaniae
1243 2939 1416 2980 donare
1456 2948 1642 2991 queam,
1684 2939 1816 2980 modo
1855 2939 2078 2983 recedant
2113 2937 2307 2979 Diaboli
2342 2936 2389 2977 id

239 3011 309 3048 est
339 3009 646 3060 detractores,
681 3013 728 3049 et
757 3009 932 3051 vadant
960 3012 1082 3049 retro
1113 3008 1300 3050 Satanae
1338 3008 1387 3049 id
1427 3013 1498 3049 est
1534 3009 1847 3063 impeditores.
1907 3008 2136 3062 Scriptum
2168 3012 2239 3049 est
2270 3009 2389 3052 enim

240 3077 383 3118 ‘Tunc
422 3078 609 3131 reliquit
647 3092 750 3120 eum
779 3079 1029 3131 Diabolus,
1081 3083 1128 3121 et
1165 3092 1276 3120 ecce
1317 3078 1473 3132 angeli
1513 3083 1812 3120 accesserunt
1862 3083 1909 3120 et
1954 3079 2280 3121 ministrabant
2317 3078 2388 3119 ei'.

236 3147 354 3205 Vale
387 3148 626 3202 foeliciter,
659 3149 938 3203 Stutgardiae
968 3149 1092 3190 Prid.
1115 3149 1181 3190 Id.
1205 3148 1419 3190 Sextiles.
1450 3148 1584 3190 Anno
1615 3149 1856 3193 .M.D.XV.
