2456 4264
216 271 336 329 158
512 291 605 319 10A.
630 286 944 319 PEPERICORNI
967 281 1196 313 DEFENSIO
1220 279 1401 311 CONTRA
1423 275 1630 306 FAMOSAS
1653 277 1694 305 Ο.
1717 277 1762 305 V.
1783 274 2054 304 EPISTOLAS.

211 426 528 474 tumeliarum
567 418 876 480 opprobriis,
919 427 1098 462 novum
1135 412 1279 459 edidi
1311 410 1555 467 libellum,
1607 407 1692 454 cui
1725 406 1896 453 titulus
1937 405 2217 466 ‘Campana
2254 409 2355 451 tor-

210 501 471 564 mentalis',
523 503 802 551 theutonice
854 499 952 547 ‘die
999 502 1153 545 3202222
1199 491 1374 553 cloch’,
1426 495 1478 542 in
1524 489 1641 552 qua
1676 494 1852 550 aperte
1887 495 1935 537 et
1971 489 2155 549 absque
2191 489 2355 536 convi-

210 594 300 640 ciis
335 586 607 646 manifesta
644 585 853 632 veritate
888 581 1220 630 convincitur.
1296 579 1406 626 Hoc
1443 580 1607 623 autem
1645 587 1795 635 quam
1830 578 2001 623 sancte
2035 578 2084 620 et
2119 574 2357 646 decenter

210 679 257 722 et
295 675 356 721 de
394 674 503 720 iure
539 671 689 717 etiam
727 666 959 714 naturali
995 665 1120 723 (qua
1147 663 1242 710 vim
1269 664 1319 710 vi
1341 662 1585 722 repellere
1608 660 1747 718 licet)
1769 656 1951 716 facere
1965 659 2221 718 potuerim
2247 654 2363 717 quis

209 771 308 806 non
346 756 512 804 videt?
552 753 739 801 Citatus
776 755 939 797 tamen
976 748 1039 795 ab
1064 746 1324 807 ‚equissimo
1349 750 1398 792 et
1421 742 1918 803 circumspectissimo
1944 742 2100 800 (velut
2126 742 2353 803 Capnion
2371 754 2391 785 5

209 844 316 903 ipse
351 839 606 887 malevolis
640 837 742 884 suis
768 833 1099 881 delationibus
1123 831 1454 888 subornarat)
1496 828 1704 885 Cesaree
1731 827 2009 874 Maiestatis
2031 827 2210 886 fiscali,
2251 827 2356 874 solo

210 925 485 981 innocentie
523 935 585 969 ac
613 919 858 981 puritatis
894 918 1056 978 clipeo
1093 928 1168 962 me
1215 915 1320 974 ipse
1367 911 1592 970 defendi.
1658 910 1764 959 Nec
1800 912 1998 959 mirum.
2063 909 2193 958 Sunt
2228 912 2355 958 enim

210 1021 408 1066 camere
443 1006 720 1067 imperialis
756 1003 945 1051 iudices
982 1013 1044 1048 ac
1080 999 1236 1047 ceteri
1269 997 1472 1045 tandem
1511 1009 1782 1044 assessores
1818 997 1889 1044 ita
1925 996 2057 1054 iusti,
2099 996 2170 1042 ita
2207 997 2356 1043 etiam

210 1099 258 1142 et
292 1093 542 1154 sapientes
578 1095 625 1137 et
661 1089 777 1135 boni
799 1087 1022 1145 Itemque
1054 1084 1246 1141 fiscalis
1282 1083 1390 1142 ipse
1427 1087 1528 1129 tam
1566 1082 1617 1129 in
1644 1081 1840 1129 cunctis
1863 1075 2020 1127 solers
2045 1091 2108 1127 ac
2128 1080 2261 1140 pius,
2302 1085 2359 1128 ut
2452 1139 2456 1152 ἶ

200 1187 542 1238 personarum
581 1175 870 1232 acceptores
906 1181 1008 1216 esse
1045 1181 1142 1215 non
1177 1167 1372 1227 possint
1407 1178 1565 1226 neque
1600 1165 1751 1212 etiam
1788 1164 1954 1212 velint.
2033 1162 2356 1225 Quapropter
2374 1162 2456 1241 ¹⁰1}

210 1274 301 1321 690
338 1260 535 1307 eosdem
571 1256 826 1304 humiliter
863 1255 1114 1313 deprecor
1150 1252 1201 1298 in
1230 1251 1427 1298 Christo
1452 1249 1583 1308 Iesu,
1628 1253 1683 1297 ut
1718 1249 1842 1296 mihi
1874 1248 2082 1306 infinitis
2118 1249 2355 1309 quodam·

209 1345 355 1392 modo
402 1341 689 1394 vulneribus
739 1339 945 1397 2222229226
982 1334 1216 1394 confosso
1253 1339 1300 1382 et
1338 1334 1396 1382 ob
1434 1335 1640 1392 ecclesie
1675 1333 1916 1381 honorem
1951 1333 2183 1392 9222222262
2219 1333 2356 1380 labo-

208 1429 351 1476 ranti
373 1428 464 1488 pie
499 1425 896 1485 compatiantur,
949 1433 1011 1467 ac
1057 1405 1314 1467 veritatem
1359 1419 1520 1479 ipsam
1555 1431 1660 1478 pro
1705 1430 1782 1465 me
1818 1421 2000 1466 contra
2037 1422 2231 1464 nostros
2267 1417 2356 1464 ad-

210 1512 458 1559 versarios
495 1509 721 1557 districto
758 1505 948 1562 iusticie
981 1504 1159 1564 92222220
1197 1500 1462 1560 defensent
1496 1508 1543 1549 et
1569 1503 1755 1563 previa
1779 1515 1976 1563 semper
2001 1502 2216 1549 aliorum
2231 1514 2356 1562 pro·

209 1597 470 1643 vocatione
506 1591 830 1654 respondenti
865 1602 927 1636 ac
964 1592 1145 1634 temere
1180 1587 1309 1634 nihil
1344 1588 1517 1646 22962222
1542 1600 1758 1647 prorsus
1802 1587 2079 1646 292203622222.
2157 1583 2199 1630 (Ι
2235 1585 2400 1644 Fre-15
2427 1548 2456 1659 *ζ’-ζ

209 1684 348 1726 262622
384 1679 478 1725 hoc
514 1678 675 1737 ipsum
714 1674 951 1722 adiiciam
990 1671 1065 1718 Eo
1102 1675 1322 1731 tempore
1358 1684 1455 1731 9220
1487 1684 1642 1731 super
1674 1675 1946 1718 memorato
1981 1669 2148 1718 libello
2181 1670 2359 1718 iniuste

210 1767 475 1810 accusatus
521 1773 700 1819 essem,
741 1754 1014 1818 profectus
1059 1768 1165 1802 sum
1213 1756 1449 1802 continuo
1488 1755 1631 1814 (quia
1668 1755 1742 1802 nil
1776 1754 2006 1803 conscire
2042 1754 2162 1814 sibi,
2215 1754 2357 1802 nulla

199 1847 483 1906 pallescere
518 1845 696 1904 culpa)
736 1843 808 1889 ad
840 1841 1204 1888 serenissimum
1242 1843 1462 1887 nostrum
1500 1840 1852 1899 imperatorem
1889 1851 2001 1887 cum
2019 1831 2217 1886 ⁴litteris
2232 1852 2355 1900 pro-

98 1928 604 1986 gniijbmotorialibus
641 1927 835 1983 ducisse
873 1925 934 1972 de
972 1923 1255 1984 Monychen
1292 1935 1466 1970 sorore
1502 1923 1657 1984 ipsius
1692 1923 1997 1972 nobilissima
2033 1927 2082 1971 et
2118 1916 2352 1987 oplltima.
2433 1977 2446 1991 Α,

206 2015 352 2063 Inter
393 2012 703 2073 perpendam
753 2014 918 2057 autem
965 2007 1150 2067 scripsi
1195 2006 1415 2066 Α2292ι326
1470 2020 1598 2056 unas
1643 2008 1840 2056 litteras
1886 2020 2013 2068 quas
2059 2008 2355 2056 adversario
2371 2022 2416 2058 20
2424 2008 2456 2079 ,ξ-

205 2112 311 2147 meo
350 2101 440 2145 aut
470 2096 642 2157 potius
679 2095 729 2141 in
769 2093 968 2141 Christo
997 2089 1168 2149 fratri
1202 2091 1500 2140 tabellarius
1524 2080 1819 2152 822229022226
1845 2097 2184 2154 presentaret,
2225 2097 2278 2140 ut
2314 2092 2361 2140 si
2434 2111 2456 2146 ρ,

207 2181 402 2242 aliquid
438 2180 564 2228 iuris
600 2183 778 2226 contra
814 2190 891 2225 me
926 2175 1160 2235 haberet,
1213 2180 1302 2223 aut
1346 2177 1393 2223 32
1426 2177 1715 2224 tormentati
1745 2189 1856 2224 mea
1893 2189 2147 2238 campana
2183 2177 2357 2224 aliisve
2416 2176 2438 2179 ”

206 2267 325 2315 222623
359 2265 563 2325 scriptis
600 2264 804 2322 2222229226
849 2262 977 2319 lesus
1023 2259 1307 2319 videretur,
1359 2273 1436 2308 me
1480 2260 1770 2321 neophitum
1815 2267 1864 2308 et
1901 2260 2090 2310 Christi
2130 2266 2355 2324 tyronem

205 2352 281 2399 vel
328 2339 501 2398 coram
541 2347 757 2406 Cesarea
795 2345 1065 2393 Maiestate
1108 2344 1187 2392 vel
1231 2345 1540 2393 consiliariis
1585 2346 1804 2394 eiusdem
1851 2346 2357 2407 circumspectissimis
2430 2411 2434 2415 .

207 2440 355 2494 atque
391 2433 587 2493 optimis
623 2431 837 2479 iuridice
872 2429 1175 2476 conveniret.
1263 2429 1445 2496 Verum
1484 2429 1742 2491 Capnione
1777 2435 1948 2478 nostro
1984 2431 2105 2480 illuc
2141 2444 2238 2480 non
2275 2435 2439 2482 226-2ιέζ

206 2520 384 2577 niente,
426 2529 518 2564 nec
554 2517 636 2564 via
674 2515 798 2563 iuris
834 2515 1100 2574 quicquam
1136 2525 1212 2560 me
1236 2518 1418 2561 60222222
1442 2518 1702 2574 statuente,
1731 2527 1971 2575 maynam
1997 2515 2216 2575 Α2ι922326
2240 2527 2353 2563 6022-
2402 2520 2409 2524 “

207 2602 457 2649 tumeliam
496 2614 527 2647 a
552 2600 724 2658 Iudeis
758 2610 864 2646 sum
893 2610 1190 2658 perpessus,
1242 2597 1316 2644 ita
1353 2598 1505 2646 etiam
1545 2598 1699 2659 (proh
1727 2600 1905 2659 pudor
1941 2599 2138 2662 nephas
2172 2604 2245 2647 est
2281 2598 2354 2647 di·

206 2687 344 2744 cere)
383 2689 439 2732 ut
474 2684 666 2731 inimici
698 2683 867 2730 crucis
905 2681 1116 2754 Christi,
1147 2681 1287 2729 nobis
1325 2682 1548 2731 omnibus
1584 2683 1877 2743 illudentes,
1918 2684 2076 2732 solum
2114 2683 2353 2732 Ioannem

207 2768 451 2816 Reuchlin
488 2769 621 2816 velut
655 2779 795 2815 suum
832 2770 1014 2814 contra
1051 2770 1274 2813 nostram
1311 2766 1606 2826 2622920226222
1634 2774 1913 2828 patronum
1951 2781 2014 2816 ac
2040 2767 2353 2826 defensorem
2431 2786 2434 2788 ’

207 2855 257 2900 222
294 2853 451 2911 celum
488 2852 737 2899 tollerent.
815 2834 858 2896 (I
893 2848 954 2898 Si
986 2862 1105 2898 vero
1144 2851 1330 2909 aliquis
1365 2851 1490 2899 mihi
1524 2851 1761 2899 obiecerit
1800 2851 1896 2901 ‘Tu
1932 2853 2133 2900 minime
2168 2853 2409 2912 2229220330
2446 2887 2450 2890 -

208 2941 259 2984 ut
297 2941 456 2983 tecum
494 2936 611 2983 talis
650 2948 711 2982 ac
749 2938 917 2982 tantus
953 2935 1034 2982 vir
1070 2934 1289 2982 iuridice
1326 2935 1594 2995 quicquam
1632 2941 1781 2996 229222,
1823 2950 1880 2985 60
1917 2937 2054 2998 quod
2089 2941 2137 2984 te
2172 2935 2352 2984 macel—
2377 2969 2386 2985 2

205 3021 389 3068 larium
426 3020 478 3066 in
514 3019 774 3067 Iudaismo
820 3023 868 3066 et
913 3018 972 3066 ob
1008 3019 1200 3067 crimen
1227 3020 1452 3078 pecunia
1488 3020 1798 3081 redemptum
1834 3021 2180 3079 Beuchliniste
2214 3032 2352 3068 suum

205 3107 550 3150 temeratorem
586 3105 846 3163 sequentes
882 3101 1217 3162 inyeminent',
1259 3103 1556 3163 Respondeo
1590 3117 1685 3164 per
1721 3106 1947 3153 tribunal
1969 3106 2243 3154 salvatoris
2267 3116 2377 3152 220-4

203 3188 300 3233 3222
326 3185 589 3245 futurum,
639 3187 731 3245 hec
777 3187 943 3234 omnia
980 3198 1013 3233 a
1040 3187 1259 3247 perfidis
1294 3187 1468 3245 Iudeis
1503 3186 1645 3246 false
1680 3191 1971 3250 excoqitata
2006 3194 2055 3237 et
2091 3189 2154 3237 ab
2191 3188 2354 3250 impiis

208 3269 503 3317 Christianis
540 3270 592 3317 in
631 3271 983 3319 contumeliam
1019 3273 1118 3319 mei
1150 3272 1363 3319 nominis
1401 3271 1480 3330 (ut
1514 3274 1670 3321 latius
1717 3272 1863 3332 infra
1899 3273 2229 3335 probabitur)
2276 3273 2349 3320 ni·
2363 3291 2417 3325 352

205 3353 297 3400 mis
331 3352 538 3412 2222229226
564 3355 909 3414 promulqata.
989 3354 1187 3403 Cessent
1234 3357 1391 3416 2922222
1438 3358 1567 3405 talia
1612 3358 1752 3406 nobis
1799 3359 2050 3406 obiectare
2098 3348 2191 3418 que
2227 3355 2354 3405 nihil

207 3436 277 3483 ad
311 3448 416 3484 rem
446 3434 670 3493 faciunt.
746 3437 876 3486 Nam
913 3443 1024 3487 uter
1060 3444 1284 3488 nostrum
1321 3442 1386 3488 sit
1421 3443 1623 3500 melior,
1663 3443 1760 3491 soli
1794 3444 1888 3492 deo
1923 3447 1998 3490 est
2032 3446 2225 3501 notum,
2266 3439 2354 3501 qui

205 3532 308 3567 non
345 3518 607 3567 verborum
634 3533 878 3581 pompam
925 3528 1015 3571 aut
1061 3526 1335 3572 oratoriam
1381 3513 1663 3586 luxuriem,
1713 3527 1804 3574 sed
1846 3527 2034 3574 nudam
2083 3527 2350 3574 dumtaaeat

204 3604 466 3658 veritatem
502 3604 740 3652 intuetur.
816 3604 927 3653 Hoc
963 3611 1129 3655 tamen
1167 3609 1327 3656 ausim
1366 3609 1428 3655 de
1463 3610 1653 3670 meipso
1697 3611 1830 3658 citra
1866 3611 2162 3659 iactantiam
2189 3607 2347 3670 profi-

203 3688 316 3747 teri,
355 3699 487 3736 meos
521 3685 677 3736 libros
713 3700 745 3733 a
782 3689 921 3735 nulla
958 3703 1176 3749 unquam
1214 3692 1539 3739 universitate
1555 3690 1718 3748 fuisse
1743 3695 2023 3755 damnatos,
2065 3691 2350 3742 adversarii
2360 3710 2404 3745 40

320 3811 353 3838 ¹⁷
383 3812 446 3851 nil
478 3811 537 3866 c.]
571 3813 733 3866 Horat.
758 3826 829 3866 ep.
852 3813 888 3855 Ι.
911 3812 1009 3864 1,61.
1089 3811 1123 3838 ¹⁹
1154 3826 1306 3854 sorore
1338 3821 1380 3854 et
1399 3828 1435 3853 6.
1457 3816 1519 3854 326
1540 3818 1578 3858 1.
1599 3829 1681 3856 non
1707 3819 1901 3869 yenetivi.
1998 3816 2032 3843 ³¹
2062 3818 2163 3859 Non
2192 3817 2240 3856 in
2259 3815 2346 3855 hac

203 3882 512 3933 Defensione‚
545 3883 627 3924 sed
658 3883 705 3923 in
735 3883 914 3936 Streydt
938 3883 1149 3936 pueehlyn
1178 3882 1318 3924 latius
1348 3884 1447 3925 haee
1478 3885 1672 3938 probare
1703 3887 1875 3928 studuit
1904 3886 2261 3928 Pfefferkornus.
