2456 4264
258 296 378 355 484
932 315 1260 346 nocns‘rRA'rvs
1284 315 1429 344 OVANS
1452 316 1698 345 DIALOGVS.

255 455 392 504 adsit,
431 465 532 497 nam
569 452 606 495 ei
646 448 995 495 accumbendum
1033 449 1130 493 sine
1166 447 1401 494 intervallo
1443 453 1611 492 tenerae
1636 447 1888 499 uxorculae,
1928 449 2088 494 ferenti
2115 448 2261 494 denuo
2292 456 2388 494 ute-

141 531 236 574 §.73.
254 538 353 571 rum
405 535 506 567 mox
554 519 843 580 parturitioni
893 524 1132 563 maturum.
1204 517 1460 565 Adhaerebit
1506 517 1760 563 individuus
1808 518 1975 565 sodalis
2011 519 2169 565 Eccius
2216 525 2386 570 noster,

132 1453 162 1493 §.
174 1454 228 1491 74.

149 1808 226 1842 .75.

129 1805 146 1845 ᾗ
222 1870 390 1909 μῑεΠΠΘΠ
428 1876 530 1909 eum
567 1876 638 1908 me
675 1868 836 1923 postea
872 1864 919 1907 in
956 1862 1252 1923 expugnando
1290 1862 1488 1908 Hutteno
1527 1860 1774 1922 profiteor,
1814 1868 1866 1908 ut
1901 1875 1994 1908 non
2029 1862 2093 1908 ita
2130 1861 2238 1907 mihi
2274 1861 2389 1907 mul-

127 2431 224 2471 §.76.
245 2430 253 2437 '

128 3070 158 3110 §.
170 3072 223 3106 77.

251 606 383 653 quem
431 591 607 652 quidam
642 589 888 649 Lipsiensis
936 589 1139 648 sophista
1181 589 1424 634 nominavit
1473 588 1529 633 ob
1578 588 1712 634 animi
1758 587 1899 634 robur
1934 589 2168 640 Keccium‚
2219 591 2297 649 qui
2335 589 2389 634 ab

248 662 359 708 urbe
406 674 612 707 reversus
649 660 784 705 modo
822 658 1056 704 inMisnia
1094 673 1202 704 suos
1244 659 1494 719 triumphos
1532 658 1789 710 ebuccinat,
1838 659 1983 705 cuius
2005 661 2250 711 modestia,
2298 660 2390 705 for-

250 733 422 778 tissime
444 731 556 782 Lee,
596 736 814 791 quantum
840 729 1055 776 momenti
1092 729 1296 775 attulerit
1334 729 1388 774 ad
1423 729 1749 789 prohibendam
1787 731 2190 776 veritatem-nemo
2228 730 2425 775 nescit.5

247 801 361 859 Quid
396 802 569 848 vultum
608 802 762 847 ducis?

384 884 525 920 anS.
600 871 729 928 Quod
764 872 1031 918 modestiam
1067 870 1187 917 Eccii
1224 870 1362 916 toties
1399 884 1582 932 crepas,
1623 871 1700 931 qui
1737 870 2033 921 confidentia,
2072 871 2283 923 audacia,
2324 878 2390 916 te-

246 945 451 990 meritate
486 944 625 989 Leum
663 949 708 988 et
744 943 1025 989 Erostratum
1063 944 1101 987 si
1138 956 1229 988 non
1265 949 1485 1002 superat,-
1522 948 1646 988 certe
1683 941 1878 987 feliciter
1915 948 2090 1002 aequat;
2139 941 2392 1002 ‘impuden-

245 1013 351 1060 tiam
387 1011 520 1061 Eccii'
558 1014 793 1060 dicendum
829 1021 960 1074 puto.

382 1097 772 1132 Hocfls'rRA'rvs.
844 1084 942 1130 Non
978 1098 1208 1145 repugno,
1248 1083 1326 1129 sed
1363 1083 1515 1129 eadem
1552 1089 1623 1129 est
1658 1083 1900 1135 modestia,
1940 1082 2199 1143 siquidem
2187 1097 2232 1127 1n
2258 1083 2388 1128 scho-
2410 1094 2447 1125 ιο

243 1156 299 1202 lis
338 1163 408 1202 est
444 1170 617 1202 summa
652 1155 874 1202 modestia
909 1154 1084 1200 nullum
1123 1161 1278 1201 tenere
1315 1154 1519 1206 modum,
1559 1169 1647 1215 qua
1683 1153 1790 1200 dote
1826 1153 2023 1199 abundet
2047 1153 2205 1199 Eccius
2232 1168 2390 1199 secun-

243 1227 347 1273 dum
374 1226 681 1278 Erostratum,
720 1227 856 1286 idque
894 1225 1111 1274 beneficio
1149 1226 1244 1271 deae
1270 1225 1563 1277 Pervicaciae,
1602 1239 1728 1286 quae,
1766 1224 1929 1271 relicto
1956 1224 2098 1270 fratre
2125 1238 2208 1270 suo
2234 1224 2389 1272 Marte,

243 1304 402 1343 nostro
441 1311 489 1342 se
525 1297 692 1357 agmini
729 1296 1033 1348 commiscuit,
1081 1298 1307 1357 praecipue
1344 1296 1452 1341 mihi
1491 1303 1536 1341 et
1571 1295 1907 1356 pugnacissimo
1944 1294 2101 1346 Eccio,
2149 1294 2279 1341 cuius
2315 1294 2391 1340 be-

242 1367 401 1414 neficio
439 1367 516 1413 ille
553 1369 692 1414 evasit
729 1368 1036 1428 disputatione
1072 1367 1349 1418 Pannonica,
1387 1366 1540 1413 Italica
1577 1373 1623 1411 et
1660 1365 2137 1427 Saxonica-superior.

382 1451 665 1486 LVPOLDvs.
739 1438 980 1499 Superior,
1018 1438 1109 1490 ais,
1151 1440 1228 1499 qui
1264 1438 1352 1483 fuit
1386 1436 1524 1483 ltaliae
1562 1436 1780 1489 ludibrio,
1818 1436 2107 1483 Pannonibus
2144 1436 2386 1488 fastiditus,
2409 1442 2448 1478 15

245 1525 269 1556 e
307 1509 451 1570 gradu
489 1509 705 1570 depulsus
744 1509 1024 1555 Saxonibus?

380 1592 771 1627 HOOHSTRATVS.
843 1579 1035 1625 Hebetes
1073 1579 1209 1625 habes
1245 1594 1400 1630 aures,
1449 1579 1526 1640 qui
1562 1593 1634 1624 me
1670 1578 1890 1624 nihildum
1937 1578 2177 1638 intelligis:
2225 1580 2391 1624 etenim

243 1664 396 1697 revera
446 1652 655 1711 superior
700 1650 786 1696 fuit
821 1650 978 1696 Eccius
1026 1651 1339 1701 contentione,
1387 1649 1606 1701 clamore,
1655 1650 1952 1710 impudentia;
2002 1649 2111 1695 adeo
2151 1649 2217 1694 illi
2255 1656 2390 1710 atque

242 1721 351 1766 mihi
397 1721 601 1768 vincendi
648 1735 774 1782 spem
820 1723 993 1767 exacuit
1027 1721 1278 1767 Pervicacia
1313 1728 1634 1782 nostra‚·qua
1677 1720 1873 1765 fervidus
1921 1719 2042 1766 aliud
2088 1726 2225 1780 atque
2272 1720 2391 1765 aliud

244 1798 471 1838 certamen
506 1791 722 1838 continuo
760 1792 978 1852 deposcit.
1031 1792 1088 1837 Et
1124 1793 1325 1852 quamvis
1362 1805 1458 1837 mea
1495 1790 1638 1852 gloria
1675 1792 1792 1837 victo
1816 1789 2188 1852 Capnionesatis
2213 1790 2387 1841 floreat,
2403 1797 2447 1830 2⁰

241 1940 336 1978 tum
375 1935 435 1979 sit
471 1947 524 1979 ex
560 1933 695 1979 huius
734 1934 934 1979 victoriae
971 1933 1102 1978 laude
1138 1933 1444 1993 repetendum.

378 2017 664 2052 LVPOLDvs.
738 2002 877 2058 Quid,
918 2004 1133 2055 obsecro,
1172 2004 1468 2050 commeruit?

379 2087 774 2123 Hocfls'rRA'rvs.
845 2075 902 2120 Ut
938 2074 984 2120 in
1022 2089 1126 2121 eum
1162 2075 1357 2137 pessima
1392 2074 1592 2135 exempla
1629 2074 1834 2120 edantur.

377 2159 661 2194 LvPonnvs.
735 2144 875 2200 Quam
912 2145 970 2191 ob
1007 2146 1133 2192 rem?
2401 2153 2444 2187 25

378 2230 768 2264 HooHs'rRA'rvs.
843 2214 1042 2271 Quaeris?
1080 2217 1129 2262 In
1166 2216 1426 2278 pontificem
1465 2223 1534 2268 et,
1575 2216 1694 2277 quod
1731 2215 2068 2277 magisvdoleo,
2109 2218 2155 2262 in
2181 2231 2252 2262 me
2278 2217 2388 2263 scri-

238 2288 331 2349 psit
368 2288 675 2339 odiosissime,
713 2288 826 2334 nihil
864 2288 1030 2334 veritus
1067 2290 1308 2349 utriusque
1346 2290 1626 2334 maiestatem
1663 2287 1818 2333 multis
1845 2286 1999 2334 ambos
2024 2286 2285 2333 criminibus
2311 2303 2388 2349 pa-

240 2359 331 2404 lam
369 2359 466 2404 orbi
503 2373 606 2405 reos
645 2360 755 2420 agit;
811 2358 1012 2404 defendit
1049 2359 1103 2405 ab
1141 2359 1394 2405 Hermanno
1434 2360 1598 2405 comite
1633 2358 1856 2404 Nuenario
1893 2358 2175 2405 Erostratum
2212 2358 2386 2405 iamiam

241 2431 560 2476 lmminentem.
634 2436 680 2475 et
726 2430 899 2491 pridem
945 2444 1128 2490 egresso
1165 2430 1409 2476 Lovanium
1455 2430 1602 2476 factus
1640 2429 1836 2481 obviam,
1885 2443 2003 2491 equo
2042 2429 2263 2480 insidens,
2313 2444 2386 2475 co-

238 2502 421 2546 mitatus
468 2500 646 2547 duobus
693 2502 913 2546 ministris
961 2501 1026 2547 sic
1071 2515 1142 2547 me
1186 2503 1371 2552 terruit,
1420 2507 1471 2546 ut
1516 2513 1675 2561 parum
1721 2500 1899 2547 abesset
1947 2500 2054 2561 quin
2100 2500 2381 2547 conciderem
2400 2506 2441 2541 30

238 2578 374 2617 metu.
451 2570 710 2617 ‘Erostrate’
749 2573 897 2632 inquit
935 2586 1013 2617 ore
1051 2579 1097 2618 et
1132 2573 1260 2618 vultu
1297 2573 1414 2619 truci
1453 2578 1499 2617 et
1535 2585 1644 2618 voce
1682 2585 1870 2632 aspera,
1910 2579 2044 2618 ‘nunc
2069 2585 2244 2632 poenam
2271 2571 2384 2620 lues,

237 2657 357 2688 nunc
393 2642 589 2703 periisti,
637 2642 899 2702 flagitiuml'
949 2643 1128 2689 admota
1165 2643 1342 2689 interim
1389 2656 1523 2689 manu
1560 2642 1707 2702 gladio
1746 2656 1836 2703 quo
1876 2643 2101 2688 accinctus
2140 2650 2256 2693 erat,
2305 2657 2384 2687 ceu

224 2713 413 2759 ,iamiam
459 2727 785 2774 percussurus,
833 2728 903 2759 me
949 2728 1053 2760 vero
1102 2715 1352 2760 exanimato
1401 2720 1445 2759 et
1490 2713 1643 2759 nescio
1691 2713 1798 2774 quid
1842 2719 2029 2774 parante
2075 2713 2303 2774 deprecari
2342 2720 2385 2757 et

220 2784 357 2830 ,forte
394 2783 546 2844 fugam
583 2785 850 2835 meditante,
899 2799 1046 2844 neque
1092 2785 1209 2830 enim
1246 2799 1372 2846 spem
1409 2784 1496 2831 vidi
1535 2785 1719 2836 salutis,
1769 2783 1920 2829 subdit
1957 2784 2120 2832 iterum
2160 2783 2382 2834 ‘Persiste,
2450 2784 2452 2788 ’

237 2854 446 2907 furcifer,
494 2869 586 2900 non
632 2855 812 2901 reddam
858 2870 944 2916 ego
994 2856 1115 2916 quod
1151 2857 1443 2902 commeritus
1489 2869 1561 2901 es:
1609 2868 1734 2900 meus
1780 2856 1921 2900 enim'
1947 2856 2068 2900 ensis
2114 2869 2205 2900 non
2253 2854 2441 2911 debet35

236 2925 377 2971 imbui
412 2932 503 2971 tam
540 2926 616 2971 vili
655 2927 896 2987 sanguine;
945 2927 1025 2972 sed
1071 2928 1189 2973 scias
1226 2926 1471 2973 multorum
1509 2926 1684 2987 gladios
1721 2927 1897 2971 iamiam
1934 2927 2133 2971 intentos
2170 2927 2215 2970 in
2253 2928 2384 2986 iugu-

238 2994 333 3041 lum
370 3002 513 3043 tuum.
551 2997 751 3057 periisti,
799 3004 970 3042 certum
1008 2997 1106 3043 est.'
1143 3004 1189 3043 et
1224 2999 1295 3043 his
1333 2998 1463 3043 dictis
1501 2997 1733 3048 discessit,
1780 3010 1851 3042 me
1886 2996 2029 3042 multa
2065 3004 2303 3042 excusante
2340 3003 2384 3041 et

243 3073 411 3112 orante.
483 3068 668 3129 lmplme
703 3068 870 3114 factum
908 3081 1008 3114 esse
1031 3075 1208 3114 tantum
1234 3068 1435 3114 facinus?
1473 3080 1778 3129 nequaquam:
1817 3067 1933 3113 malo
1959 3068 2050 3113 vita
2074 3081 2225 3114 carere
2251 3080 2383 3127 quam

237 3137 381 3181 vivere
416 3137 602 3185 inultus.
656 3138 766 3199 quin
813 3140 854 3184 ei
900 3153 1002 3185 mox
1047 3139 1190 3185 dicam
1237 3139 1426 3185 scribam
1473 3138 1676 3185 collectis
1715 3145 1894 3184 centum
1931 3137 2134 3184 articulis
2172 3151 2224 3183 ex
2261 3137 2382 3183 illius

237 3206 450 3266 dialogis,
489 3215 535 3254 et
570 3216 850 3255 recusantem
889 3224 938 3255 se
974 3196 1028 3255 a‘d
1065 3209 1182 3255 diem
1219 3211 1379 3256 sistere
1416 3209 1526 3255 diris
1563 3209 1810 3261 devovebo,
1848 3210 2091 3255 autoritate
2116 3207 2296 3260 Christi,
2336 3212 2440 3253 et4⁰

239 3277 491 3322 confodiam
528 3279 620 3325 telo
660 3282 1150 3327 excommunicationis.

375 3362 661 3397 LVPOLDVS.
733 3351 967 3403 Profecto,
1014 3358 1066 3397 ut
1110 3366 1230 3398 nunc
1276 3357 1381 3397 sunt
1427 3365 1596 3402 mores,
1644 3352 1744 3397 istis
1792 3350 1896 3397 telis
1942 3365 2036 3397 non
2071 3349 2379 3402 vulnerantur,

238 3418 316 3464 sed
353 3419 614 3471 irritantur,
653 3427 699 3466 et
734 3423 851 3467 vires
888 3422 1089 3482 triplices
1127 3425 1355 3484 recipiunt
1392 3423 1634 3469 adversarii
1671 3421 1726 3467 ab
1762 3421 1874 3483 ipsis
1899 3422 2056 3482 petiti,
2096 3421 2381 3482 quemadmo-
2454 3436 2456 3438 ·

237 3487 343 3534 dum
378 3489 611 3535 Diomedes
647 3498 753 3551 post
786 3492 976 3538 Pandari
1014 3494 1187 3554 spicula
1223 3494 1269 3539 in
1306 3507 1355 3539 se
1391 3499 1602 3540 contorta
1638 3492 1806 3554 triplici
1852 3492 2017 3539 robore
2063 3492 2255 3539 donatus
2294 3499 2378 3544 est,

349 3639 365 3667 ¹
403 3639 649 3696 uxorculae]
670 3642 857 3684 Ioannis
877 3644 1178 3697 Pfefferkorn,
1211 3645 1267 3686 de
1298 3658 1384 3699 quo
1415 3645 1642 3685 adulterio
1671 3657 1763 3685 non
1791 3657 1881 3685 uno
1909 3643 2012 3685 loco
2041 3645 2090 3684 in
2108 3643 2224 3697 Epp.
2247 3643 2300 3685 Ο.
2322 3643 2374 3686 V.

236 3711 254 3738 ³
284 3711 514 3766 Lipsenfis
547 3714 590 3755 3.
676 3710 913 3765 Keccium]
946 3712 1054 3757 Reti
1113 3713 1132 3739 4
1160 3714 1401 3768 modestia]
1433 3715 1504 3758 cf.
1537 3728 1675 3768 supra
1703 3716 1768 3765 ἐξ.
1791 3713 1860 3755 36.
1881 3712 1952 3758 67.
2011 3713 2028 3738 ⁵
2057 3716 2301 3755 monumeti
2333 3717 2375 3756 3·
2437 3759 2445 3770 1

237 3784 256 3810 ⁷
286 3779 436 3837 Quod]
471 3783 592 3834 Quid
620 3785 662 3823 2.
696 3780 768 3832 Qd
798 3785 835 3824 1.
951 3783 1140 3824 audatia
1169 3788 1209 3825 1.
1298 3785 1314 3811 ⁸
1346 3785 1564 3825 foeliciter
1595 3787 1639 3825 3.
1728 3783 1763 3810 ¹⁵
1791 3786 1996 3827 Pannon.
2017 3782 2114 3838 eta]
2145 3784 2376 3826 Vindobo-

237 3855 390 3906 nensi,
422 3854 723 3905 Bononiensi,
756 3853 1007 3906 Lipsiensi.
1041 3853 1112 3895 Cf.
1133 3854 1243 3895 Ecc.
1267 3854 1416 3895 dedol.
1531 3853 1568 3879 ²⁸
1596 3854 1828 3895 Hermano
1850 3858 1891 3896 2.
1932 3880 1934 3882 -
2007 3853 2041 3880 ³¹
2074 3856 2255 3908 aspersa
2279 3859 2316 3897 1.
2331 3859 2373 3899 3.

236 3923 274 3949 3⁷
304 3924 458 3977 peristi
481 3927 570 3967 1.2.
585 3927 625 3966 3.
710 3922 747 3949 ⁴4
777 3923 912 3966 Iliad.
935 3925 988 3966 V.
1014 3923 1107 3969 170.
1131 3937 1227 3977 sqq.
