2456 4264
119 306 178 336 nt·
200 301 512 334 cArl’rsmnvs
535 298 809 336 vavsnAu
830 299 1088 330 namucus
1110 299 1304 330 IOANMS
1327 300 1581 330 Bssvcnmn.
1614 300 1881 330 PROPHETIA
1903 301 2119 337 QVAEDAM.
2159 276 2178 335 1
2200 277 2271 335 71

115 433 490 497 conscripserit.
567 433 830 482 Mentiturv
849 432 902 481 in
928 432 1115 494 primis
1159 432 1629 482 christianissimum
1674 433 2031 496 imperatorem
2078 435 2280 483 deman-

117 521 287 581 dasse,
326 532 495 569 omnes
530 518 804 578 Iudeorum
839 518 998 567 libros
1029 522 1204 580 preter
1239 519 1442 568 bibliam
1479 532 1584 568 esse
1619 519 2033 570 concremandos,
2069 517 2091 587 ῙΙ
2132 521 2269 569 Men·
2287 518 2394 575 ‹mijb

115 608 240 657 titur
281 618 336 654 se
379 603 602 653 eiusdem
647 604 893 653 mandato
937 616 1081 653 suam
1121 609 1475 666 preposteram
1529 606 1792 667 scripsisse
1844 607 2277 656 consultationem.

36 728 39 729 ν
118 690 368 743 Mentitur
411 703 490 739 me
533 703 774 752 expresse
819 689 872 738 in
908 679 1139 738 manuali
1171 703 1279 739 meo
1315 691 1518 752 speculo
1554 691 1736 740 contra
1773 704 1917 740 suam
1953 694 2279 741 consultatio-

36 808 42 834 ,>
83 786 230 828 suem
284 775 561 837 scripsisse.
640 774 892 824 Mentitur
943 788 1086 824 suam
1142 789 1175 823 a
1208 777 1309 824 ‘me
1364 776 1779 824 consultationem
1839 789 1944 825 esse
1994 779 2275 839 proditam.

117 856 364 912 Mentitur
399 861 634 910 doctores
669 864 866 910 nostros
896 858 1218 920 frustillatim
1257 862 1374 910 dolo
1409 862 1544 909 malo
1580 861 1791 909 eundem
1827 861 2010 910 librum
2038 864 2278 911 universi-

36 986 41 998 .
114 937 300 996 tatibus
333 945 563 995 mississe.
641 945 888 995 Mentitur
931 959 986 995 se
1032 959 1133 995 non
1171 960 1277 995 esse
1313 944 1644 1007 informatum
1683 958 1716 993 a
1752 945 1998 1008 theoloqis
2033 947 2123 995 sed
2156 948 2279 995 scri-

36 1085 38 1091 ,
114 1031 274 1082 hendo
302 1036 620 1093 preventum.
698 1031 948 1080 Mentitur
983 1032 1215 1081 doctores
1249 1035 1416 1090 nostre
1453 1032 1796 1080 universitatis
1840 1032 1965 1080 mihi
1991 1030 2154 1091 fuisse
2192 1045 2279 1080 au-

12 1135 49 1202 ⁴!
112 1116 242 1168 :cilio
276 1116 331 1165 in
366 1116 510 1166 libris
544 1117 665 1165 meis
699 1117 1071 1178 componendis·
1149 1116 1395 1166 Mentitur
1430 1130 1508 1165 me
1544 1128 1647 1164 non
1673 1129 1777 1164 esse
1802 1117 1999 1166 doctum
2026 1119 2077 1166 in
2103 1118 2281 1177 linqua

21 1200 400 1276 “yi'dhebraica,⁴
436 1202 574 1264 quod
618 1202 937 1265 experientia
968 1201 1290 1263 probandum
1336 1203 1540 1251 cuilibet
1583 1203 1832 1263 relinquo.
1911 1202 2155 1251 Mentitur
2204 1216 2281 1251 me

113 1287 258 1352 apud
291 1287 560 1348 Cesaream
604 1289 913 1336 maiestatem
949 1287 1132 1346 Iudeis>
1154 1289 1440 1349 periculum
1477 1286 1680 1348 inferre
1716 1288 1928 1350 voluisse
1963 1289 2196 1350 corporis
2233 1292 2281 1336 et

35 1383 53 1428 ξ
114 1373 332 1423 omnium
376 1373 638 1422 bonorum.
718 1372 964 1421 Mentitur
1000 1373 1186 1433 Iudeos
1232 1387 1334 1423 non
1381 1387 1535 1422 orare
1580 1378 1764 1422 contra
1811 1387 1902 1422 nos
1949 1374 2000 1422 in
2050 1374 2281 1421 oratione

37 1519 39 1522 .
113 1456 676 1522 Fdamschummodym.
754 1458 1003 1508 Mentitur
1038 1459 1224 1519 Iudeos
1250 1461 1550 1521 paratiores
1587 1473 1690 1508 esse
1726 1460 1866 1508 nobis
1901 1459 2092 1507 servire
2129 1471 2280 1519 quam

37 1595 50 1607 q
112 1532 352 1595 domuum
386 1542 602 1604 inferre.
680 1543 930 1594 Mentitur
964 1545 1112 1594 nimis
1148 1545 1300 1608 impie
1334 1549 1628 1594 sanctorum
1675 1545 2145 1608 videlicet,scripta
2192 1530 2278 1591 do-

22 1613 308 1699 ‘}ssctor·um
361 1630 587 1692 antiquis
639 1630 824 1691 caliqis
876 1643 982 1679 esse
1034 1631 1406 1693 comparanda.
1483 1630 1699 1693 Scripsit
1756 1631 2040 1680 theutonice
2095 1629 2281 1687 Iudeos

39 1704 43 1751 Ϊ
110 1715 403 1766 sententiam
439 1713 769 1776 diffinitivam
807 1717 1081 1777 acquisisse
1117 1721 1173 1766 ut
1199 1718 1449 1766 Christum
1486 1717 1842 1776 interficerent.
1921 1715 2035 1764 Non
2074 1714 2281 1763 debebat

111 1802 185 1851 ita
206 1802 494 1864 scripsisse,
534 1802 627 1850 sed
659 1802 885 1863 iniquam
911 1806 1002 1850 aut
1019 1801 1216 1861 falsam
1242 1804 1356 1851 illos
1391 1803 1686 1850 sententiam
1721 1805 2014 1850 consecutos
2050 1801 2275 1849 dixisset.

111 1885 238 1936 Item
262 1888 585 1950 comparavit
615 1886 980 1936 humanitatem
1008 1887 1198 1936 Christi
1229 1887 1426 1936 habitui
1457 1889 1767 1936 meretriceo,
1846 1886 2091 1934 Mentitur
2116 1886 2167 1933 in
2195 1886 2277 1932 de-

103 1970 343 2033 fensione
364 1986 487 2034 sua,
527 1986 581 2021 se
598 1970 788 2031 fecisse
811 1972 1126 2033 triumphare
1150 1974 1426 2021 veritatem.
1492 1971 1698 2020 Nullam
1724 1972 1855 2019 enim
1871 1984 1977 2033 pro
2000 1984 2054 2019 se
2079 1971 2278 2018 univer·

2 2092 13 2095 „
40 2047 97 2117 {eo
108 2059 308 2107 sitatem
343 2057 516 2118 habet,
566 2057 658 2106 sed
698 2071 1013 2122 synaqoqam
1052 2057 1280 2116 Sathanc
1326 2062 1375 2106 et
1422 2058 1661 2106 obscuros
1697 2057 1919 2106 homines
1955 2055 2278 2118 impudentis-

42 2175 44 2194 ;
107 2144 247 2192 simis
280 2143 609 2193 nebulonibus
643 2144 796 2205 lonqe
831 2144 1066 2192 tetriores
1095 2157 1196 2205 pro
1232 2157 1286 2191 se
1321 2143 1509 2192 habere
1543 2143 1796 2202 creditur,
1847 2142 1984 2203 quod
2028 2154 2178 2202 quam
2214 2142 2279 2188 sit

110 2230 336 2291 iniquum
371 2243 517 2279 nemo
553 2235 626 2278 est
664 2230 881 2279 omnium
919 2231 1009 2290 qui
1042 2231 1265 2290 iqnorat.
1343 2227 1386 2276 (ἶ
1425 2229 1508 2277 Ex
1547 2229 1739 2277 istis·et
1776 2228 1892 2276 aliis
1930 2227 1983 2276 id
2018 2240 2179 2288 qenus
2203 2228 2277 2275 in-

49 2299 62 2312 ⁰
110 2314 503 2364 numerabilibus
537 2316 829 2375 mendaciis,
872 2329 967 2376 que
1004 2319 1106 2364 tam
1145 2315 1196 2363 in
1235 2315 1436 2363 oculari
1468 2314 1668 2376 speculo
1706 2326 1857 2374 quam
1896 2313 1948 2362 in
1986 2311 2280 2372 defensione

109 2412 204 2449 sua
238 2401 335 2449 toti
366 2401 528 2450 noxia
567 2401 947 2449 Christianitati
980 2401 1297 2462 impudenter
1342 2402 1619 2461 expressit,
1672 2399 1849 2460 optimi
1890 2399 2073 2459 quique
2118 2397 2278 2446 consi-

54 2485 300 2537 ssderare
343 2485 549 2547 debent,
600 2491 673 2535 tot
720 2486 1101 2535 universitatum
1148 2486 1381 2534 doctores
1427 2499 1528 2534 non
1569 2483 1757 2544 fecisse
1803 2484 2047 2532 iniuriam
2093 2483 2284 2531 Ioanni

41 2619 55 2626 -
113 2569 387 2632 Reuchlin,
427 2572 520 2620 sed
551 2576 726 2621 sancte
761 2584 825 2620 ac
861 2571 1109 2620 catholice
1144 2572 1198 2619 in
1235 2584 1345 2619 eum
1381 2571 1657 2633 scripsisse,
1697 2582 1811 2619 cum
1850 2569 1929 2627 (ut
1966 2572 2038 2617 est
2075 2569 2126 2616 in
2155 2579 2279 2628 pro-

113 2655 306 2718 verbio)
334 2656 459 2719 plus
496 2658 634 2706 oculi
666 2657 870 2706 videant
907 2670 1060 2718 quam
1109 2657 1298 2706 oculus.
1379 2654 1449 2704 Ob
1496 2657 1632 2704 hanc
1678 2656 1838 2717 iqitur
1884 2667 2090 2703 causam
2138 2665 2280 2701 nemo

110 2740 291 2791 credat
326 2740 617 2802 defensioni
651 2743 825 2805 ipsius,
866 2743 954 2792 cui
986 2747 1107 2804 quot
1133 2743 1290 2791 insint
1314 2743 1585 2792 mendacia
1609 2742 1842 2803 coqitare
1857 2741 2085 2802 poterint
2100 2740 2276 2801 pauci,

112 2826 282 2877 dicere
315 2840 475 2877 nemo.
1209 2825 1213 2832 '

56 3004 103 3040 ¹⁰
366 2997 670 3061 Sequitur
715 3000 975 3061 quedam
1014 3000 1364 3063 prophetia
1411 3003 1458 3047 et
1505 3000 1568 3047 de
1604 3012 1731 3047 novo
1769 2998 2023 3059 quoddam

1035 3086 1358 3147 predicante.

252 3197 295 3246 1[
341 3198 523 3248 Dicent
559 3199 903 3260 proculdubio
951 3201 1051 3249 viri
1092 3201 1236 3260 boni,
1297 3212 1388 3247 nos
1433 3198 1755 3247 condolemus
1801 3197 1892 3246 tibi
1935 3198 2036 3246 iam
2076 3198 2279 3260 pridem

111 3282 375 3347 baptizato
411 3297 476 3333 ac
511 3286 689 3333 ceteris
714 3285 1034 3334 diversarum
1060 3285 1441 3335 universitatum
1468 3283 1754 3332 doctoribus
1777 3288 1826 3331 et
1848 3284 2070 3332 maxime
2097 3283 2279 3345 Aqrip-

48 3402 69 3438 1.
109 3370 335 3432 pinensis
369 3370 632 3429 academie
668 3370 952 3431 maqistris,
1004 3375 1107 3419 tam
1146 3372 1326 3419 iniuste
1362 3374 1564 3430 tamque
1600 3369 1751 3430 impie
1788 3381 1821 3415 a
1856 3373 1960 3417 tam
1997 3369 2280 3431 improvido

116 3454 324 3506 doctore
360 3455 585 3517 offensis.
661 3454 965 3516 Respondeo
1001 3454 1098 3504 hoc
1135 3460 1252 3504 ante
1277 3468 1385 3503 ,mn
1415 3467 1576 3502 annos
1615 3453 1685 3512 (si
1716 3453 1840 3502 bene
1876 3455 2100 3515 memini)
2142 3454 2280 3502 nobis

115 3538 486 3591 coloniensibus
523 3552 557 3587 a
582 3539 778 3589 Ioanne
802 3539 1196 3601 Lichtenberqer
1230 3540 1334 3589 sive
1360 3540 1641 3601 pereqrino
1668 3538 1804 3587 Ruth
1829 3538 2074 3587 heremita
2113 3539 2279 3596 (cuius

70 3690 73 3694 ι
106 3625 439 3688 proqnostica
478 3624 743 3687 Moquntie
779 3629 882 3674 tam
918 3626 1076 3675 latine
1112 3637 1265 3688 quam
1310 3624 1593 3674 theutonice
1639 3624 1884 3686 impressa
1930 3629 2071 3684 sunt,
2126 3619 2276 3687 vali-1!

134 3849 140 3857 ,
223 3791 243 3820 ⁴
272 3793 363 3837 Sed
393 3793 612 3835 mentitur
639 3795 1001 3849 Pepericornus,
1041 3795 1083 3837 si
1121 3793 1221 3836 vult
1261 3806 1311 3836 se
1350 3807 1441 3835 non
1473 3793 1645 3847 passim
1677 3792 1724 3833 in
1756 3791 1960 3833 manuali
1990 3789 2177 3844 speculo
2210 3789 2276 3829 ita

60 3891 66 3928 ζ
118 3861 176 3906 de
213 3864 462 3907 Reuchlini
502 3864 844 3908 consultatione
884 3865 1155 3920 scripsisse,
1205 3869 1253 3905 ut
1300 3878 1348 3906 re
1398 3877 1511 3906 vera
1549 3863 1642 3905 dici
1690 3863 1918 3918 potuisset
1964 3874 2065 3902 eum
2116 3861 2274 3900 contra

75 3976 77 3978 .
114 3932 359 3978 Bouchlini
390 3936 773 3979 consultationem
803 3937 1061 3991 scripsisse.
1149 3934 1188 3961 ⁸⁰
1219 3934 1395 3988 quoddz‘z
1428 3938 1465 3976 1.
