2456 4264
0 0 31 157 “⁸²‘'

384 330 701 360 Ptl’nmcomu
725 330 937 360 CENSVRA
959 330 1292 360 PRAECRDENTIS
1315 330 1554 361 EPISTOLAE
1577 331 1958 363 BEVCHLINIANAE.
2127 311 2239 373 121

9 498 22 515 .
89 477 167 518 αι
176 461 468 522 defensione
496 473 591 510 sua
631 456 780 521 giij
821 463 1051 511 columna
1072 463 1271 523 prima,
1311 462 1396 510 ubi
1428 466 1726 512 commentus
1759 467 1832 512 est
1864 463 1996 514 banc
2026 478 2250 526 qenera-

87 549 183 607 (ομ
207 546 307 596 sibi
336 546 552 602 oblatam
589 526 888 607 questionem
926 546 998 606 (et
1022 550 1138 594 sunt
1172 547 1322 595 verba
1365 548 1470 596 eius
1501 549 1551 596 in
1581 547 1808 610 forma),
1848 548 1927 597 An
1963 562 2129 600 omnes
2156 551 2251 601 Iu-

84 631 293 699 uocum
316 630 437 680 libri
457 635 638 693 preter
666 630 865 680 bibliam
893 633 992 680 sint
1009 631 1322 692 perimendi
1342 639 1389 680 et
1406 646 1450 681 c.
1524 632 1791 694 Nunquam
1821 634 1899 683 illi
1919 648 2077 696 neque
2104 638 2252 686 etiam

5 300 20 356 ’ἶ

4 365 16 400 f

5 454 23 495 t

5 517 37 765 ξ
88 715 332 781 quibusvis
365 717 482 774 aliis
517 717 632 765 talis
660 715 768 776 fuit
788 716 953 764 oblata
986 718 1188 776 questio.
1261 716 1329 766 Et
1357 718 1493 778 quod
1524 717 1618 767 hoc
1653 731 1822 783 verum
1855 733 1961 769 esse
1994 720 2056 769 ab
2087 723 2251 771 omni-

8 758 191 1154 }eobn
202 801 459 858 credatur,
494 802 696 864 scripsit
706 803 866 864 paulo
889 808 1005 849 ante
1027 802 1080 849 in
1113 801 1289 849 eadem
1319 803 1563 859 columna,
1601 816 1654 852 se
1689 805 1908 854 nescium
1934 804 2097 864 fuisse
2132 807 2256 868 quid

86 893 356 950 mator
388 890 582 935 struere
616 899 705 936 suo
734 886 974 935 mandato
1008 887 1162 945 vellet,
1198 888 1299 935 nisi
1328 886 1466 946 sorte
1503 888 1583 947 (ut
1617 888 1721 950 ipse
1751 890 1846 950 ait)
1883 889 2034 938 libros
2063 890 2253 951 Iudeo-

85 982 209 1025 m
229 970 519 1021 comburere
557 975 620 1020 .et
635 985 682 1020 c.
754 970 814 1019 Si
846 970 1112 1027 dubitavit,
1148 985 1308 1032 quare
1340 974 1391 1020 in
1426 972 1525 1022 bac
1560 974 1767 1034 epistola
1799 974 1951 1023 audet
1986 974 2153 1024 dicere
2188 977 2249 1024 de

85 1057 370 1109 mdis
401 1055 674 1116 Iudeorum
716 1045 875 1108 libris,
869 1053 892 1092 ?
938 1057 1204 1105 Falsarius
1239 1058 1392 1117 iqitur
1427 1057 1785 1119 quodammodo
1821 1059 2052 1108 mandati
2086 1062 2249 1122 impe-

75 1142 228 1192 rialis
258 1146 308 1191 et
333 1142 454 1203 quia
490 1142 799 1198 inconstans,
827 1155 1073 1206 preceps,
1120 1146 1169 1190 et
1199 1143 1446 1199 mendax,
1491 1157 1525 1191 a
1559 1143 1754 1191 nemine
1785 1156 1883 1192 non
1921 1144 2033 1193 dico
2064 1143 2248 1204 defen-

86 1226 279 1283 dendus
313 1226 404 1277 sed
438 1240 502 1275 ne
537 1226 820 1275 audiendus
851 1227 1066 1288 quidem.

138 1332 167 1362 τ,
225 1311 271 1361 t
291 1310 533 1374 Septimo.
596 1311 745 1360 Facit
786 1313 1143 1370 iuramentum,
1191 1313 1433 1373 maqistro
1469 1317 1638 1362 nostro
1675 1311 1921 1372 Arnoldo,
1968 1327 2020 1362 se
2047 1315 2249 1384 penitus

84 1398 411 1454 memorem
435 1385 600 1457 fuisse
625 1397 841 1446 omnium
881 1398 1079 1447 illorum
1112 1398 1288 1459 quibus
1324 1397 1454 1446 idem
1491 1400 1640 1448 etiam
1673 1401 1928 1460 neqocium
1964 1411 1997 1447 a
2030 1401 2249 1448 serenis-

69 1483 230 1541 mo
240 1486 408 1532 nostro
447 1483 749 1544 imperatore
796 1487 846 1531 et
888 1483 1238 1555 archipresule
1270 1485 1576 1532 commissum
1609 1483 1730 1544 fuit.
1775 1497 1804 1533 o
1839 1486 2082 1534 levitatem
2117 1486 2250 1534 into—

82 1567 363 1624 lembilem,
415 1581 445 1616 o
497 1581 670 1628 cecam
723 1568 1129 1632 imprudentiam.
1203 1568 1422 1618 Debebat
1470 1570 1616 1619 homo
1661 1583 1875 1632 preceps
1919 1570 2165 1619 mandata
2205 1575 2256 1620 et

84 1654 445 1711 mmisseones
476 1654 847 1715 diliqentissime
876 1657 1223 1717 perspexi,sse
1259 1656 1556 1717 priusquam
1594 1669 1646 1703 se
1676 1655 1749 1703 ad
1773 1655 2088 1704 scribendum
2126 1668 2252 1704 con-

82 1738 493 1798 111113σεί.οαὶά
516 1741 698 1789 multa
692 1735 714 1776 ?
746 1740 1018 1789 Festinavit
1053 1745 1242 1789 tantum
1272 1741 1354 1789 bic
1385 1740 1539 1789 bonus
1576 1740 1653 1788 vir
1688 1739 1873 1800 Iudeos
1909 1742 1961 1789 in
1999 1754 2092 1789 sua
2125 1754 2251 1789 con-

83 1825 347 1878 saltatione
363 1838 644 1888 perperam
682 1824 1026 1886 defendendo,
1075 1829 1131 1875 ut
1176 1827 1276 1874 iam
1318 1825 1714 1875 Christianorum
1755 1830 1803 1874 et
1843 1826 2111 1875 honestatis
2152 1839 2252 1888 pe-

85 2083 328 2144 quaointa
363 2095 457 2130 sex
491 2083 640 2131 annis
682 2082 872 2130 nullum
921 2081 1118 2131 doctum
1153 2082 1321 2141 lesisse
1358 2086 1420 2130 ,et
1437 2095 1479 2130 c.
1529 2081 1639 2130 Hoc
1669 2080 1864 2141 falsum
1900 2087 1994 2141 est,
2044 2083 2163 2141 quia
2200 2082 2252 2130 in

82 2180 201 2227 ceco
234 2168 435 2216 oculari
465 2180 553 2215 suo
588 2169 790 2229 speculo
825 2180 938 2215 cum
974 2167 1289 2228 appendiciis
1326 2168 1542 2215 invectus
1570 2171 1642 2215 est
1674 2167 1888 2227 turpiter
1926 2174 1974 2215 et
2020 2167 2254 2229 implicite

39 1908 215 1961 nitus
247 1916 374 1961 esset
411 1910 603 1970 oblitus.

226 1995 271 2044 «t
308 1998 501 2046 Octavo.
558 1995 731 2045 scribit
763 2009 816 2045 se
851 1997 1038 2045 nullius
1067 1996 1276 2045 hominis
1312 2000 1591 2058 contemptu
1619 1997 1879 2058 scripsisse
1913 2009 1976 2044 ac
2012 1997 2064 2044 in
2100 1998 2254 2057 quin-

84 2254 140 2303 in
175 2257 382 2315 patrem
421 2251 716 2313 Greqorium
729 2291 740 2312 ‚
782 2254 1004 2314 priorem
1045 2252 1218 2301 domus
1266 2251 1629 2300 Cartbusiensis
1666 2264 1832 2313 prope
1867 2250 2252 2311 Friburqensem

83 2337 342 2395 civitatem,
378 2337 537 2386 virum
561 2338 982 2399 reliqiosissimum
995 2374 1010 2402 ,
1050 2338 1381 2386 doctissimum
1430 2344 1477 2386 et
1510 2338 1760 2398 optimum.
1835 2335 1901 2384 Et
1924 2332 1947 2403 ΙΙ
1971 2337 2022 2384 in
2054 2338 2246 2397 siqnum
2270 2340 2338 2390 ab

37 2424 307 2474 veritatis
341 2423 479 2485 quod
510 2423 605 2472 hoc
634 2422 850 2484 feceris,
897 2422 1072 2483 fecisti
1119 2436 1322 2472 manum
1369 2422 1577 2484 depinqi
1620 2422 1693 2470 ad
1735 2424 2041 2483 marqinem,
2087 2427 2139 2470 ut
2173 2426 2252 2480 tue

86 2510 390 2571 antiquitate·
416 2507 755 2569 satisfaceres.
830 2507 934 2557 Sed
977 2522 1136 2570 quare
1181 2507 1382 2557 obsecro
1416 2509 1750 2570 contempsisti
1783 2509 1931 2556 talem
1969 2521 2031 2556 ac
2067 2512 2254 2555 tantum

36 2595 246 2645 vitm
293 2593 334 2645 0
365 2599 420 2645 tu
452 2594 725 2656 Reuchlin,
774 2595 875 2644 nisi
919 2596 1041 2656 quia
1087 2607 1154 2642 ex
1199 2594 1441 2641 mandato
1483 2595 1798 2654 imperatoris
1842 2606 1954 2642 cum
2001 2594 2104 2641 suis
2145 2594 2254 2640 col-

25 2681 236 2742 ικαὶ,
272 2681 398 2731 viris
420 2679 657 2743 profecto
690 2681 997 2737 clarissimis,
1027 2680 1369 2729 conterraneis
1405 2691 1597 2740 quoque
1633 2680 1743 2739 tuis,
1781 2683 1830 2727 et
1863 2679 2255 2740 Stlpr'anomtnd-

87 2766 187 2823 tis,⁵
226 2767 315 2829 qui
358 2770 494 2816 tuum
550 2766 881 2815 theutonicum
941 2766 1061 2815 bene
1108 2766 1481 2824 intellexerunt,
1531 2766 1937 2814 consultationem
1985 2768 2120 2813 tuam
2157 2776 2255 2812 non

88 2851 406 2915 approbavit,
449 2853 579 2901 sicut
610 2855 754 2914 patet
786 2853 838 2900 in
873 2853 1101 2901 articulis
1135 2854 1225 2913 qui
1265 2858 1382 2901 sunt
1406 2863 1565 2913 penes
1602 2852 1979 2913 imperatoriam
2015 2850 2255 2899 maiesta-

29 2943 211 3002 ιιεηι,
259 2937 676 3000 quemadmodum
710 2939 860 2987 etiam
895 2938 1243 3000 supradictum
1274 2941 1362 2987 est.
1440 2937 1482 2985 (Ι
1519 2936 1645 2986 Item
1680 2938 1837 2996 lesisti
1869 2949 1946 2985 me
1979 2935 2256 2996 proditorie

35 3037 38 3043 ·
89 3022 142 3072 iu
175 3023 534 3074 consultatione
574 3029 679 3073 tua.
718 3023 774 3071 id
807 3024 942 3085 quod
970 3022 1152 3084 facere
1188 3036 1286 3072 non
1319 3023 1589 3082 debueras,
1637 3023 1778 3071 sicut!
1801 3023 1900 3070 iam
1934 3021 2098 3069 statim
2136 3020 2257 3067 satis

34 3120 37 3121 ’
88 3106 396 3170 sufficienter
430 3116 503 3158 est
529 3108 814 3172 probatum.
887 3117 1135 3171 postremo
1171 3110 1326 3169 lesisti
1347 3122 1512 3158 omnes
1542 3109 1764 3157 doctores
1794 3106 1998 3164 ecclesie
2031 3108 2079 3153 et
2109 3108 2256 3152 totam

45 3215 58 3247 s
92 3191 520 3255 cumunilam,
558 3194 614 3243 id
634 3194 770 3256 quod
799 3197 963 3244 maius
995 3194 1103 3255 suit
1135 3207 1285 3256 quam
1310 3196 1357 3244 si
1389 3207 1541 3244 unum
1578 3195 1786 3252 lesisseS.
1861 3190 1903 3239 (Ι
1948 3189 2105 3239 Taceo
2129 3201 2257 3250 quo-

33 3261 58 3329 s*
89 3278 231 3330 nodo
264 3279 403 3330 brevi
435 3287 652 3342 tempore
691 3282 782 3330 uni
813 3294 880 3330 ex
915 3282 1097 3330 nostris
1134 3282 1407 3330 amicorum
1449 3292 1650 3328 suorum
1697 3276 1919 3326 scribens
1956 3277 2160 3336 ⁸qavisus
2196 3275 2260 3322 sit

67 3354 69 3356 ¹
194 3370 350 3415 morte
395 3364 766 3428 Archipresulis
806 3366 1116 3428 Moquntini‚
1167 3366 1546 3428 Archiepiscopi
1580 3364 1878 3413 Coloniensis
1914 3362 2139 3423 Philippi
2178 3361 2257 3418 (eo

75 3449 224 3515 ,flod
248 3455 427 3500 contra
461 3464 572 3501 eum
616 3455 800 3514 essent)
846 3457 895 3501 et
939 3452 1155 3502 doctoris
1190 3451 1487 3513 Hieronymi
1530 3449 1847 3512 imperatoris
1893 3447 2172 3496 consiliarii
2212 3449 2259 3493 et

152 3535 454 3587 othonotarii
487 3539 767 3599 apostolici,
811 3539 901 3599 qui
929 3551 1076 3587 verus
1111 3537 1462 3599 superiorista,
1512 3548 1640 3583 unus
1690 3535 1886 3583 illorum
1917 3533 2066 3581 trium
2103 3544 2256 3592 supe-

213 3627 405 3672 starum
437 3621 555 3683 fuit,
595 3623 658 3671 de
696 3622 872 3685 quibus
909 3622 1093 3671 dictum
1122 3627 1195 3671 est
1226 3635 1406 3684 supra.
1488 3619 1648 3669 Taceo
1683 3621 1832 3668 etiam
1864 3617 2104 3680 quomodo
2138 3618 2256 3664 lau-

256 3709 266 3720 ‘
320 3709 733 3771 Parrbysienses‚
779 3712 828 3758 et
873 3707 1056 3757 deinde
1100 3709 1191 3756 uni
1225 3714 1371 3770 poete
1425 3706 1567 3769 apud
1601 3718 1689 3754 nos
1732 3704 1952 3754 scribens
1987 3715 2068 3751 eos
2098 3712 2256 3762 supra

95 3843 111 3850 ,,
206 3806 290 3844 um
328 3796 700 3858 vituperaverit.
779 3793 921 3853 Quod
961 3795 1116 3855 iqitur
1162 3807 1261 3842 non
1303 3791 1431 3853 fecit
1464 3793 1636 3855 priuS,
1694 3791 1786 3840 hoc
1839 3791 1961 3838 satis
2011 3798 2256 3849 superque

92 3882 260 3941 ma
296 3881 349 3931 in
385 3893 480 3931 sua
508 3885 761 3935 senectute
793 3881 1063 3944 supplevit,
1102 3884 1152 3930 et
1181 3883 1453 3943 propterea
1491 3880 1542 3930 in
1582 3878 1718 3930 nullo
1753 3873 2089 3926 excusandus.
