2456 4264
245 269 367 327 240
832 284 1070 315 m’m'rOLAE
1092 279 1400 311 OBSCVBOBVM
1419 277 1631 309 vlnonvu
1653 276 1802 307 NOVAE·

245 420 397 470 tates'.
474 417 603 465 Deus
641 415 721 463 det
758 411 887 476 quod
925 415 1060 459 recte
1100 414 1200 464 eat,
1242 413 1358 455 tunc
1396 404 1620 454 volumus
1656 403 1990 468 triumphare,
2041 407 2090 453 et
2125 405 2296 467 postea
2334 408 2393 449 ex

246 510 341 552 tota
382 501 599 550 Almania
636 495 824 561 pellere
861 493 991 543 illam
1032 493 1290 556 poetriam.
1367 491 1426 538 Et
1463 488 1689 538 volumus
1727 487 1892 538 facere
1930 487 2062 552 quod
2099 487 2180 564 isti
2216 484 2411 547 Iuriste·

248 603 342 635 non
384 584 563 633 audent
599 581 764 628 dicere
802 593 955 626 unum
994 576 1214 631 verbum,
1257 574 1451 638 quando
1490 578 1603 621 sunt
1641 587 1751 621 cum
1777 570 2062 633 Theologis:
2102 571 2214 635 quia
2251 569 2394 617 time-

246 670 368 717 bunt
405 682 466 715 ne
503 666 698 713 mittant
735 675 884 724 super
922 675 1005 709 eos
1046 659 1390 722 Inquisitorem
1441 663 1490 706 et
1538 655 1831 705 comburant
1879 669 1963 705 eos
2011 669 2101 718 pro
2150 653 2392 718 hereticiS,

254 754 378 800 sicut
423 763 555 798 nunc
604 761 750 811 spero
798 744 928 810 quod
978 744 1058 793 fiet
1110 742 1312 792 Iohanni
1359 739 1601 790 Reuchlin
1649 740 1906 788 adiuvante
1953 739 2070 795 deo,
2119 739 2259 787 cuius
2303 749 2435 785 nos⁶

245 849 413 884 sumus
450 832 661 882 iudices:
712 829 824 892 quia
872 829 998 877 sicut
1045 826 1221 875 milites
1266 824 1510 889 seculares
1557 823 1825 873 defendunt
1860 823 2094 873 Iustitiam
2146 824 2197 871 in
2233 822 2392 876 terris,

247 922 310 968 ita
347 932 437 967 nos
474 915 779 965 defendimus
804 911 1072 961 Ecclesiam
1098 925 1187 974 per
1225 910 1578 973 disputationes
1616 914 1663 956 et
1700 907 2072 971 predicationes.
2149 906 2244 955 Sed
2283 920 2394 968 par-

248 1004 367 1052 catis
403 1000 523 1049 mihi
560 1000 621 1049 de
658 996 976 1061 longiloquio,
1052 995 1111 1043 Et
1151 993 1337 1043 Valete.
1411 992 1586 1042 Datum
1623 991 1844 1055 Romane
1883 991 2046 1054 Curie.

1218 1234 1224 1239 .
1280 1184 1367 1243 33.

1015 1323 1057 1370 (Ι
1100 1303 1374 1365 Petrus
1420 1301 1636 1382 Lapp
2413 1313 2453 1347 ιο

967 1432 1106 1481 sacre
1161 1418 1336 1481 pagine
1385 1416 1684 1465 Licentiatus

857 1513 1190 1582 Magistro
1229 1513 1517 1565 Ortvino
1557 1510 1794 1564 Gratio

1059 1582 1068 1594 ι
1217 1611 1449 1662 Salutem.

395 1730 677 1779 Secundum
716 1726 845 1792 quod
885 1724 1035 1774 semel
1073 1726 1335 1789 scripsistis
1374 1724 1516 1782 mihi,
1567 1725 1641 1773 vir
1687 1723 2004 1780 venerabilis,
2045 1724 2176 1790 quod
2213 1723 2404 1775 hahetis

211 1824 215 1828 '
259 1813 395 1863 valde
434 1828 665 1877 magnum
703 1809 993 1861 miraculum
1032 1808 1210 1858 abinde
1249 1809 1378 1873 quod
1415 1823 1507 1872 pro
1545 1823 1677 1858 nuuc
1712 1814 1828 1857 sunt
1851 1810 1915 1858 ita
1940 1808 2081 1859 multi
2105 1808 2402 1859 excellentes
2416 1821 2456 1856 15

252 1898 489 1947 Doctores
525 1898 575 1946 in
615 1895 838 1952 Colonia,
880 1899 927 1943 et
967 1893 1110 1942 etiam
1150 1891 1229 1941 alii
1266 1907 1365 1942 non
1404 1892 1565 1943 adhuc
1601 1893 1816 1957 promoti
1853 1893 1939 1943 sed
1978 1894 2266 1959 propediem
2302 1893 2403 1946 Ma-

256 1983 393 2045 gistri
430 1980 622 2037 Nostri,
665 1985 711 2030 et
748 1978 887 2027 multi
925 1977 1244 2040 egregiissimi
1279 1976 1511 2041 theologi,
1553 1982 1601 2027 et
1635 1979 1924 2028 nominastis
1957 1978 2079 2028 mihi
2115 1978 2456 2043 Magistrum

252 2071 475 2115 nostrum
514 2063 748 2114 Iacobum
786 2063 845 2112 de
883 2060 1236 2118 Hochstraten,
1277 2061 1563 2124 Magistrum
1602 2067 1825 2112 nostrum
1861 2062 2134 2113 Arnoldum
2170 2063 2232 2114 de
2270 2063 2403 2113 Tun-

253 2151 374 2212 gari‚
415 2154 461 2198 et
498 2149 786 2212 Magistrum
823 2152 1047 2195 nostrum
1084 2145 1386 2210 Remigium,
1428 2151 1475 2196 et
1502 2145 1795 2218 *Magistrum
1833 2147 2403 2202 nostrumvalentinum

255 2234 314 2283 de
353 2228 720 2290 Gelterssheim,
762 2237 809 2280 et
844 2231 1130 2294 Magistrum
1166 2235 1392 2280 nostrum
1428 2230 1630 2281 Petrum
1668 2232 1753 2295 qui
1788 2236 2012 2297 tempore
2050 2247 2163 2282 meo
2200 2231 2456 2298 regebatso

252 2320 303 2366 in
350 2316 499 2365 bursa
546 2315 715 2374 Kiick,
764 2322 812 2365 et
848 2314 1099 2364 dominum
1146 2314 1419 2379 Rutgerum
1465 2314 1785 2366 Licentiatum
1835 2321 1884 2366 et
1929 2315 2108 2366 multos
2154 2316 2275 2367 alios
2321 2317 2405 2381 qui

255 2407 363 2450 actu
403 2406 518 2450 sunt
555 2399 782 2464 Colonie,
832 2406 880 2449 et
931 2400 1074 2449 etiam
1112 2398 1381 2448 Iohannem
1417 2399 1727 2450 Pfefferkorn
1765 2402 1850 2465 qui
1887 2401 2108 2465 quamvis
2146 2407 2218 2451 est
2253 2400 2409 2452 laicus

257 2490 304 2534 et
340 2485 566 2534 indoctus
602 2485 653 2532 in
693 2483 881 2533 artibus
918 2482 1220 2539 liberalibuS‚
1261 2489 1309 2532 et
1346 2498 1596 2548 nunquam
1636 2485 1838 2534 visitavit
1874 2485 2068 2535 scholas
2105 2485 2407 2550 Christiano·2

256 2584 366 2617 rum
415 2575 462 2618 et
511 2583 609 2617 non
657 2567 825 2617 didicit
861 2568 1238 2617 Grammaticam
1291 2573 1373 2617 aut
1418 2568 1650 2632 logicam,
1699 2574 1863 2618 tamen
1908 2577 1961 2619 ut
2010 2569 2221 2620 scribitis
2259 2568 2408 2619 habet

255 2652 552 2716 profundum
598 2651 898 2701 intellectum
948 2657 997 2701 et
1035 2651 1130 2700 Cor
1181 2651 1521 2702 illuminatum.
1597 2653 1754 2703 Etiam
1801 2652 2010 2718 apostoli
2057 2668 2156 2702 non
2205 2653 2456 2704 fueruntaes

257 2736 410 2792 docti,
452 2741 499 2785 et
534 2741 699 2798 tamen
735 2737 982 2786 sciverunt
1019 2737 1199 2784 omnia.
1273 2736 1334 2784 Et
1370 2738 1438 2787 sic
1475 2738 1670 2801 putatiS,
1709 2736 1842 2802 quod
1878 2738 2278 2803 spiritussanctus
2317 2753 2404 2802 po-

257 2825 350 2869 test
385 2820 610 2884 predicto
647 2819 852 2869 Iohanni
889 2819 1199 2869 Pfefferkorn
1244 2820 1506 2871 infundere
1556 2836 1753 2871 omnem
1802 2822 2054 2872 scientiam
2104 2827 2400 2879 sanctorum,

259 2904 385 2952 sicut
421 2905 535 2953 dicit
572 2905 832 2968 scriptura.
908 2903 1068 2953 Etiam
1104 2903 1390 2954 nominastis
1436 2905 1557 2955 mihi
1606 2907 1656 2955 in
1693 2905 1939 2971 Maguntia
1988 2907 2112 2957 duos
2148 2907 2404 2972 Magistros

257 2993 474 3045 nostroS,
514 2988 776 3038 Dominum
812 2987 1210 3053 Bartholomeum
1250 2989 1469 3039 Zehener
1506 2990 1866 3055 predicatorem
1903 2991 1953 3040 in
1991 3006 2199 3050 summ0,
2238 2997 2286 3042 et
2309 2990 2406 3040 Do-

258 3073 444 3121 minum
479 3072 679 3122 Petrum
716 3072 941 3122 Bertram
979 3071 1260 3136 plebanum.
1333 3073 1395 3123 Et
1429 3074 1479 3122 in
1521 3073 1873 3125 Franckfordia
1912 3075 2164 3125 dominum
2202 3075 2456 3125 Petrumso

259 3154 424 3220 Meyer
463 3157 545 3220 qui
582 3162 655 3205 est
690 3156 926 3206 mirabilis
962 3157 1011 3204 in
1049 3154 1362 3208 sermonibus
1399 3159 1498 3207 suis
1534 3158 1595 3209 Et
1633 3146 1827 3224 quando
1866 3158 1968 3209 vult
2011 3160 2118 3225 ipse
2164 3160 2279 3209 facit
2314 3159 2401 3208 ho-

260 3238 418 3287 mines
452 3238 632 3298 ridere,
672 3246 719 3290 et
755 3242 950 3306 quando
989 3241 1090 3291 vult
1127 3241 1242 3292 facit
1279 3257 1364 3292 eos
1400 3242 1534 3302 flere,
1575 3248 1623 3293 et
1658 3243 1776 3293 facit
1810 3242 2050 3295 mirabilia
2085 3242 2400 3310 predicando.

374 3363 391 3389 ³
423 3395 434 3406 .
458 3365 579 3414 Quia
609 3367 702 3410 4.5.
790 3365 808 3391 ⁵
838 3397 849 3409 .
872 3367 1002 3408 Sicut
1032 3370 1073 3409 4.
1087 3372 1128 3409 5.
1217 3369 1384 3411 Ioanni
1414 3373 1456 3410 5.
1545 3368 1563 3395 ⁶
1593 3401 1603 3411 .
1626 3370 1748 3420 Quia
1778 3372 1872 3411 4.5.
1960 3369 1980 3396 ⁷
2009 3370 2119 3411 :Ita
2150 3373 2191 3413 4.
2225 3401 2234 3410 .
2257 3370 2332 3410 Ita
2361 3360 2410 3410 5.

260 3434 277 3461 ⁸
307 3434 439 3475 Vale.
470 3435 558 3476 Da.
580 3435 662 3476 Ro.
686 3435 767 3477 Cu.
791 3441 831 3478 5.
2335 3468 2346 3477 ·

375 3502 409 3529 ¹²
437 3504 498 3544 M.
523 3506 564 3544 4.
679 3502 713 3530 ¹³
744 3505 868 3547 Salu.
892 3509 933 3547 4.
1051 3506 1137 3533 1⁶·¹⁷
1165 3509 1226 3549 M.
1249 3510 1302 3550 N.
1327 3511 1368 3549 4.
1380 3513 1420 3550 5.
1540 3508 1624 3536 ¹⁷⁴8
1652 3510 1714 3550 Μ.
1737 3523 1781 3550 n.
1803 3510 1872 3550 Ia.
1896 3509 1953 3551 de
1974 3509 2107 3551 hoch.
2131 3513 2172 3552 4.
2203 3512 2263 3552 M.
2284 3511 2337 3552 N.
2360 3513 2400 3551 5.

263 3573 411 3614 Hoch.
433 3576 473 3613 5.
552 3574 615 3614 M.
636 3586 682 3613 n.
706 3576 747 3614 4.
779 3574 833 3615 Μ.
855 3575 909 3615 N.
933 3579 974 3616 5.
1053 3576 1087 3603 ¹⁹
1118 3579 1179 3618 M.
1201 3591 1247 3620 n.
1271 3581 1312 3618 4.
1325 3582 1365 3619 5.
1445 3579 1506 3620 M.
1528 3592 1572 3619 n.
1595 3579 1723 3621 Vale.
1746 3582 1786 3620 4.
1865 3579 1904 3606 ²⁰
1932 3580 1994 3621 M.
2017 3594 2062 3621 n.
2087 3583 2125 3627 4,
2137 3584 2177 3621 5.
2257 3581 2335 3620 Pe.
2358 3580 2399 3619 4.
2453 3580 2456 3597 ¹

261 3643 298 3670 ²¹
329 3642 483 3683 Kuck:
511 3646 551 3682 5.
615 3643 656 3697 d.
680 3645 776 3685 4.5.
835 3645 959 3686 Lice.
983 3648 1023 3688 4.
1056 3647 1287 3688 Licentia.
1311 3652 1351 3688 5.
1411 3646 1447 3672 ²²
1479 3661 1502 3688 e
1536 3651 1576 3688 4.
1609 3662 1634 3701 e
1665 3653 1706 3688 5.
1766 3649 1832 3690 Io.
1853 3652 1904 3690 P.
1927 3653 1968 3690 4.
2001 3650 2128 3691 Ioan.
2150 3649 2399 3690 Pfeffer.›5.

261 3712 298 3738 ²³
318 3708 424 3753 arti.
450 3716 490 3753 4.
551 3711 586 3737 ²⁴
616 3712 797 3764 loycam
827 3717 868 3753 5.
928 3713 963 3738 ²⁷
987 3727 1009 3754 e
1033 3718 1073 3754 4.
1107 3729 1131 3768 e
1154 3721 1193 3756 5.
1254 3718 1289 3756 I.
1313 3719 1364 3759 P.
1386 3720 1427 3757 4.
1460 3717 1587 3757 Ioan.
1612 3718 1802 3758 Pfeffer.
1824 3723 1865 3759 5.
1924 3719 1960 3745 ²⁵³
1981 3720 2112 3772 scrip.
2135 3722 2175 3762 4.
2233 3717 2320 3744 ²⁸³⁹
2339 3717 2413 3759 M..

263 3796 308 3823 n.
330 3783 386 3823 D.
410 3784 450 3822 4.
482 3783 542 3822 M.
565 3783 618 3824 N.
641 3783 699 3826 D.
722 3785 763 3825 5.
842 3780 928 3808 ²⁹³⁰
957 3784 1014 3827 D.
1035 3785 1115 3824 Pe.
1140 3786 1291 3825 bertra
1322 3789 1362 3826 4.
1394 3787 1449 3828 D.
1470 3785 1573 3828 Pet.
1596 3790 1638 3830 5.
1696 3785 1782 3814 ³⁰·31
1814 3788 1854 3829 d.
1878 3789 1958 3830 Pe.
1982 3802 2138 3842 meyer
2169 3792 2208 3830 4.
2238 3788 2338 3830 Pet.
2361 3789 2401 3830 5.

261 3850 298 3878 ³²
329 3852 447 3893 facis
479 3864 556 3893 eos
586 3854 626 3894 4.
