2456 4264
252 284 371 342 360
711 303 1096 334 LAMENTAmonEs
1120 302 1425 332 osssovnonvu
1445 301 1653 331 vmonvn
1676 287 1942 344 [πῃπῇ.

250 441 413 488 Circes
450 438 671 495 domum,
721 435 861 483 haud
903 435 1050 493 lonqe
1088 447 1120 481 a
1159 435 1331 482 Caieta
1371 433 1642 494 Campanie
1689 433 1900 494 oppido,
1950 435 2284 494 inquiramus,
2333 438 2385 481 ut

249 525 311 572 ab
349 537 409 571 ea
446 524 498 569 in
533 519 906 569 cruentissimas
941 521 1120 567 mutati
1163 520 1341 567 bestias
1386 518 1640 577 theoloqos
1676 519 2039 579 quamprimum
2077 519 2380 566 devoremus,

247 607 419 655 Simile
454 606 581 652 enim
618 604 806 664 priscis
848 601 1047 662 factum
1088 602 1252 663 fuisse
1288 602 1618 664 temporibus,
1669 607 1768 651 tum
1804 602 2049 651 Homerus
2085 605 2192 663 ipse
2216 603 2383 663 philo-

246 694 409 749 mites,
450 694 552 737 tum
581 692 728 748 poete
766 688 836 735 ad
871 702 1021 736 unum
1060 701 1224 736 omnes
1262 692 1579 735 attestantur.
1660 688 1861 736 Utinam
1898 688 2077 747 viqinti
2108 687 2382 740 cubitorum

247 777 493 823 dracones
529 786 762 832 essemus,
815 773 876 820 de
920 773 1095 833 quibus
1141 773 1282 833 apud
1317 773 1532 820 Plinium
1567 773 1775 832 leqitur,
1826 772 1972 831 lonqe
2010 770 2248 832 profecto
2284 785 2416 819 me-5

245 861 342 911 lius
386 871 490 906 sese
534 871 615 925 res
662 861 828 916 nostre
872 858 1125 905 haberent.
1202 858 1345 917 Fuqe
1389 858 1704 905 collusionem
1752 844 2135 915 Baubenqiqelii
2176 861 2224 904 et
2260 855 2384 904 Sim-

238 944 434 1005 priani.
509 941 619 990 Soli
665 955 762 1003 quo
807 943 977 991 volunt
1021 943 1226 1002 abeant,
1277 955 1369 989 nec
1405 955 1494 989 nos
1531 942 1746 1002 amplius
1781 941 2090 988 conturbent.
2159 936 2386 1008 [Mallem

248 1030 376 1076 enim
423 1028 586 1076 decies
630 1028 683 1075 in
722 1026 932 1085 furcam
978 1027 1237 1088 suspendi,
1289 1039 1437 1087 quam
1484 1027 1576 1074 uni
1609 1026 1950 1085 theoloqorum
1987 1039 2091 1073 6336
2125 1019 2381 1092 ludibria]

258 1113 405 1172 Vale,
446 1111 631 1160 Datum
666 1111 1009 1171 Francfordie
1050 1107 1135 1179 [ex
1168 1111 1332 1169 fetida
1367 1111 1639 1169 Iudeorum
1675 1103 1848 1176 haraJ.

1275 1288 1362 1350 40.
1447 1348 1449 1350 ,
2183 1282 2185 1285 ’
2404 1303 2443 1336 ιο

1069 1415 1110 1461 (ἱ
1156 1409 1554 1466 Stalberius
2440 1415 2446 1432 ²

986 1522 1416 1571 Rubenstadio
1475 1521 1545 1570 .S.
1574 1521 1634 1569 D.

385 1637 558 1696 Lonqe
591 1636 715 1684 milii
749 1637 855 1684 alia
879 1649 1015 1685 mens
1038 1641 1124 1696 est,
1159 1641 1313 1697 pater
1336 1636 1649 1699 honorande.
1713 1633 1869 1682 Nemo
1893 1638 2114 1682 nostrum
2140 1647 2387 1695 quoquam
2448 1633 2450 1637 “

156 1732 224 1785 tjb
237 1727 455 1783 perqat,
496 1733 637 1769 nemo
674 1726 862 1785 montes
901 1721 1123 1781 Caspios,
1164 1734 1304 1769 nemo
1342 1719 1724 1778 Sauromatlzas,
1766 1714 1938 1783 neilmo
1978 1719 2144 1767 Circes
2180 1723 2388 1767 montem
2452 1739 2456 1741 ·

238 1810 399 1867 petat.
476 1805 773 1853 Monoculus
817 1819 908 1866 eqo
955 1819 1061 1853 sum
1112 1810 1160 1852 et
1204 1806 1394 1865 lippuS,
1447 1805 1645 1852 oculari
1679 1808 1843 1851 tamen
1884 1803 2154 1864 Capnionis
2188 1806 2389 1865 speculo
2410 1810 2450 1866 ns}

247 1895 365 1938 ante
418 1903 593 1938 nasum
656 1903 816 1938 meum
852 1891 1021 1951 posito
1076 1904 1160 1938 vos
1212 1882 1541 1956 [multiiuqis]
1595 1887 1854 1936 erroribus
1901 1888 2043 1935 video
2089 1890 2387 1949 implicatos.

246 1975 372 2034 Leqi
417 1975 560 2034 apud
595 1975 869 2022 Hesiodum
918 1977 969 2022 in
1009 1975 1275 2034 tlzeoqonia
1322 1974 1608 2033 Protheum,
1653 1971 1842 2021 Oceani
1875 1977 1922 2019 et
1962 1971 2174 2035 Tethyos
2207 1974 2385 2032 lilium,

246 2061 296 2107 in
323 2061 495 2107 varias
518 2073 624 2106 sese
661 2060 775 2106 olim
806 2057 1008 2118 formas
1046 2063 1425 2106 transmutasse.
1500 2058 1650 2106 Hunc
1686 2058 1908 2105 colamus
1933 2057 2094 2116 deum,
2136 2057 2251 2106 huic
2270 2071 2389 2118 por·
2452 2123 2456 2129 Ι

244 2157 328 2192 663
365 2148 413 2191 et
449 2146 616 2192 asinos
654 2145 949 2205 offeramuS,
992 2148 1044 2191 ut
1081 2144 1264 2192 delusis
1301 2143 1644 2203 theoloqorum
1682 2142 1853 2202 oculis,
1894 2142 2161 2190 bestiarum
2200 2143 2390 2190 dumta-
2452 2137 2456 2139 ’

244 2234 339 2276 :cat
368 2227 595 2286 formam
631 2228 815 2276 habere
851 2229 1132 2288 videamur,
1185 2234 1237 2276 ut
1280 2229 1368 2276 sub
1405 2229 1502 2275 tali
1534 2228 1805 2276 velamento
1842 2226 1991 2287 nihil,
2042 2228 2177 2287 quod
2211 2229 2388 2276 adver-
2404 2235 2456 2294 2⁰5,

244 2314 396 2361 sariis
431 2314 667 2375 placeat,
711 2327 1053 2375 peraqamus„
1118 2312 1223 2370 Quo
1262 2312 1412 2372 facto

668 2404 768 2447 tum
806 2401 948 2457 varie
972 2398 1183 2447 eludent
1217 2399 1405 2459 species
1441 2401 1591 2458 atque
1627 2410 1721 2445 ora
1751 2395 2005 2455 ferarum.

247 2482 388 2530 Alius
423 2485 551 2531 enim
588 2484 747 2532 subito
779 2486 866 2543 fiet

856 2588 858 2591 ’
917 2583 1000 2617 sus
1037 2568 1273 2616 horridus
1309 2571 1524 2627 atraque
1559 2567 1731 2626 tiqris,

649 2652 1046 2715 Squamosusque
1083 2654 1241 2701 draco
1278 2656 1325 2699 et
1354 2650 1504 2710 fulva
1540 2653 1734 2699 cervice
1768 2652 1927 2710 leena.
2405 2652 2451 2702 25¹:

246 2736 354 2795 Hec
389 2737 656 2798 Verqilius.
725 2739 864 2787 Vale.
923 2739 1108 2786 Datum
1136 2737 1391 2796 Cracovie.
1438 2731 1595 2802 [XXX.
1627 2736 1751 2785 Idus
1787 2731 2136 2803 Septembres.]

1224 2965 1227 2967 ,
1266 2915 1360 2972 41.

987 3042 1029 3089 (Ι
1077 3008 1339 3092 Βοὶίον
1395 3034 1668 3091 Grillus

662 3148 986 3197 Stalberio
1022 3149 1462 3197 Rubenstadio
1501 3161 1563 3196 ac
1599 3149 1779 3196 ceteris
1815 3149 1989 3196 amicis

1146 3241 1150 3245 ’
1196 3246 1267 3295 .S.
1297 3247 1352 3294 P.
1379 3247 1441 3295 D.
1500 3312 1504 3315 ι
2405 3228 2456 3306 ³5}

395 3355 525 3413 Quid
560 3360 684 3407 alios
720 3361 1049 3421 imprudentie
1096 3374 1331 3420 accusas,
1385 3370 1535 3422 quum
1582 3363 1634 3408 tu
1677 3361 1744 3408 sis
1788 3371 1917 3408 unus
1953 3362 2167 3408 omnium
2206 3362 2293 3421 qui
2326 3362 2392 3409 vi·
2426 3344 2452 3385 ³²

255 3445 375 3488 vant
411 3442 853 3505 insipientissimus,
896 3459 1182 3507 quanquam
1220 3450 1385 3493 tamen
1424 3447 1476 3493 in
1514 3427 1729 3492 tenebris
1755 3446 1877 3506 plus
1912 3459 2010 3494 uno
2047 3445 2218 3494 videas
2254 3446 2394 3494 oculo

364 3565 382 3591 ²
412 3567 584 3607 factum
615 3568 757 3608 fuisse
789 3570 1070 3622 temporibus
1100 3574 1142 3612 2.
1228 3569 1277 3596 3·4
1305 3572 1432 3612 voluit
1462 3570 1781 3622 philomythus.
1871 3569 1906 3595 ¹²
1934 3570 2246 3611 Rubenstadio
2269 3570 2328 3610 .S.
2353 3553 2420 3623 12·

368 3634 403 3662 ¹⁷
430 3636 479 3676 in
508 3635 791 3690 Theogonia]
814 3639 833 3677 ἱ)
855 3640 904 3678 in
935 3638 1036 3692 qua,
1067 3644 1117 3680 ut
1146 3642 1194 3681 in
1225 3644 1320 3681 toto
1350 3641 1568 3692 Hesiodo,
1600 3654 1658 3681 ne
1689 3641 1845 3681 Protei
1876 3642 2055 3694 quidem
2086 3654 2251 3682 nomen
2279 3640 2392 3694 legi-

264 3709 364 3748 tur?
402 3707 503 3748 Hoc
540 3707 826 3748 mendacium
864 3707 982 3748 alius
1013 3710 1194 3762 generis
1226 3714 1307 3762 est,
1342 3714 1479 3763 atque
1511 3712 1551 3750 si
1580 3710 1859 3764 Vergilianis
1888 3711 2169 3752 Aristoteliis
2202 3711 2393 3764 aliisque

265 3778 478 3831 operibus
508 3777 660 3830 plures
693 3790 825 3830 quam
853 3778 1025 3818 habent
1062 3779 1167 3818 libri
1209 3781 1548 3829 adscribuntur,
1589 3781 1753 3821 librive
1787 3782 2045 3821 auctoribus
2086 3782 2392 3822 attribuuntur

267 3850 342 3901 qui
372 3861 612 3900 numquam
642 3848 860 3887 eiusmodi
890 3850 1183 3901 scrIpserunt.
1243 3848 1278 3874 2¹
1307 3858 1465 3902 pgamq
1491 3852 1532 3889 2.
1599 3849 1715 3884 22.sqq.
1745 3853 1873 3903 Very.
1899 3865 2053 3905 georg.
2074 3853 2151 3892 IV.
2175 3850 2271 3892 406.
2295 3863 2390 3904 sqq.
2450 3870 2453 3873 v

270 3949 351 3971 ‚‚‚‚‚
375 3919 483 3958 Fiet
515 3918 634 3960 enim
666 3917 812 3958 subito
845 3930 919 3958 sus
951 3924 1030 3960 etc.
1116 3919 1216 3959 Hee
1248 3919 1488 3972 Vergilius.
1512 3923 1626 3961 omis.
1651 3924 1692 3961 2.
2151 3921 2188 3947 3⁰
2219 3921 2326 3963 .S.d.
2349 3924 2390 3962 2.
