2456 4264
244 287 365 345 400
810 308 1001 336 ORTVINI
1024 306 1189 334 GRATII
1212 305 1436 333 EPISTOLA
1458 303 1801 334 APOLOGE'HCA.

233 441 406 500 festim
431 443 604 497 eruta,
647 437 725 484 vel
744 441 922 495 quttur
957 436 1136 495 laqueo
1171 435 1399 482 clausum
1429 431 1630 491 fuisset.
1710 427 1854 499 [Sola
1890 445 1977 481 vos
2011 432 2284 493 impunitas
2307 431 2389 480 de-

237 538 447 585 qeneres
484 536 546 569 ac
581 521 827 579 maliqnos
857 517 1019 578 facit,
1075 533 1168 578 que
1205 523 1325 565 teste
1361 517 1661 575 Bernardo,
1712 521 1786 563 est
1820 518 2015 575 incurie
2049 517 2264 575 soboles,
2314 517 2389 564 in-

238 609 438 664 solentie
462 608 648 663 mater,
677 604 836 651 radix
860 603 1203 664 impudicicie,
1245 607 1292 649 et
1318 602 1532 649 omnium
1557 602 2015 660 transqressionum
2039 594 2259 666 nutrica]
2323 599 2390 647 At
2448 615 2456 638 «-

236 690 479 739 eoecitabit
512 688 854 750 proculdubio
910 687 1072 735 corda
1111 687 1405 747 principum
1460 686 1747 733 misericors
1792 689 1841 732 et
1888 687 2198 747 omnipotens
2247 684 2384 743 deus,
2447 702 2456 753 .·‘

236 780 291 823 ut
325 775 471 822 rebus
508 773 733 839 omnibus
769 773 901 820 ultro
938 773 1166 831 citroque
1197 771 1477 831 perspectis
1516 782 1579 817 ac
1616 771 1714 817 rite
1749 770 1988 829 coqnitis,
2041 769 2237 827 iusticie
2281 781 2384 816 mu·
2420 755 2456 827 si

235 873 330 907 nus
368 859 528 918 (quod
562 871 757 919 semper
794 857 1096 923 optavimus)
1136 856 1504 915 quamprimum
1541 859 1874 914 exequantur.
1950 852 2095 901 Nihil
2140 859 2211 902 est
2257 854 2397 901 enim

235 948 337 991 tam
376 943 672 1002 absurdum,
715 942 845 990 nihil
881 946 982 988 tam
1021 939 1379 998 abominabile,
1422 939 1551 986 nihil
1587 943 1690 986 tam
1726 939 1958 999 impium,
2008 938 2139 986 nihil
2173 942 2275 985 tam
2312 935 2386 986 in-
2439 964 2456 1021 ᾐ-

232 1032 438 1088 qratum
477 1028 594 1086 deo,
647 1027 785 1087 quod
827 1030 985 1083 vestre
1035 1025 1107 1083 (et
1152 1025 1207 1072 id
1252 1024 1450 1084 quidem
1487 1024 1620 1071 citra
1659 1035 1847 1071 omnem
1898 1024 2235 1082 occasionem)
2265 1035 2384 1070 non

233 1112 506 1173 effundant
541 1112 759 1172 epistole.
835 1109 1049 1157 Nescitis
1094 1110 1419 1156 temeritatem
1455 1108 1656 1155 consilii
1688 1105 1941 1166 defectum
1977 1120 2083 1155 esse
2117 1111 2166 1154 et
2202 1108 2386 1168 impru-
2446 1097 2456 1182 ff

236 1197 398 1254 dentie
434 1197 682 1256 speciem?
717 1195 991 1243 secundum
1017 1194 1211 1242 beatum
1242 1192 1478 1241 Thomam
1504 1193 1726 1240 secunda
1750 1190 1994 1250 Secunde.
2021 1206 2068 1252 q.
2096 1198 2252 1235 XXXV.
2281 1196 2381 1239 art.
2403 1188 2456 1260 tq

233 1288 354 1324 XXV.
379 1295 424 1328 c.
450 1282 502 1339 ft.
542 1280 644 1328 Illa
692 1281 820 1327 enim
867 1281 1143 1327 temeritate
1186 1280 1315 1337 fiunt
1350 1291 1444 1338 que
1480 1278 1683 1324 ratione
1717 1290 1818 1326 non
1852 1280 2128 1337 yeruntur‚
2179 1280 2227 1324 et
2271 1277 2384 1324 ideo
2441 1269 2456 1338 ἒ

233 1365 462 1426 superbie
498 1369 571 1412 est
600 1365 736 1423 filia,
787 1369 842 1413 ut
877 1364 1056 1411 ibidem
1088 1363 1353 1424 probatur.
1394 1377 1441 1422 q.
1471 1369 1575 1405 Lm.
1591 1367 1691 1409 art.
1717 1369 1794 1406 Ill.
1877 1360 1919 1408 (Ι
1959 1360 2127 1418 Quare
2163 1361 2381 1419 obsecro,

236 1450 290 1508 (o
337 1462 422 1497 vos
470 1449 741 1509 deqeneres
786 1449 944 1497 solum
980 1453 1132 1508 poete
1188 1451 1236 1494 et
1279 1448 1379 1505 filii
1421 1447 1726 1506 iniquitatis)
1777 1450 1880 1494 tam
1930 1446 2082 1507 impie
2127 1446 2390 1494 abutimini

229 1535 409 1594 qratia
444 1533 582 1582 vobis
618 1546 650 1579 a
689 1533 782 1580 deo
820 1533 983 1580 data?
1033 1532 1165 1590 Quid
1201 1531 1398 1579 Christo
1435 1532 1646 1579 illuditis
1681 1535 1729 1579 et
1764 1533 1869 1579 eius
1904 1531 2094 1578 matri?
2146 1529 2279 1588 Quid
2311 1535 2384 1578 tu·
2430 1516 2456 1619 Ξ

233 1620 400 1667 nicam
438 1619 648 1683 domini,
691 1618 816 1677 quid
848 1618 1174 1665 reverendam
1199 1617 1342 1664 Petri
1375 1617 1667 1676 imaqinem,
1709 1615 1832 1676 quid
1864 1619 2188 1663 sacramenta
2225 1616 2381 1664 eccle·
2398 1619 2456 1690 tq

231 1705 324 1763 sie,
376 1703 499 1763 quid
541 1703 916 1750 sacratissimas
963 1703 1096 1749 sedis
1149 1702 1424 1762 apostolice
1469 1701 1813 1760 indulqentias
1866 1700 2144 1748 deridetis?
2204 1695 2403 1767 [Quam
2438 1695 2456 1763 Ξ

223 1788 540 1849 potissimum
579 1787 637 1834 ob
673 1800 908 1846 causam,
960 1787 1239 1834 nominibus
1275 1786 1452 1832 vestris
1487 1786 1686 1833 silentio
1712 1786 2000 1845 preteritis,
2043 1786 2214 1834 aliena
2250 1784 2387 1834 vobis
2437 1778 2456 1859 ξ

233 1873 439 1919 nomina
476 1875 525 1918 et
559 1884 816 1931 nunquam
867 1871 1046 1918 audita
1082 1870 1444 1930 excoqitastis?
1492 1868 1674 1917 Nonne
1718 1868 1776 1917 hi
1817 1874 1933 1918 sunt
1977 1869 2273 1918 histrionum
2321 1882 2386 1917 ac
2432 1863 2456 1937 ζ-

230 1956 656 2017 sycophantarum
693 1957 894 2003 mores?
939 1954 1070 2003 Sunt
1097 1952 1362 2016 profect0,
1413 1958 1461 2002 et
1496 1954 1790 2002 nebulonum
1839 1952 2073 2014 vafriciis
2117 1956 2265 2015 lonqe
2301 1954 2384 2024 de-
2444 1940 2451 2010 ‚⁸

232 2033 480 2105 teriores.]
566 2039 731 2096 Quare
757 2034 1017 2107 [inquam]
1061 2039 1370 2088 doctissimos
1405 2043 1454 2087 et
1489 2040 1880 2100 sapientissimos
1915 2041 2117 2098 ecclesie
2154 2024 2456 2107 doctores&

226 2125 617 2185 persequimini?
669 2124 838 2181 Quare
885 2125 1073 2186 talpati
1106 2125 1331 2173 oculatos
1366 2125 1716 2172 contemnitis?
1761 2137 1922 2185 quare
1957 2125 2270 2185 iniquitatem
2298 2122 2384 2183 fo·
2433 2111 2456 2184 '¹3'

231 2211 391 2257 vetis?
429 2222 589 2270 quare
624 2210 879 2267 iniusticie
915 2214 964 2257 et
1000 2210 1199 2268 malicie
1228 2210 1666 2269 patrocinamini?
1703 2208 1782 2257 An
1809 2209 2111 2271 Capnionem
2147 2209 2282 2257 hisce
2305 2221 2382 2258 ve·
2431 2207 2451 2262 ’ζ’

229 2295 346 2341 stris
381 2295 642 2342 lenociniis
679 2295 730 2341 in
768 2307 928 2342 causa
958 2295 1085 2352 fidei
1119 2292 1494 2352 defendendum
1531 2295 1867 2356 suscepistis?
1891 2292 1931 2342 O
1965 2295 2108 2343 stulti
2139 2299 2188 2342 et
2222 2295 2382 2342 insen·
2429 2315 2451 2332 υ

230 2380 362 2426 sati!
404 2378 604 2426 ‘Audite
630 2379 847 2437 (clamat
871 2378 1079 2439 Esaias)
1109 2378 1308 2427 verbum
1335 2379 1538 2439 domini,
1570 2380 1836 2440 principes
1860 2379 2203 2439 zodomorum,
2245 2380 2381 2427 auri·
2431 2365 2450 2415 ³1

231 2462 319 2509 bus
333 2463 587 2523 percipite
610 2463 767 2522 leqem
794 2463 878 2511 dei
899 2464 1075 2523 vestri,
1107 2463 1332 2524 populus
1359 2459 1631 2522 Gomorre’.
1710 2464 1886 2512 ‘Filios
1923 2463 2134 2524 (inquit)
2162 2454 2443 2518 enutrivi&>

231 2550 279 2593 et
302 2547 544 2606 exaltavi,
574 2548 675 2608 ipsi
698 2546 865 2595 autem
889 2553 1188 2608 spreverunt
1222 2546 1331 2596 me’.
1417 2549 1487 2607 Ve
1517 2541 1708 2615 [etiam]
1737 2548 1873 2597 vobis
1889 2546 2143 2608 falsariis,
2185 2549 2274 2610 qui
2295 2561 2380 2597 no·
2424 2534 2437 2566 ³

229 2635 339 2678 stra
364 2631 625 2692 epitaphia
649 2636 698 2679 et
721 2632 1026 2680 laudabilem
1062 2634 1277 2681 aliorum
1314 2633 1599 2681 doctrinam
1626 2638 1996 2695 pervertentes,
2037 2634 2235 2682 illorum
2271 2634 2382 2682 loco

229 2714 451 2776 rythmos
481 2717 674 2776 ponitis
710 2717 1091 2778 impurissimos,
1133 2719 1486 2778 commissoque
1510 2731 1613 2779 per
1636 2731 1723 2767 vos
1745 2718 1959 2767 crimine
1977 2716 2128 2778 falsi,
2169 2729 2381 2779 nequam

229 2790 375 2847 editis
400 2802 759 2861 proqnostica,
800 2801 925 2850 mihi
957 2803 1051 2850 illa
1087 2803 1273 2851 insonti
1304 2807 1353 2851 et
1389 2803 1633 2851 immerito
1670 2804 1742 2851 ad
1774 2803 2040 2852 multorum
2066 2804 2375 2864 principum,
2429 2831 2434 2857 ὲ

228 2885 511 2945 civitatum,
562 2887 958 2947 optimorumque
1002 2888 1226 2935 virorum
1275 2889 1600 2949 offensionem
1637 2901 1701 2937 ac
1735 2900 1882 2946 sacre
1919 2888 2222 2946 astronomie
2257 2887 2373 2935 irri-
2389 2874 2447 2940 ³(

228 2970 439 3029 sionem,
490 2983 590 3019 non
637 2972 899 3019 incruente
945 2972 1289 3020 asscribentes.
1370 2973 1634 3021 Commisso
1679 2974 1884 3034 inquam
1912 2985 2014 3033 per
2049 2985 2134 3021 vos
2170 2972 2381 3021 crimine
2426 2958 2430 2962 ’

223 3052 378 3112 falsi,
420 3054 475 3100 id
499 3055 633 3114 quod
668 3056 941 3104 secundum
978 3058 1110 3117 leqes
1144 3058 1515 3105 sacratissimas
1548 3070 1745 3118 semper
1770 3069 1963 3119 penam
1988 3058 2172 3118 capitis
2195 3057 2377 3119 impor-
2423 3097 2441 3122 Α.

230 3141 329 3196 tat,
375 3136 738 3195 famosissimos
774 3141 922 3188 editis
958 3142 1176 3201 libellos,
1227 3146 1551 3200 sacrosancte
1596 3143 1728 3190 sedis
1774 3142 2046 3203 apostolice
2085 3141 2380 3201 Cesarieque
2426 3179 2434 3184 ,

228 3222 504 3269 maiestatis
539 3226 891 3273 auctoritatem
929 3225 1114 3287 absque
1150 3228 1287 3274 omni
1318 3228 1618 3285 conscientie
1641 3209 1882 3288 scrupulo
1907 3225 2168 3286 utrobique
2192 3222 2376 3284 infrin-

225 3309 415 3364 qentes.
493 3307 771 3368 Propterea
816 3310 945 3358 idem
983 3311 1242 3372 propheta
1277 3312 1561 3360 exclamat:
1613 3312 1681 3359 ‘V
1682 3325 1709 3370 e
1752 3312 1896 3371 qenti
1927 3311 2238 3372 peccatrici,
2282 3322 2375 3370 po-
2390 3298 2448 3361 *²

222 3389 349 3448 pulo
382 3391 537 3448 qravi
571 3392 860 3453 iniquitate,
901 3397 1081 3443 semini
1114 3408 1352 3456 nequam,
1388 3397 1509 3455 siliis
1543 3394 1850 3444 sceleratisl’
1890 3393 1929 3443 O
1966 3398 2157 3455 quanto
2194 3399 2376 3455 tempo·
2428 3382 2430 3386 ’

228 3486 339 3520 rum
376 3474 643 3523 intervallo
681 3477 824 3525 divus
862 3478 1045 3527 Esaias
1080 3480 1173 3538 hec
1202 3478 1391 3538 futura
1417 3481 1673 3542 previdit!
1723 3480 2127 3540 ‘Dereliquerunt
2165 3479 2375 3539 (inquit)
2455 3498 2456 3523 ᾗ

229 3556 503 3617 dominum,
554 3558 1023 3620 blasphemaverunt
1067 3569 1295 3613 sanctum
1340 3564 1533 3624 Israel,
1582 3565 1864 3612 abalienati
1904 3568 2020 3612 sunt
2066 3561 2372 3611 retrorsum’.

228 3639 290 3688 Si
329 3654 411 3689 res
444 3638 646 3690 'vestras
689 3646 867 3692 mentis
912 3648 1055 3695 oculo
1100 3649 1289 3697 intueri
1333 3650 1618 3708 volueritis,
1669 3653 1934 3710 arqentum
1979 3652 2117 3697 certe
2163 3652 2376 3696 vestrum
2414 3695 2415 3698 ,

341 3836 376 3863 ¹³
407 3837 550 3879 solum
581 3839 697 3879 omis.
720 3840 762 3880 2.
839 3837 874 3864 ²¹
905 3839 1157 3892 pseqmini?
1188 3843 1231 3880 2.
1310 3840 1347 3867 ²5
1376 3843 1522 3883 nostri
1552 3843 1660 3884 lsai.
1682 3843 1718 3886 Ι.
1745 3842 1812 3884 10.
1871 3841 1908 3868 ²⁵
1939 3843 2046 3884 Isai.
2068 3843 2106 3882 Ι.
2129 3843 2170 3882 2.
2230 3840 2265 3868 ³¹
2299 3841 2376 3884 ad-

228 3908 493 3955 scribentes..
516 3912 559 3951 2.
646 3907 682 3934 ³⁵
712 3909 820 3950 Isai.
841 3908 878 3951 Ι.
899 3910 940 3952 4.
1029 3908 1066 3936 ³⁷
1095 3908 1259 3963 inquit]
1291 3910 1320 3953 l.
1343 3924 1380 3954 c.
1475 3910 1511 3936 ³⁹
1543 3912 1616 3953 Cf.
1636 3913 1749 3954 ibid.
1773 3914 1812 3954 Ι.
1834 3913 1902 3954 22.
