2456 4264
587 290 643 324 27.
666 294 912 335 vunan-Lux
937 295 1133 331 s‘roncn.
1221 291 1279 324 28.
1304 295 1579 325 sannanim
1601 295 1766 326 enarr.
2138 276 2259 333 229

100 464 107 490 .-
151 425 240 487 Ad
267 423 640 493 {perficiendum
686 423 807 474 illud
853 425 1142 495 negocium,
1253 424 1367 488 quia
1406 424 1641 490 Theologi
1689 440 1789 476 non
1838 427 2172 490 permiserunt
2219 432 2263 480 ei

100 552 119 578 ,2
263 567 266 571 ,
941 510 1133 566 ocium,
1175 560 1180 564 ,

97 594 335 658 mnonec
370 593 472 646 huc
505 594 722 651 veniret,
834 599 884 644 et
920 593 1109 644 faceret
1146 592 1280 659 quod
1317 591 1399 642 ille
1435 593 1605 643 iurista
1643 596 1846 659 periret.

95 679 296 757 ‚328130
331 677 524 729 debetis
561 694 674 729 eum
712 678 989 735 honorare,
1102 683 1150 729 et
1187 683 1472 728 reverenter
1509 677 1748 737 salutare,

20 816 33 835 .-
58 778 126 829 5,
151 762 376 828 :Quando
414 769 489 813 est
523 762 663 813 vohis
699 761 894 814 obvius:
1006 764 1122 828 quia
1161 768 1236 813 est
1270 760 1411 812 valde
1449 762 1795 827 disputativuS,

26 862 34 915 ᾗ·
97 895 123 917 ,.
151 846 238 910 Εἰ,
258 852 500 913 quantum
537 847 599 898 ad
636 849 823 913 primas
858 847 1156 898 intentiones
1263 862 1450 913 paucos
1486 846 1636 898 hahet
1672 847 1870 898 similes.

20 955 32 1013 ἶ
88 960 141 1013 C
168 959 271 1027 Ipsi
306 960 480 1011 dicunt
516 961 650 1024 quod
687 975 788 1010 non
825 966 900 1011 est
935 965 1072 1010 recte
1111 960 1438 1024 compositum
1476 975 1564 1009 seu
1612 966 1974 1025 comportatum
2023 963 2074 1010 in
2124 963 2258 1026 pedi-

35 1028 48 1038 ,ι

21 1052 43 1106 3
90 1044 185 1097 tus
219 1046 346 1095 suis:
386 1045 448 1095 Et
485 1060 578 1110 ego
617 1044 745 1095 dixi:
785 1043 910 1103 Quid
950 1058 1043 1108 ego
1082 1059 1203 1094 curo
1240 1043 1423 1109 pedes?
1470 1044 1575 1108 Ego
1623 1048 1790 1093 tamen
1829 1058 1928 1093 non
1967 1060 2073 1095 sum
2115 1054 2257 1111 poeta

20 1125 52 1224 ²3}
88 1128 343 1196 flecmatis,
384 1130 473 1181 sed
498 1127 875 1192 TheologicaliS,
916 1134 965 1178 et
1003 1142 1102 1178 non
1131 1143 1264 1198 ‘curo
1303 1143 1396 1177 nec
1433 1127 1593 1177 habeo
1631 1134 1912 1192 respectum
1954 1129 2013 1178 ad
2053 1130 2142 1179 ista
2170 1146 2259 1194 pu-

20 1213 255 1294 βαῖίἰε,
307 1209 623 1265 εεᾶῑειιιιιω
661 1227 784 1263 curo
821 1213 1135 1263 sententiasz·
1167 1210 1507 1277 Quapropter,
1561 1212 1757 1262 domine
1796 1212 2020 1269 Ortvine‚
2072 1214 2260 1264 debetis

21 1299 47 1346 ,Ῥ
90 1298 214 1352 nihi
249 1298 388 1348 omni
423 1297 574 1348 modo
610 1296 918 1362 respondere
956 1296 1019 1346 ad
1055 1295 1152 1346 hoc
1190 1296 1460 1354 dictamen,
1512 1302 1560 1346 et
1609 1296 1799 1347 debetis
1831 1297 2034 1356 *litteras
2071 1314 2258 1363 ponere

20 1352 44 1419 ξ
90 1382 142 1435 in
176 1381 410 1434 bancam.
483 1381 642 1455 Etiam
684 1381 791 1432 volo
832 1380 980 1431 vobis«
1008 1395 1133 1430 nova
1181 1380 1426 1439 scribere,
1477 1380 1608 1446 quod
1659 1379 1857 1446 quidam
1904 1381 2130 1432 homines
2176 1385 2259 1447 qui

23 1433 53 1515 Ξ
87 1458 328 1520 iocantur
364 1466 593 1532 Hispani,
634 1465 818 1515 vadunt
854 1465 915 1515 ad
954 1464 1328 1515 Lombardiam:
1380 1471 1428 1514 et
1466 1465 1635 1515 dicunt
1672 1466 1803 1532 quod
1841 1466 2119 1531 Imperator
2157 1468 2260 1517 vult

92 1550 340 1620 expellere
375 1564 547 1615 regem
585 1549 821 1615 Francie,
870 1550 1003 1615 quod
1042 1565 1142 1599 non
1181 1556 1310 1600 esset
1347 1549 1534 1599 bonum
1575 1565 1664 1615 pro
1704 1551 1939 1614 Magistro
1977 1551 2156 1601 Nostro
2196 1552 2256 1602 de

23 1628 449 1707 §ntulisti-aton,
498 1637 614 1702 quia
651 1636 758 1701 ipse
795 1650 887 1701 per
923 1649 1095 1699 regem
1133 1634 1342 1699 Francie
1381 1634 1608 1684 sollicitat
1644 1636 1907 1698 negocium
1946 1652 2090 1686 suum
2128 1638 2257 1700 apud

45 1710 490 1778 ''hnmissimum
541 1726 591 1772 et
627 1720 1072 1771 christianissimus
1116 1735 1204 1770 rex
1244 1719 1451 1770 multum
1491 1720 1612 1784 petit
1649 1735 1741 1785 pro
1791 1735 1874 1776 eo,
1927 1727 2131 1786 propter
2168 1722 2257 1770 ho-

39 1799 41 1802 ·
93 1799 268 1859 noran
306 1806 635 1856 universitatis
670 1804 1044 1861 Parrhisiensis,
1084 1820 1180 1870 que
1219 1803 1638 1855 scandalizaretur
1676 1820 1735 1855 ex
1775 1805 1885 1861 hoc,
1924 1806 1964 1854 si
1991 1804 2255 1870 Speculum

93 1889 305 1944 oculere
340 1905 443 1941 non
479 1890 878 1942 combureretur.
954 1889 1051 1939 Sed
1089 1889 1186 1939 iam
1225 1888 1346 1938 nibil
1382 1890 1537 1953 magis
1575 1889 1692 1938 scio.
1769 1888 1936 1939 Valete
1974 1890 2023 1938 in
2061 1890 2255 1954 gaudio.

92 1973 269 2028 Butam
303 1973 476 2041 Rome.

41 2062 63 2091 a

35 2200 85 2238 n
1068 2172 1070 2175 ⁵
1125 2180 1215 2241 28.

521 2301 566 2350 ¹1
604 2298 990 2381 Magister
1036 2296 1548 2359 Bernhardus
1600 2294 1830 2360 Gelff

930 2428 1058 2464 unus
1096 2428 1156 2463 ex
1194 2413 1408 2462 minimis

690 2509 1025 2582 Magistro
1080 2509 1372 2564 Ortvino
1421 2507 1663 2562 Gratio

1062 2610 1297 2662 Salutem.

37 2744 83 2782 ι
232 2725 547 2778 Honorabilis
585 2741 674 2777 seu
710 2731 938 2792 prestans
976 2726 1063 2783 vir,
1103 2725 1325 2790 quamvis
1363 2739 1462 2773 non
1491 2722 1650 2773 habeo
1675 2722 1896 2771 notitiam
1923 2720 2069 2770 vestri
2097 2718 2256 2784 quoad

91 2825 377 2878 personam,
426 2817 592 2862 tamen
630 2812 791 2877 quoad
831 2811 1012 2861 famam
1051 2811 1163 2859 novi
1201 2825 1288 2859 vos
1326 2810 1387 2859 Et
1425 2806 1712 2858 iamdudum
1752 2812 1826 2856 est
1872 2805 2001 2871 quod
2043 2803 2256 2853 intellexi

93 2894 155 2948 de
181 2895 338 2949 Causa
361 2902 524 2947 vestra
552 2911 649 2962 que
675 2902 878 2947 vocatur
905 2895 1060 2946 Causa
1088 2894 1199 2944 fidei
1228 2900 1401 2943 contra
1427 2893 1698 2943 Iohannem
1727 2889 1984 2946 Rcuchfin,
2025 2896 2073 2938 et
2098 2887 2256 2937 habeo

93 2994 287 3032 mecum
323 2986 483 3032 totum
518 2996 828 3048 processum.
903 2980 965 3030 Et
1002 2980 1196 3046 disputo
1247 2978 1445 3028 cottidie
1493 2970 1605 3026 cum
1646 2975 1916 3025 Curtisanis
1965 2980 2013 3022 et
2051 2972 2257 3035 Copistis

55 3050 60 3060 ⁵
93 3064 483 3133 quidefendunt
506 3065 779 3117 Iohannem
803 3064 1065 3115 Reuchlin.
1142 3064 1203 3114 Et
1240 3063 1437 3129 quando
1476 3063 1565 3111 iste
1593 3061 1776 3110 Cursor
1802 3057 2102 3123 presentium
2132 3055 2256 3104 lator

37 3146 217 3206 ndtxtt
251 3143 374 3201 mihi
411 3150 544 3216 quod
584 3149 689 3200 vult
724 3152 799 3200 ire
836 3150 897 3199 ad
935 3148 1209 3200 Almaniam
1250 3154 1298 3198 et
1336 3162 1425 3213 per
1465 3145 1717 3196 Coloniam
1757 3142 1906 3192 habet
1945 3142 2106 3190 facere
2147 3141 2252 3195 iter,

94 3230 195 3287 dlxi
231 3234 389 3289 'Tunc
426 3250 516 3301 per
554 3235 703 3287 deum
740 3239 968 3293 sanctum
1008 3247 1102 3298 ego
1142 3231 1249 3281 volo
1289 3230 1582 3281 contrahere
1622 3228 1840 3278 notitiam
1883 3242 1995 3275 cum
2023 3224 2254 3288 Magistro

93 3313 292 3391 otwino
329 3325 380 3371 et.
415 3319 638 3371 scribere
677 3320 720 3369 ei
758 3334 911 3369 unum
952 3317 1229 3368 dictamen’.
1306 3316 1447 3365 Tunc
1487 3314 1565 3363 ille
1605 3314 1724 3362 dixit
1774 3323 1818 3360 ‘o
1860 3326 1948 3376 per
1998 3310 2144 3359 (lcum
2186 3310 2254 3357 l'a-

93 3402 256 3458 fiatis:
303 3404 410 3470 ipse
446 3402 654 3455 multum
693 3403 942 3467 gaudebit.
1011 3382 1077 3451 'Et
1114 3402 1234 3450 dixit
1271 3399 1388 3450 mihi
1428 3398 1623 3463 quando
1664 3397 1787 3447 exivi
1825 3394 2100 3451 Coloniam,
2142 3393 2255 3450 „Di-

52 3467 215 3539 “bus
249 3487 482 3540 omnibus
518 3486 785 3552 Theologis
824 3493 873 3537 et
911 3486 1157 3551 magistris
1195 3490 1244 3533 et
1281 3484 1473 3532 Artistis
1513 3487 1560 3532 et
1600 3481 1758 3547 poetis
1797 3480 1881 3544 qui
1930 3485 2044 3530 sunt
2081 3477 2251 3541 Rome,

113 3677 120 3686 .
148 3679 150 3682 -
193 3680 203 3689 .
294 3665 297 3668 ’
979 3665 999 3687 0

116 3745 131 3759 .
198 3712 222 3744 ⁴
253 3713 316 3770 et]
350 3719 449 3769 atq}
477 3718 519 3756 5.
610 3711 639 3739 ¹¹
675 3710 770 3754 lsas
801 3714 842 3755 4.
873 3711 1037 3753 literas
1067 3713 1108 3751 5.
1201 3707 1234 3735 ¹²
1263 3708 1325 3749 Μ.
1348 3708 1403 3752 Ν.
1426 3710 1519 3751 4.5.
1610 3704 1643 3733 ¹⁹
1676 3705 1863 3747 Rhome.
1886 3709 1926 3746 5.

68 3840 69 3843 Ἴ
115 3817 124 3828 .
195 3782 238 3827 .²¹
275 3786 340 3830 M.
363 3788 458 3828 4.5.
574 3782 611 3809 ²³
651 3784 712 3823 Μ.
737 3785 829 3826 4.5.
952 3781 1059 3825 Gza.
1084 3782 1124 3821 4.
1160 3780 1266 3822 Gra.
1287 3782 1328 3820 5.
1446 3766 1489 3803 ²⁵⁵
1522 3776 1819 3819 Venerabilis
1849 3780 1891 3818 5.
2009 3773 2179 3813 noticiz'i
2210 3773 2249 3809 5.

71 3847 260 3900 4’μαι
288 3868 315 3909 Q
344 3859 391 3898 5.
498 3855 718 3896 Ioannem
749 3857 791 3895 5.
899 3850 937 3878 ²⁸
967 3850 1139 3893 cotidie
1172 3855 1212 3892 5.
1318 3847 1355 3875 ²⁹
1386 3850 1514 3890 Ioan.
1539 3846 1746 3889 reuchlin
1779 3858 1794 3889 2
1826 3850 1866 3886 5.
1974 3841 2010 3866 ³⁰
2042 3839 2177 3880 michi
2208 3841 2247 3876 5.

94 3925 142 3963 nl
167 3929 210 3964 el
235 3924 279 3964 in
306 3938 402 3980 sqq.
517 3922 549 3950 ³¹
585 3938 596 3964 z
620 3923 715 3965 dixi
745 3927 854 3964 tunc
884 3927 925 3964 5.
1042 3922 1100 3963 M.
1126 3924 1165 3964 4.
1197 3920 1288 3961 Ma.
1314 3923 1354 3961 5.
1471 3918 1507 3945 ⁸⁴
1539 3918 1711 3959 Rhome
1742 3919 1784 3956 5.
