2456 4264
209 273 327 333 492
512 293 836 325 ΤΒΑοΤΑΤνῙΝε
865 292 1043 328 QVIDAM
1066 290 1288 321 sommus
1309 291 1368 319 m:
1389 289 1507 320 ARTE
1527 290 1585 320 ET
1606 289 1730 319 nono
1754 287 2034 325 mqvnumm

208 432 418 495 quasdam
455 428 748 477 determinare
785 425 937 473 faciles
974 431 1019 470 ει
1055 423 1249 471 faciliter
1284 415 1621 472 memorabiles,
1659 427 1847 484 propter
1880 422 2107 469 vitandum
2134 421 2342 468 studendi

204 503 419 549 laborem.

1165 574 1368 617 PRnnA.

347 668 389 715 (Ι
425 682 559 716 ANTE
599 667 746 714 omnia
781 666 1053 714 invocandus
1099 670 1170 710 εει
1207 664 1404 725 Spiritus
1450 669 1656 717 sanctus,
1705 668 1751 709 ει
1796 663 2010 709 orandum
2056 664 2214 710 devote
2260 677 2342 723 pro

208 745 351 803 gratia
386 740 487 791 Dei,
526 744 577 784 ut
612 739 751 783 Actus
787 738 863 783 ille
901 735 1155 798 inquirendi
1193 734 1398 796 incipiat,
1446 734 1652 795 proficiat
1700 741 1746 779 ει
1781 734 2038 794 perficiatur
2085 730 2380 795 (secundum5

209 812 330 874 quod
368 810 581 858 scribitur
617 809 662 854 in
700 808 909 855 Collectis
948 802 1235 869 quotidianis)
1274 821 1364 852 non
1404 820 1455 851 ex
1491 819 1598 850 vana
1637 804 1802 864 gloria,
1851 818 1933 850 nec
1969 811 2156 865 propter
2191 818 2344 850 vanam

209 883 422 944 gloriam,
469 894 553 927 nec
598 886 789 942 propter
833 880 1092 940 pecuniam,
1139 877 1214 922 scd
1254 891 1307 922 ex
1344 891 1495 922 amore
1530 876 1604 921 Dei
1642 881 1688 921 et
1739 875 1835 921 zelo
1881 875 2108 924 veritatis,
2159 881 2347 936 propter

209 954 398 1015 gloriam
434 952 532 1003 Dei,
569 953 758 997 maxime
796 956 943 996 autem
981 954 1171 1010 propter
1207 948 1427 994 honorem
1466 952 1631 992 sanctae
1658 945 1785 992 Sedis
1809 945 2084 1007 Apostolicae
2124 952 2169 991 ει
2193 960 2346 1006 pacem

208 1024 406 1072 ecclesiae
431 1021 694 1073 Catholicae,
734 1022 789 1067 ad
825 1019 1168 1082 supprimendos
1205 1033 1408 1076 errores,
1447 1024 1493 1064 ει
1529 1017 1584 1065 ad
1620 1016 1812 1064 sedanda
1849 1016 2077 1070 scandala,
2116 1023 2162 1063 et
2197 1016 2349 1062 turba-

205 1097 351 1142 tiones
388 1093 586 1140 fidelium
621 1092 787 1139 Christi
823 1091 1055 1138 cavendas.
2359 1089 2400 1126 10

1128 1200 1419 1243 SECVNDA.

352 1291 393 1339 (l
439 1305 560 1340 ISTA
597 1292 849 1338 intentione
886 1290 1003 1337 hona
1040 1290 1257 1343 formata,
1307 1305 1439 1351 quam
1487 1289 1764 1352 impossibile
1802 1295 1872 1335 est
1906 1303 1997 1335 non
2035 1289 2210 1350 placere
2248 1290 2349 1340 Deo,

211 1381 312 1413 cum
351 1367 411 1412 sit
447 1364 726 1410 sanctissima
772 1369 818 1408 et
864 1361 1201 1423 syncerissima,
1251 1362 1385 1407 etiam
1433 1363 1594 1408 merito
1641 1360 1853 1421 condigni
1900 1361 2131 1410 meritoria
2169 1366 2349 1406 aeternae

211 1439 312 1484 vitae
350 1441 533 1496 oportet
569 1434 757 1479 firmiter
794 1433 1000 1483 credere,
1050 1439 1094 1477 ει
1141 1439 1354 1493 tanquam
1401 1434 1702 1479 certissimum
1751 1446 1802 1478 ac
1837 1432 2031 1492 primum
2069 1431 2202 1477 huius
2242 1432 2350 1476 artis

213 1507 483 1569 principium
520 1518 896 1566 praesupponere,
946 1504 1001 1549 de
1038 1518 1127 1564 quo
1165 1503 1422 1549 nullatenus
1470 1503 1603 1550 liceat
1649 1502 1875 1553 dubitare,
1922 1501 2050 1558 Quod
2085 1502 2245 1563 Papam
2283 1511 2410 1546 er-15

213 1593 313 1625 rare
354 1583 424 1623 εει
459 1575 760 1637 impossibile,
809 1574 885 1620 sed
924 1573 1138 1635 quicquid
1175 1574 1360 1626 dixerit,
1411 1575 1626 1625 voluerit,
1675 1574 1856 1626 fecerit,
1905 1573 1993 1619 hoc
2032 1579 2239 1634 tanquam
2277 1587 2352 1618 vo-

214 1663 305 1696 cem
344 1655 387 1693 et
423 1647 591 1693 factum
616 1646 759 1697 Petri,
799 1659 879 1690 seu
918 1646 1071 1705 potius
1108 1646 1251 1705 ipsius
1289 1644 1454 1690 Christi
1491 1651 1582 1690 met
1618 1650 1801 1705 oportet
1825 1651 2072 1704 acceptare.
2149 1641 2190 1688 (l
2226 1641 2354 1697 Quod

215 1720 252 1766 si
292 1720 392 1780 quis
428 1717 563 1763 vellet
598 1718 644 1762 in
682 1717 769 1762 hoc
805 1715 1033 1766 dubitare,
1082 1722 1160 1777 aut
1204 1715 1427 1762 rationem
1466 1729 1693 1776 quaerere,
1741 1714 1818 1760 Ille
1865 1716 1951 1761 iam
1999 1714 2052 1759 de
2099 1715 2216 1761 facto
2265 1728 2352 1759 non

212 1790 456 1850 inquisitor
492 1794 638 1839 esset,
687 1787 763 1832 sed
808 1785 1103 1846 inquirendus
1148 1792 1363 1846 tanquam
1401 1787 1650 1832 certissime
1697 1785 1961 1837 haereticus,
2010 1787 2112 1846 quia
2151 1784 2356 1830 dubitare

211 1867 258 1907 et
293 1874 385 1905 non
431 1858 615 1905 credere
660 1872 744 1918 pro
783 1856 938 1902 eodem
975 1858 1282 1917 accipiuntur,
1330 1857 1574 1903 secundum
1609 1855 1896 1902 Aristotelem
1933 1869 2026 1902 .111.
2064 1856 2412 1917 phisicorum,2o

213 1931 341 1988 Quod
378 1943 537 1991 parum
573 1928 710 1974 distat
747 1925 830 1974 &Q
855 1933 907 1973 ut
943 1933 1101 1973 notum
1140 1933 1223 1973 est.
1298 1927 1353 1973 Et
1389 1929 1493 1988 quia
1532 1928 1650 1974 sicut
1684 1929 1815 1974 ianua
1853 1927 1899 1972 in
1936 1927 2114 1973 cardine
2149 1927 2356 1977 volvitur,

215 2002 278 2048 ita
317 2007 412 2046 tota
447 2002 533 2045 ista
570 2014 643 2045 ars
681 1988 848 2044 in'hac
885 1998 1079 2044 secunda
1117 1998 1273 2058 regula
1310 2000 1447 2049 iacet,
1496 1999 1615 2045 sicut
1651 1999 1851 2044 rusticus
1887 1999 1934 2044 in
1973 1998 2093 2049 sole,
2142 1997 2245 2044 Ideo
2282 2011 2358 2042 ne—

104 2074 392 2131 Aijbcessum
431 2078 476 2117 ει
511 2069 680 2116 bonum
717 2075 828 2129 puto
867 2067 991 2127 (licet
1027 2060 1394 2130 extraordinarie)
1422 2062 1445 2134 [Ι
1469 2071 1611 2130 ipsam
1648 2068 2062 2130 inoppugnabiliter
2099 2069 2357 2115 fortificare.

217 2143 273 2189 Et
308 2142 455 2203 primo
494 2140 572 2187 sic.
645 2140 739 2186 Nisi
787 2146 908 2185 esset
954 2153 1060 2186 vera
1109 2146 1154 2186 et
1189 2146 1311 2186 certa
1348 2142 1436 2186 ista
1473 2140 1652 2202 regula,
1697 2139 1853 2186 nullus
1887 2147 2044 2202 posset
2080 2140 2245 2200 inquiri
2283 2145 2361 2185 aut

216 2214 423 2272 iudicari,
471 2218 548 2258 aut
594 2211 881 2258 condemnari
925 2211 971 2256 in
1016 2217 1170 2258 sancta
1206 2212 1402 2258 Romana
1448 2211 1661 2265 ecclesia,
1708 2211 1831 2272 quod
1866 2218 1936 2258 εει
1973 2211 2354 2262 absurdissimum,
2373 2224 2414 2255 25

217 2285 537 2345 consequentia
590 2288 712 2328 nota.
787 2281 870 2327 Sed
928 2282 1192 2328 antecedens
1246 2282 1467 2343 probatur
1516 2283 1691 2330 duabus
1746 2281 1997 2329 rationibus
2044 2282 2358 2328 invictissimis.

216 2357 390 2406 Primo,
429 2355 534 2415 quia
556 2354 675 2414 Papa
713 2358 783 2399 est
818 2353 890 2397 lex
926 2353 1120 2400 animata
1156 2360 1202 2399 et
1237 2353 1333 2399 viva
1369 2355 1414 2399 in
1451 2354 1586 2400 terris
1625 2353 1745 2417 (Nam
1783 2353 1829 2399 in
1865 2353 1951 2400 hoc
1987 2353 2101 2399 bene
2125 2352 2231 2399 licet
2255 2367 2362 2400 con·

219 2425 405 2473 formari
451 2424 703 2485 Principem
755 2423 955 2472 ecclesiae
1004 2425 1108 2471 huic
1156 2424 1332 2476 seculo,
1387 2426 1434 2470 in
1485 2439 1574 2485 quo
1622 2426 1834 2487 princeps
1882 2431 1953 2470 εει
1999 2424 2246 2485 imperator
2291 2423 2361 2469 lex

221 2498 343 2548 viva,
404 2510 489 2542 nec
537 2495 688 2547 obstat
736 2494 858 2556 quod
904 2495 1154 2556 Imperator
1200 2496 1244 2541 in
1302 2495 1656 2557 temporalibus,
1702 2502 1748 2542 ει
1793 2496 1910 2557 Papa
1958 2497 2002 2542 in
2051 2494 2360 2556 spiritualibus

221 2573 411 2630 praeest,
462 2567 567 2627 quia
614 2572 721 2611 sunt
766 2566 954 2611 invicem
997 2565 1145 2627 figura
1195 2573 1241 2612 ει
1276 2566 1537 2627 figuratum)
1586 2567 1664 2613 sed
1709 2566 1856 2614 ablata
1891 2573 1969 2612 aut
2005 2566 2205 2612 dubitata
2242 2564 2417 2626 lege,30

222 2640 309 2685 iam
345 2636 456 2683 nihil
493 2643 664 2684 certum
702 2642 861 2697 posset
896 2637 1141 2684 secundum
1177 2651 1274 2683 eam
1311 2637 1499 2684 iudicari
1536 2644 1614 2684 aut
1649 2637 1761 2690 fieri,
1798 2638 1900 2683 ideo
1939 2644 2120 2698 oportet
2147 2650 2246 2682 esse
2270 2649 2364 2682 cer·

226 2709 471 2760 tissimum,
518 2708 682 2768 Papam
718 2721 811 2754 non
848 2721 1016 2753 errare.
1091 2707 1293 2754 Secunda
1330 2709 1444 2755 ratio
1483 2715 1579 2761 est,
1628 2710 1732 2770 quia
1768 2709 1978 2755 Haeretici
2015 2708 2163 2754 solent
2199 2721 2247 2753 se
2285 2721 2366 2768 per

225 2793 395 2826 sacram
433 2780 703 2840 scripturam
741 2778 1002 2830 defendere,
1042 2779 1120 2824 sed
1157 2779 1232 2826 illa
1271 2786 1342 2826 est
1377 2779 1448 2826 lex
1484 2786 1677 2831 mortua,
1715 2785 1761 2825 et
1796 2779 1926 2825 litera
1954 2779 2176 2830 occidens,
2216 2785 2260 2824 ει
2285 2792 2365 2838 po-

227 2857 316 2897 test
351 2852 395 2896 in
434 2850 598 2895 multas
636 2849 772 2896 falsas
811 2851 1058 2896 sententias
1094 2851 1226 2896 trahi.
1304 2850 1429 2896 Sicut
1473 2857 1599 2911 patet
1642 2851 1689 2896 in
1725 2850 1881 2897 multis
1918 2849 2143 2910 Magistris
2180 2849 2365 2899 nostris,

227 2922 480 2982 praesertim
505 2921 696 2979 Hugone
721 2920 868 2966 nostri
895 2919 1071 2966 Ordinis
1096 2920 1341 2972 Cardinale‚
1380 2927 1426 2967 et
1451 2924 1514 2968 sic
1539 2922 1778 2968 haereticus
1814 2921 1944 2967 fieret
1980 2920 2190 2980 anguilla.
2252 2919 2365 2965 Con·
2380 2932 2421 2965 35

223 2992 428 3038 firmatur
463 2992 550 3037 ista
590 2992 721 3042 ratio,
760 2989 873 3046 Quia
910 2991 1014 3037 hinc
1049 2991 1226 3038 Iuristae
1263 2998 1386 3038 recte
1423 2992 1590 3043 dicunt,
1631 2993 1753 3054 quod
1778 2993 1893 3053 Papa
1920 2993 1980 3038 sit
2005 2991 2204 3043 ecclesia,
2244 2991 2366 3036 iuxta

223 3062 335 3107 illud
369 3061 554 3108 Matthei
581 3076 676 3109 .xv.
726 3061 774 3107 Si
814 3067 857 3106 te
894 3075 986 3107 non
1024 3062 1238 3115 audierit,
1287 3063 1359 3109 dic
1408 3063 1623 3123 ecclesie,
1670 3063 1717 3108 id
1753 3068 1823 3109 est
1857 3063 2065 3108 Praelato.
2140 3061 2185 3107 Si
2223 3061 2366 3108 eccle·
2410 3063 2414 3069 ’

224 3134 347 3184 siam,
384 3132 429 3178 id
466 3138 536 3178 est
559 3131 797 3180 Praelatum
834 3145 925 3178 non
965 3133 1170 3188 audierit,
1211 3135 1269 3179 sit
1307 3133 1387 3179 tibi
1425 3134 1542 3180 sicut
1579 3134 1784 3180 ethnicus
1822 3140 1866 3179 et
1902 3133 2181 3195 publicanus.
2235 3131 2366 3178 Modo

223 3203 343 3264 Papa
379 3209 449 3248 cst
483 3202 698 3263 praelatus
744 3202 1062 3263 praelatorum,
1112 3211 1157 3250 et
1200 3218 1283 3265 per
1330 3218 1612 3266 consequens
1649 3204 1845 3251 Ecclesia
1883 3205 2195 3256 ecclesiarum,
2242 3208 2369 3249 tenet

226 3272 547 3333 consequentia
571 3273 625 3319 ab
662 3274 816 3319 eodem
854 3274 910 3319 ad
947 3275 1087 3325 idem,
1125 3289 1208 3336 per
1232 3275 1545 3322 diffinitionem
1570 3277 1880 3322 univocorum.
1955 3273 1998 3320 (l
2035 3274 2237 3321 Secundo
2262 3288 2367 3334 pro·
2384 3287 2425 3320 40

227 3344 361 3390 batur
398 3344 483 3389 ista
520 3344 677 3403 regula
713 3345 1104 3404 irrefragabiliter.
1179 3345 1307 3401 Quod
1347 3347 1384 3392 si
1420 3347 1538 3408 Papa
1576 3352 1732 3408 posset
1769 3359 1943 3397 errare,
1984 3352 2090 3392 tunc
2128 3345 2263 3392 etiam
2288 3344 2368 3390 Ec-

229 3414 365 3461 clesia
399 3419 556 3474 posset
592 3428 765 3466 errare,
814 3429 915 3461 cum
965 3418 1025 3462 sit
1060 3418 1253 3477 primum
1290 3424 1337 3464 et
1372 3432 1594 3464 summum
1633 3417 1835 3464 ecclesiae
1871 3417 2136 3463 membrum.
2209 3415 2255 3461 Si
2292 3429 2369 3462 au-

230 3492 321 3531 tem
359 3484 546 3531 ecclesia
582 3491 738 3544 posset
774 3499 946 3538 errare,
985 3493 1094 3533 tunc
1132 3491 1266 3534 etiam
1293 3489 1496 3535 Christus
1533 3494 1691 3550 posset
1728 3502 1901 3540 errare,
1940 3502 2042 3535 cum
2070 3489 2127 3533 sit
2151 3502 2240 3533 una
2264 3500 2367 3532 caro

231 3562 277 3602 et
313 3569 451 3602 unum
487 3568 651 3615 corpus
690 3569 789 3600 cum
827 3556 1034 3609 ecclesia,
1074 3559 1199 3606 quta
1222 3560 1435 3611 Paulum,
1474 3560 1616 3606 Erunt
1651 3559 1742 3605 duo
1780 3559 1826 3604 in
1863 3572 1996 3606 carne
2031 3572 2158 3604 una.v
2210 3556 2256 3602 Si
2292 3570 2369 3601 au-

233 3633 325 3674 tem
361 3626 565 3673 Christus
613 3631 770 3685 posset
816 3640 991 3679 errare,
1040 3630 1171 3674 etiam
1207 3629 1339 3676 Deus'
1370 3637 1526 3691 posset
1572 3644 1750 3682 errare,
1800 3630 1920 3691 quod
1968 3637 2039 3675 est
2076 3626 2425 3688 impossibile,45

233 3712 334 3745 cum
371 3697 575 3743 Christus
615 3696 674 3741 sit
710 3695 832 3741 deuS.
903 3695 958 3741 Et
995 3698 1061 3743 sic
1097 3705 1221 3758 patet
1257 3701 1414 3761 regula
1451 3701 1698 3747 verissima.

780 3792 867 3840 Sed
902 3793 977 3841 hic
1013 3802 1119 3841 sunt
1154 3796 1303 3858 aliqua
1338 3805 1598 3858 argumenta
1633 3799 1832 3845 videnda.

376 3891 418 3940 (l
453 3893 649 3941 Primum
685 3893 863 3954 dicunt,
902 3894 1022 3954 quod
1045 3894 1243 3942 Ecclesia
1280 3909 1371 3942 non
1406 3897 1554 3957 possit
1579 3897 1833 3957 significare
1857 3895 2098 3942 Praelatum
2123 3908 2173 3942 ex
2210 3901 2372 3947 natura
