2456 4264
219 220 337 276 144
503 243 597 272 IoA.
620 244 935 272 PEPERICORM
958 244 1190 272 DEFENSIO
1213 243 1396 272 CONTRA
1417 243 1628 271 FAMOSAS
1653 244 1698 272 Ο.
1721 244 1764 273 V.
1788 242 2061 271 EPISTOLAS.

212 374 391 421 innixa
419 374 669 421 ,columnis
697 387 791 422 nec
828 373 1134 421 adamussim
1160 377 1377 432 structa,
1416 373 1468 420 in
1493 384 1711 420 ¹arenoso
1745 384 1833 420 suo
1865 370 2362 431 fundaminestabi-

211 459 274 505 lis
308 471 410 506 esse
445 470 542 504 non
565 461 738 518 potest.
1736 463 1739 466 ·
1842 496 1847 500 ,

355 542 397 588 (1
433 542 695 596 Postremo,
729 541 876 598 fictas
908 540 1021 587 dixi
1047 541 1358 589 adulationes
1393 545 1442 588 et
1468 553 1646 601 preces
1670 551 1842 598 vanas,
1876 540 2212 588 simulationes
2235 553 2363 600 quo-

213 640 305 686 que
339 624 577 672 adiiciam
608 637 670 671 ac
700 623 1125 671 dissimulationes,
1201 623 1327 671 Nam
1365 626 1469 685 ipse
1509 626 1559 671 in
1598 623 1818 683 quadam
1854 625 2059 684 epistola
2092 621 2192 672 'uni
2222 628 2362 685 poete

213 709 352 770 apud
384 721 471 756 nos
502 721 534 755 a
568 721 620 756 se
645 709 793 755 missa
830 708 1111 769 turpissime
1145 712 1199 756 ut
1233 722 1393 769 supra
1416 708 1614 755 dictum
1663 711 1737 755 est
1781 711 1831 755 et
1873 721 1986 756 cum
2024 710 2248 756 maxima
2285 709 2399 756 suis
2445 771 2448 775 ι

211 794 420 840 nominis
455 791 670 850 infamia
705 792 926 840 doctores
968 792 1352 853 Parrliysienses
1381 792 1682 854 detestatur,
1726 795 1776 839 et
1800 791 2056 852 probrosis
2087 792 2364 840 nominibus

213 878 294 935 (id
317 877 450 937 quod
467 875 648 935 facere
676 889 773 923 non
800 876 1025 937 debebat)
1063 877 1245 924 eisdem
1273 876 1450 926 illudit.
1525 874 1609 923 Sic
1632 868 1780 924 etiam
1823 877 2002 925 nostris
2036 877 2244 938 indiyne-
2271 875 2364 936 se-

101 969 226 1023 ssiijb
247 963 325 1008 cit.
353 956 374 1027 Η
402 960 528 1008 Nam
564 974 682 1021 quos
720 965 865 1008 antea
911 973 1230 1020 sepenumero
1273 962 1324 1008 in
1370 961 1472 1008 suis
1504 961 1704 1022 scriptis
1738 962 1978 1009 extollens
2011 974 2171 1022 supra
2215 974 2364 1022 quam

215 1047 430 1106 oportuit
461 1045 890 1108 reverendissimos
927 1046 1220 1105 appellavit,
1263 1050 1437 1106 postea
1482 1046 1533 1092 in
1582 1045 1982 1104 mendacissim0‚
2029 1047 2269 1094 levissimo
2303 1058 2365 1093 ac
2402 1104 2406 1108 ,
2452 1107 2456 1113 ¹

208 1129 542 1188 famosissimo
585 1143 670 1187 sue
708 1127 1009 1187 defensionis
1053 1129 1179 1177 libro
1223 1130 1519 1177 histrionicis
1561 1119 2090 1191 impudentissimisque
2135 1131 2365 1178 conviciis
2383 1142 2451 1177 ιο.

213 1214 404 1262 eosdem
444 1215 511 1274 (si
544 1215 796 1261 veritatem
833 1215 945 1262 licet
980 1215 1172 1275 dicere)
1211 1217 1480 1275 multosque
1527 1215 1652 1262 alios
1686 1215 1826 1278 piros
1863 1215 2280 1275 prestantissimos
2319 1219 2366 1262 et

214 1300 416 1360 optimos
451 1299 728 1365 turpissime
763 1299 1027 1347 insectatus
1058 1305 1144 1347 est.
1218 1299 1385 1360 Ipsius
1416 1300 1567 1359 iqitur
1603 1299 1960 1359 impudentiam
1995 1299 2075 1358 (ut
2095 1312 2205 1347 cum
2231 1312 2364 1359 qra—

213 1385 282 1430 tia
319 1383 460 1443 apud
488 1382 633 1430 bonos
667 1384 867 1443 loquar)
907 1384 1182 1431 inauditam
1217 1390 1264 1431 et
1296 1384 1563 1433 mendacia
1593 1384 1699 1431 sine
1727 1383 1901 1443 fronte
1930 1397 1958 1432 e
1981 1385 2148 1432 multis
2172 1396 2361 1444 pauca,

213 1469 328 1516 licet
355 1467 584 1528 superius
623 1471 758 1515 tacta
793 1472 930 1527 sunt,
977 1469 1127 1515 latius
1176 1474 1338 1516 tamen
1383 1469 1434 1516 in
1483 1467 1882 1528 subsequentibus
1920 1469 2237 1529 explicentur
2270 1481 2365 1516 ne-

191 1565 344 1600 ·cesse
377 1556 468 1610 est,
521 1565 582 1599 ne
612 1565 687 1599 me
718 1550 870 1610 falso
894 1553 992 1612 ipsi
1019 1554 1282 1613 quicquam
1314 1554 1601 1613 imposuisse
1640 1554 1846 1601 lectores
1889 1552 2005 1604 boni
2037 1553 2358 1618 arbitrentur,
2379 1569 2420 1603 ιε
2446 1599 2452 1607 ,

212 1650 331 1684 neve
366 1637 495 1683 idem
527 1637 609 1683 ille
639 1636 764 1683 liber
793 1635 998 1695 infamis
1030 1638 1237 1698 posthac
1272 1636 1497 1695 defensio
1530 1637 1621 1686 sed
1663 1635 1871 1696 offensio
1911 1640 1959 1685 et
1991 1637 2362 1686 mendaciorum

210 1722 371 1769 codex
403 1722 696 1782 appelletur.

1014 1885 1017 1888 ⁴
1076 1861 1231 1910 Nota
1274 1860 1502 1910 Tertio.

352 1972 394 2020 (Ι
432 1972 597 2021 Posset
629 1973 807 2034 aliquis
837 1972 1049 2023 obiicere
1087 1974 1404 2022 Parcendum
1439 1979 1552 2022 erat
1597 1973 1782 2022 Ioanni
1813 1973 2059 2024 Reucblin
2097 1977 2230 2024 velut
2262 1989 2362 2024 ex—
2441 1999 2456 2009 s

209 2050 404 2106 celtenti
437 2063 577 2119 poete
623 2062 672 2105 et
714 2060 765 2106 in
811 2058 1120 2116 secularibus
1155 2056 1343 2108 litteris
1375 2048 1608 2121 apprime
1635 2059 1868 2120 erudito,
1915 2073 2039 2108 casu
2080 2062 2235 2109 etiam·
2257 2073 2360 2123 po-
2375 2071 2429 2130 ²⁰.-

208 2145 321 2206 sito,
372 2143 506 2204 quod
540 2142 611 2190 bis
650 2146 741 2190 aut
774 2146 848 2190 ter
891 2147 978 2206 aut
1015 2149 1193 2204 quater
1238 2145 1289 2192 in
1337 2158 1430 2193 sua
1475 2146 1831 2194 consultatione
1883 2145 2180 2198 aberrasset.
2254 2145 2363 2204 Ite-7

206 2228 436 2291 spondeo,
464 2228 520 2276 id
541 2228 804 2284 verisimile
827 2228 1185 2289 quodammodo
1207 2231 1380 2290 pueris
1405 2234 1495 2278 aut
1512 2228 1695 2288 favore
1718 2231 1959 2289 eccecatis
1982 2230 2154 2290 videri,
2179 2244 2362 2292 quam-

209 2314 278 2360 vis
308 2319 470 2360 tamen
501 2326 597 2361 non
644 2314 716 2362 ita
762 2314 851 2372 sit,
895 2326 1007 2362 cum
1054 2315 1106 2362 in
1147 2316 1355 2363 ecclesia
1402 2314 1485 2362 dei
1520 2315 1687 2362 omnia
1729 2314 1940 2380 debeant
1979 2328 2085 2363 esse
2131 2329 2360 2378 syncera,

208 2399 371 2447 omnia
402 2410 564 2460 pura,
609 2400 778 2463 clara,
826 2397 1042 2456 illibata,
1090 2404 1136 2447 et
1181 2400 1319 2468 nullo
1362 2411 1590 2464 errorum
1633 2400 1892 2448 intervallo
1927 2399 2158 2473 discreta.
2233 2399 2361 2450 Nam

209 2488 323 2530 teste
369 2485 584 2543 apostolo
627 2488 682 2532 ut
724 2487 839 2531 ante
874 2487 978 2532 octo
1013 2496 1171 2532 annos
1207 2460 1368 2532 didici
1399 2481 1576 2532 Omnes
1607 2464 1760 2533 unum
1795 2497 1977 2563 corpus
2011 2498 2180 2534 sumus
2215 2489 2378 2546 quol-
2375 2495 2429 2534 Ἀ

208 2572 323 2627 quot
353 2569 403 2615 in
444 2567 632 2633 Christo
668 2568 932 2633 baptizati
941 2581 1135 2627 sumus,
1182 2570 1270 2629 qui
1302 2579 1399 2615 non
1443 2570 1624 2616 multas
1657 2569 1749 2616 sed
1781 2582 1935 2618 unam
1968 2569 2064 2618 sibi
2098 2569 2363 2618 dumtaxat

207 2664 438 2713 sponsam
472 2652 534 2699 ab
570 2658 738 2712 eterno
763 2628 1013 2714 preeleqit
1042 2652 1184 2700 Nulli
1215 2665 1335 2712 erqo
1370 2665 1569 2702 errores
1586 2690 1598 2713 ‚
1636 2654 1782 2702 immo
1813 2658 1862 2702 et
1894 2667 1958 2702 ne
1994 2667 2124 2702 unus
2161 2654 2359 2715 quidem

209 2736 563 2797 admittendus,
615 2750 728 2785 cum
780 2751 848 2786 ex
901 2751 1005 2791 una
1058 2738 1276 2786 scintilla
1327 2739 1576 2786 maximus
1630 2738 1878 2787 interdum
1918 2737 2062 2799 'ienis
2120 2743 2358 2800 exurqat.

210 2821 251 2867 (Ι
288 2820 527 2870 Secundo.
575 2835 824 2883 ponamus
859 2836 1030 2873 casum
1063 2822 1201 2884 quod
1229 2825 1471 2883 princeps
1501 2823 1706 2886 quidam
1741 2836 1919 2884 equum
1954 2825 2128 2872 emerit
2148 2823 2358 2884 specio-

207 2901 446 2954 sissimum
479 2891 671 2955 centum
699 2889 925 2956 videlicet
959 2907 1173 2964 ducatis,
1221 2913 1271 2955 et
1314 2907 1443 2955 idem
1490 2908 1574 2955 ille
1616 2921 1769 2968 equus
1814 2908 1949 2955 intra
1994 2907 2093 2956 duo
2134 2894 2226 2957 aut
2257 2908 2356 2956 tria
2372 2917 2424 2967 ³⁰„

207 2992 426 3038 miliaria
462 2997 536 3038 ter
573 2992 841 3040 dumtaxat
885 2998 973 3040 aut
993 2980 996 2982 v
1018 2996 1193 3052 quater
1231 2986 1486 3051 ceciderit,
1532 2991 1791 3052 Queritur‚
1832 2992 1955 3053 quid
2000 2993 2063 3041 de
2102 2994 2196 3041 tali
2235 3003 2358 3053 equo

208 3075 503 3123 censendum
538 3072 639 3124 sit?
674 3075 1058 3138 Respondebunt
1090 3068 1353 3140 sapientes,
1382 3089 1479 3124 non
1511 3089 1617 3124 esse
1641 3078 1779 3125 illum
1811 3078 1906 3125 tali
1923 3078 2100 3138 precio
2136 3077 2355 3138 azynum,

209 3172 519 3219 nequaquam
553 3167 714 3208 tamen
746 3175 812 3208 ex
849 3165 944 3209 toto
978 3161 1406 3221 contemnendum,
1441 3145 1498 3209 eo
1531 3160 1666 3221 quod
1698 3161 1990 3222 imprudens
2019 3160 2254 3222 fortasse,
2284 3163 2370 3212 vel,

209 3245 307 3290 alio
339 3245 500 3291 nescio
525 3258 618 3304 quo
649 3246 988 3306 impedimento
1023 3247 1371 3294 interveniente
1406 3247 1534 3294 citra
1566 3251 1747 3305 nature
1785 3246 2080 3317 debilitatem
2104 3259 2208 3295 sese
2229 3259 2356 3308 pro-

207 3329 450 3376 straverit.
525 3328 655 3385 Quid
687 3331 732 3377 si
764 3332 965 3389 tricies„
1000 3331 1047 3378 si
1087 3330 1415 3391 quadraqies,
1462 3332 1508 3379 si
1553 3332 1763 3390 octoqies
1811 3331 1946 3379 intra
1994 3331 2092 3380 duo
2129 3331 2351 3392 miliaria
2364 3338 2452 3395 3⁵3,

207 3415 379 3473 lapsus
408 3409 609 3471 fuerit?
647 3413 941 3462 Clamabunt
979 3427 1168 3477 omnes,
1218 3416 1359 3463 vilem
1396 3429 1499 3463 esse
1544 3416 1745 3464 bestiam
1793 3429 1885 3463 nec
1921 3422 2096 3463 aratro
2135 3416 2356 3476 dianam.

207 3496 362 3557 Modo
391 3497 463 3544 ad
485 3499 823 3558 propositum:
854 3498 913 3547 Si
940 3499 1156 3547 Ioannes
1189 3493 1435 3549 Reucltlin
1468 3500 1554 3559 bis,
1590 3506 1679 3560 ter,
1717 3506 1893 3561 quater
1926 3498 2219 3560 aberrasset,
2255 3501 2371 3548 mi-.

96 3584 195 3638 (gu)
218 3583 347 3630 nime
374 3585 536 3630 tamen
569 3582 870 3641 laudandus,
907 3597 1076 3631 verum
1114 3585 1231 3644 quia
1266 3586 1544 3646 septuaqies
1570 3580 1591 3650 ΙΙ
1615 3589 1662 3632 et
1698 3585 1911 3646 amplius
1934 3583 2155 3643 sortasse
2191 3585 2244 3633 in
2267 3594 2354 3632 suo

206 3668 405 3730 speculo
437 3654 632 3715 oculari
666 3671 812 3726 atque
848 3668 962 3714 aliis
995 3668 1047 3715 in
1083 3669 1201 3716 locis
1241 3668 1320 3726 (ut
1352 3670 1614 3716 multorum
1647 3668 1866 3728 probant
1893 3670 2190 3729 testimonia)
2241 3669 2352 3723 inef-

197 3753 421 3813 ptissime
462 3751 712 3807 deliravit,
756 3757 805 3799 et
842 3751 1101 3811 frequenti
1140 3765 1228 3799 suo
1261 3754 1407 3812 lapsu
1442 3753 1566 3799 alios
1596 3753 1699 3800 labi
1737 3751 1892 3816 fecit,
1941 3766 1974 3800 a
2017 3754 2209 3801 nemine
2253 3765 2348 3800 non
2363 3759 2407 3795 ω

208 3837 614 3889 condemnandus
643 3835 958 3885 iudicabitur.
1035 3834 1102 3883 Ob
1148 3835 1239 3896 lzec
1273 3834 1506 3897 predicta
1553 3838 1712 3898 maqis
1747 3841 1819 3886 est
1846 3849 2110 3886 consonum
2141 3837 2350 3897 veritati,
