2456 4264
266 245 381 302 162
558 268 650 297 loA.
674 267 986 296 PEPERICORNI
1010 265 1239 294 DEFENSIO
1256 247 1444 293 'CONTRA
1466 263 1674 291 FAMOSAS
1699 263 1740 291 Ο.
1764 264 1809 293 V·
1830 263 2101 291 EPISTOLAS.

262 404 377 446 ante
411 399 603 455 secula,
646 401 693 444 et
730 398 836 444 alia
874 397 981 443 vice
1017 396 1303 442 humaniter
1327 399 1374 440 et
1398 392 1695 440 carnaliter.
1759 392 1886 439 Item
1911 391 2103 439 Semele
2127 404 2220 451 que
2245 393 2407 440 nutrit

262 482 536 539 Bacchum,
578 481 830 538 siqnisicat
854 480 1053 526 beatam
1091 480 1350 538 virqinem‚
1392 478 1476 525 cui
1511 477 1700 523 dicitur
1725 475 1899 524 Exodi
1921 482 2010 524 .ΙΙ.
2044 476 2249 536 ‘Accipe
2276 488 2403 536 pue-

258 579 368 613 rum
394 567 539 612 istum
576 568 624 610 et
661 563 801 610 nutri
833 563 976 621 mihi,
1019 567 1068 609 et
1103 576 1195 621 eqo
1233 562 1367 609 dabo
1403 561 1496 608 tibi
1516 560 1793 608 mercedem
1818 559 1987 608 tuam'.
2062 560 2187 607 Item
2218 558 2403 618 fabula

257 650 319 695 de
355 649 559 695 Piramo
595 651 644 693 et
683 644 860 692 Thisbe
905 648 979 693 sic
1024 647 1299 705 exponitur
1344 646 1621 704 alleqorice
1668 649 1714 691 et
1757 645 2124 705 spiritualiter:
2170 643 2405 692 Piramus

253 732 504 790 siqnisicat
535 731 691 789 silium
730 731 835 788 dei,
887 735 935 776 et
978 729 1155 776 Thisbe
1199 731 1453 789 siqnificat
1499 729 1722 776 animam
1766 728 2037 776 humanam
2075 741 2226 787 quam
2264 731 2437 775 amatr>

259 815 495 873 Christus,
537 819 583 861 et
621 815 683 861 de
719 827 817 873 qua
852 814 1094 861 scribitur
1131 815 1181 861 in
1218 814 1478 872 evanqelio
1508 811 1689 859 ‘Tuam
1715 813 1874 873 ipsius
1898 813 2119 860 animam
2135 816 2401 872 pertrans-

198 899 344 946 inibit
388 897 606 959 qladius'
645 898 777 955 Luce
805 903 889 943 .II.
930 897 1014 945 Sic
1056 896 1233 945 Thisbe
1269 895 1525 955 interfecit
1560 909 1613 943 se
1635 892 1658 961 ΙΙ
1680 898 1858 964 qladio
1905 897 2089 944 amasii
2119 897 2214 944 sui.
2277 895 2402 943 Item

241 984 316 1051 *de
351 984 577 1031 Vulcano
614 983 701 1041 qui
735 984 935 1031 eiicitur
971 983 1033 1029 de
1067 983 1199 1041 celo,
1241 986 1288 1028 et
1324 979 1552 1039 eflicitur
1587 982 1816 1040 claudus,
1856 981 2098 1028 scribitur
2134 982 2186 1028 in
2213 980 2398 1028 Psalm.

257 1067 496 1126 ‘Expulsi
517 1072 631 1114 sunt
668 1081 758 1114 nec
787 1071 1063 1127 potuerunt
1085 1065 1234 1114 stare’
1275 1070 1340 1113 .et
1364 1079 1408 1113 c.
1486 1064 1527 1110 (Ι
1563 1065 1671 1123 Hec
1686 1066 1928 1126 predicta
1953 1077 2106 1125 quam
2129 1066 2232 1113 sint
2255 1077 2401 1112 scan-

253 1152 442 1197 daloza
486 1155 534 1197 et
582 1153 860 1210 apostatice
903 1153 1194 1211 conscripta
1242 1163 1383 1197 nemo
1428 1154 1499 1196 est
1554 1150 1770 1197 omnium
1825 1150 1913 1209 qui
1961 1162 2061 1197 non
2114 1149 2261 1197 videt.
2336 1149 2398 1196 In
2422 1159 2456 1193 w

253 1239 357 1278 .XX
368 1239 509 1281 VIII.
535 1236 747 1295 epistola
763 1248 863 1294 per
888 1235 1184 1283 derisionem
1209 1235 1430 1282 abutitur
1452 1236 1709 1282 sententiis
1733 1235 2051 1294 evanqelicis.
2113 1233 2178 1281 In
2206 1237 2399 1298 .XX1X.

252 1318 316 1365 de
353 1320 641 1366 ascensione
679 1320 869 1366 domini
902 1323 949 1366 et
985 1291 1211 1367 extrem}
1249 1319 1435 1366 iudicio
1470 1319 1526 1377 fit
1561 1319 1818 1378 sacrileqa
1854 1319 2119 1366 enarratio
2163 1322 2212 1365 et
2249 1318 2399 1365 omni—

200 1438 202 1440 .
252 1403 340 1450 bus
377 1404 617 1462 apostolis
655 1416 717 1450 ac
754 1404 895 1460 beate
932 1405 1124 1463 virqini
1155 1404 1433 1451 ridiculosa
1482 1404 1665 1451 illusio.
1740 1403 1804 1456 In
1844 1407 2007 1448 .XXX.
2032 1403 2273 1450 mentitur
2299 1414 2398 1462 pa-

243 1499 367 1546 pam
405 1487 600 1533 dedisse
635 1488 975 1547 indulqentias
1012 1489 1062 1535 in
1100 1489 1246 1536 rebus
1282 1487 1543 1535 inutilibus
1578 1492 1626 1535 et
1662 1487 1937 1535 maximam
1957 1484 2096 1544 facit
2122 1487 2399 1534 illusionem

249 1575 424 1617 sancto
462 1570 831 1629 Bonaventure.
908 1573 970 1619 In
1009 1577 1289 1621 ‚XXXIIIL
1316 1573 1448 1619 inter
1484 1573 1590 1620 alia
1625 1572 1893 1619 mendacia
1930 1571 2144 1619 ridicule
2179 1571 2400 1630 loquitur
2418 1581 2456 1616 ιε

250 1654 313 1700 de
347 1655 454 1701 sale
488 1655 744 1704 benedicto
781 1660 830 1703 et
866 1669 1001 1716 aqua
1038 1656 1315 1704 benedicta.
1391 1656 1454 1703 In
1481 1661 1689 1702 XXXV.
1706 1660 1973 1716 ponuntur
2008 1668 2071 1701 ea
2097 1668 2191 1715 que
2217 1655 2303 1702 vix
2327 1666 2399 1701 es-

247 1743 356 1784 sent
392 1739 610 1786 dicenda
649 1741 699 1786 in
729 1740 1027 1798 prostibula
1103 1741 1166 1788 In
1196 1745 1434 1797 .XXXVI.
1462 1741 1514 1787 in
1543 1741 1805 1800 principio
1850 1739 2066 1787 ridicule
2111 1740 2162 1787 in
2197 1751 2399 1786 sacrum

248 1821 495 1880 baptisma
533 1823 739 1881 loquens
774 1826 1014 1871 mentitur
1053 1823 1434 1883 Erphordenses
1472 1825 1852 1883 determinasse,
1905 1825 2042 1884 quod
2076 1823 2278 1883 quando
2314 1823 2397 1871 Iu-

248 1906 368 1962 deus
407 1906 467 1962 fit
516 1905 825 1955 Christianus
877 1909 1014 1967 quod
1065 1913 1184 1956 tunc
1240 1909 1528 1956 renascitur
1572 1909 1673 1968 ipsi
1706 1909 2024 1970 prepucium.
2110 1907 2175 1955 In
2222 1908 2398 1955 ultima

245 1989 455 2049 epistola
491 1991 628 2037 omni
662 1991 926 2051 iniquitate
955 1993 1114 2052 plena
1150 1992 1326 2039 scribit
1362 2005 1415 2039 se
1450 2006 1556 2040 esse
1590 1994 1895 2041 crinizatum
1933 1993 2005 2039 ad
2029 1992 2278 2053 pudenda
2300 2003 2456 2054 suaa

237 2085 338 2132 per
373 2086 525 2121 unum
561 2075 874 2135 monachum,
916 2081 966 2123 et
1003 2078 1107 2124 alia
1144 2077 1358 2136 quedam
1394 2077 1702 2125 zodomitica
1727 2077 2000 2138 nephanda
2027 2077 2207 2125 auditu
2231 2081 2279 2123 et
2294 2088 2398 2136 pro

246 2157 421 2216 quibus
446 2158 650 2207 debetur
667 2173 805 2221 pena
844 2161 990 2219 iqnis,
1033 2162 1249 2222 turpiter
1285 2162 1520 2222 effundit.
1597 2162 1855 2210 Derisorie
1889 2162 2039 2209 etiam
2074 2161 2300 2221 loquitur
2336 2161 2398 2208 de
2446 2141 2456 2221 aj

244 2242 349 2287 sale
385 2241 669 2303 benedicto,
723 2249 770 2292 et
815 2246 1115 2307 rythmatice
1165 2260 1228 2293 ac
1264 2247 1479 2294 ridicule
1515 2246 1669 2294 orare
1704 2247 1848 2294 docet
1884 2259 1987 2306 per
2030 2258 2207 2293 nomen
2246 2244 2397 2312 Ihesu
2447 2248 2456 2311 3

244 2324 425 2372 christi
457 2331 504 2373 et
539 2327 708 2375 beatos
744 2331 1077 2389 evanqelistas
1114 2335 1180 2377 .et
1205 2344 1248 2377 c.
1327 2329 1368 2375 (Ι
1409 2328 1589 2378 Omitto
1625 2331 1733 2378 alia
1769 2343 1864 2391 que
1893 2328 2171 2388 falsissime
2207 2343 2270 2377 ac
2306 2330 2392 2377 im·
2439 2335 2456 2378 1

238 2410 595 2467 pudentissime
631 2412 681 2459 in
718 2414 818 2460 illis
852 2415 1141 2474 conscripta
1177 2418 1304 2473 sunt,
1346 2427 1514 2462 verum
1551 2427 1650 2474 quo
1687 2419 1896 2463 auctore
1919 2420 1968 2462 et
1991 2414 2167 2474 quibus
2191 2371 2456 2499 tandemtd

243 2491 635 2554 chalcoqraphis
670 2497 821 2556 edita,
863 2511 964 2545 non
1000 2499 1152 2545 multo
1180 2502 1299 2558 post
1334 2499 1589 2546 elucescet.
1664 2499 1969 2547 Delitescunt
2002 2500 2130 2546 enim
2166 2498 2254 2547 sub
2291 2511 2394 2546 um·
2439 2522 2456 2530 ··

243 2575 370 2634 bris,
413 2591 505 2625 nec
541 2580 791 2640 quispiam
828 2582 1091 2629 nobilitate
1126 2583 1443 2630 excusandus
1478 2583 1751 2644 videbitur,
1794 2585 1916 2644 quin
1944 2584 2118 2646 potius
2152 2584 2255 2631 suis
2288 2596 2392 2631 ma·
2432 2564 2442 2599 ἰ

241 2660 432 2707 ioribus
469 2663 797 2723 deqeneranS,
834 2667 1049 2725 posteris
1085 2667 1307 2714 omnibus
1341 2680 1432 2725 sue
1469 2663 1794 2727 iqnobilitatis
1828 2669 2075 2728 relinquet
2109 2668 2390 2716 exordium.
2438 2694 2449 2721 ς,

244 2742 349 2791 Nec
386 2746 603 2805 dubium,
646 2749 763 2807 quin
800 2751 974 2797 mortis
1010 2750 1139 2797 hora
1174 2764 1278 2798 sese
1302 2765 1558 2812 nunquam
1584 2753 1712 2800 talia
1734 2754 1993 2814 scripsisse
2015 2753 2116 2800 sint
2138 2753 2392 2800 desidera·
2432 2757 2456 2822 53

242 2828 362 2874 turi.
437 2829 664 2890 Itemque
700 2837 941 2892 quantum
978 2847 1071 2894 eqo
1108 2848 1174 2882 ex
1211 2836 1326 2883 aliis
1346 2836 1449 2894 fide
1474 2837 1643 2896 diqnis
1666 2838 1911 2897 intellexi,
1951 2850 1984 2885 a
2010 2837 2146 2886 nullo
2170 2849 2388 2897 unquam
2402 2833 2456 2905 ῥ’·

241 2912 508 2960 sacerdote
544 2916 596 2962 in
634 2917 739 2963 vita
765 2917 959 2965 absolvi
972 2923 1228 2978 poterunt,
1270 2934 1419 2980 quum
1445 2922 1572 2968 talia
1597 2927 1646 2968 et
1669 2926 1772 2970 tam
1793 2922 2022 2982 prandia
2045 2921 2238 2970 scelera
2264 2935 2389 2978 nun·
2427 2926 2448 2973 L

242 3008 390 3053 quam
430 2998 752 3048 dimittantur
787 3003 885 3049 nisi
909 3003 1061 3062 prius
1088 3004 1298 3063 publica
1335 3006 1697 3053 reclamatione
1731 3007 1831 3054 sint
1868 3007 2048 3054 deleta.
2104 3018 2275 3053 verum
2299 3004 2390 3064 hec
2423 2995 2432 3000 ’

239 3091 508 3128 sacrarum
555 3083 837 3133 litterarum
887 3087 1176 3135 doctoribus
1221 3093 1270 3135 et
1315 3090 1547 3150 inprimis
1590 3096 1914 3149 sacrosancte
1958 3091 2069 3139 sedi
2120 3090 2389 3151 apostolice
2430 3152 2435 3157 ¹

242 3162 557 3212 discutienda
582 3169 825 3228 relinquo,
904 3170 1130 3220 Ceterum
1157 3173 1214 3220 ob
1240 3173 1331 3231 hec
1366 3175 1652 3234 maledicta,
1694 3169 1900 3234 ecclesie
1935 3174 2182 3233 catholice
2217 3178 2387 3222 contu·
2420 3215 2436 3237 3„

240 3247 459 3306 meliosa,
500 3255 547 3296 et
570 3265 825 3311 nunquam
852 3255 903 3301 in
930 3255 1110 3304 bonam
1127 3262 1332 3318 partem
1359 3271 1391 3304 a
1416 3258 1555 3306 bonis
1579 3260 1899 3319 exponenda,
1926 3260 1999 3307 sic
2023 3259 2143 3307 libet
2166 3260 2239 3307 ad
2259 3254 2442 3327 sum-2}

241 3341 372 3377 mum
399 3335 688 3391 pontificem
716 3337 900 3386 Christi
905 3351 907 3354 ·
921 3341 1164 3388 vicarium
1191 3354 1254 3388 ac
1290 3343 1510 3403 reliquos
1546 3344 1749 3402 ecclesie
1777 3344 2041 3404 principes
2077 3344 2384 3392 exclamare.

496 3472 907 3551 Exclamatio
945 3481 1025 3527 ad
1059 3495 1342 3530 summum
1378 3483 1760 3544 pontificem
1798 3489 1846 3532 et
1870 3485 1944 3532 ad
1966 3498 2133 3532 omnes

981 3566 1131 3612 totius
1164 3568 1365 3625 ecclesie
1397 3569 1636 3627 presides.

382 3650 423 3698 (I
452 3653 491 3700 O
515 3655 794 3705 beatissime
811 3664 979 3720 pater,
1011 3664 1224 3711 omnium
1250 3678 1478 3712 errorum
1504 3667 1797 3727 extirpator
1821 3672 1868 3714 et
1891 3667 2083 3725 celestis
2106 3668 2257 3727 reqni
2276 3667 2379 3714 cla-

238 3735 379 3795 viqer
418 3736 457 3784 O
501 3743 898 3791 reverendissimi
935 3744 1255 3806 Cardinales,
1307 3748 1591 3796 clarissima
1637 3752 1815 3798 mundi
1858 3752 2049 3799 lumina
2089 3750 2128 3799 0
2168 3750 2384 3812 piissimi
2393 3762 2434 3799 ω

351 3859 388 3885 ²⁷
417 3862 516 3903 Hoc
545 3866 587 3905 in
620 3867 848 3907 Huttenum
877 3869 964 3909 dici
992 3869 1221 3923 ambiyuum
1251 3883 1332 3911 non
1363 3878 1441 3912 est.
