2456 4264
863 286 1196 318 nocnswnATvs
1218 286 1368 317 ovAuS
1389 286 1639 318 DIALOGvs.
2198 261 2316 320 471

165 417 467 480 populorum,
513 433 606 466 non
652 420 962 482 depastorem,
1009 435 1101 468 non
1137 421 1539 483 depopulatorem,
1586 428 1631 468 et
1666 429 1867 485 patrem,
1916 436 2009 468 non
2046 422 2321 484 perditorem

165 496 302 552 atque
327 490 623 537 extinctorem
648 491 695 537 in
722 506 897 539 summo
937 492 1152 554 pontifice
1189 500 1465 554 agnoscunt:
1507 493 1585 539 sed
1620 495 1730 540 mihi
1768 508 1861 541 non
1887 493 2087 546 videtur,
2127 508 2229 541 cum
2254 495 2322 540 ni·
2340 500 2382 544 §.⁵

164 561 229 607 hil
265 560 453 608 nimium
488 562 578 608 dici
613 565 762 624 possit
798 564 853 609 ad
889 564 1139 624 augendam
1176 564 1456 611 maiestatem
1482 564 1683 613 ecclesiae
1707 566 1778 612 vel
1802 566 1944 612 invito
1971 564 2163 617 Christo,
2203 566 2326 627 quod
2356 616 2358 618 ,

164 631 220 678 ab
255 632 443 692 utiliret
477 634 673 680 honesto
710 635 861 682 videre
899 642 992 682 est:
1040 635 1149 697 quid
1194 636 1314 682 enim
1361 637 1650 683 honestasset
1697 644 1743 684 et
1779 636 2107 698 locupletasset
2144 637 2325 683 ordines

127 702 546 756 smendicantium,
596 707 634 752 si
682 720 774 752 non
820 708 1016 753 maiores
1054 708 1202 754 nostri
1237 707 1543 758 desudassent
1572 708 1763 755 feliciter
1798 707 2115 755 confirmandis
2152 708 2324 756 viribus

162 774 354 822 clavium
391 775 619 828 ecclesiae,
668 779 707 823 si
742 791 835 824 non
873 791 1007 838 reges
1046 786 1092 824 et
1128 792 1342 840 proceres
1380 779 1536 825 mundi
1574 780 1836 839 coegissent
1872 779 1919 824 in
1953 793 2191 826 numerum
2231 794 2325 827 ser-

162 861 318 893 vorum
355 847 616 895 facientium
652 848 887 910 pontificia
923 851 1176 910 imperata?
1224 857 1270 896 et
1306 863 1363 896 ne
1400 851 1589 896 nimium
1632 850 1784 911 prisca
1825 850 2043 902 reseram,
2093 851 2202 913 quid
2242 851 2323 898 Ec-

160 919 280 964 cium
328 921 452 966 auxit
499 920 755 967 sacerdotio
805 920 1027 967 ditissimo
1075 927 1122 967 et
1169 921 1433 982 quingentis
1485 920 1683 973 ducatis,
1733 936 1867 982 quam
1914 922 2036 983 quod
2073 921 2324 969 fortissime

160 989 369 1037 adulatus
407 991 504 1037 est?
541 989 658 1048 Quid
694 998 827 1053 putas
863 991 1031 1038 sacient
1069 992 1145 1038 alii
1182 993 1262 1054 qui
1300 992 1484 1039 obnoxii
1522 998 1630 1038 sunt
1665 991 1872 1053 pontifici
1907 999 2098 1054 propter
2134 994 2323 1041 donatas

109 1071 147 1103 ιο
163 1061 393 1114 abbatias,
445 1064 763 1124 episcopatus,
809 1063 1167 1124 praeposituras,
1215 1063 1396 1123 galeros
1434 1062 1774 1115 Cardinalitios,
1824 1078 1927 1125 quae
1967 1064 2117 1110 solent
2153 1065 2323 1127 alioqui

157 1133 341 1181 Rbomae
376 1135 530 1181 venire
565 1134 790 1181 maximo?
841 1141 964 1180 certe
999 1134 1282 1188 inclinabunt
1317 1136 1363 1180 in
1401 1135 1620 1196 parietem
1658 1134 1928 1187 feliciorem,
1978 1141 2025 1181 et
2060 1136 2324 1196 prudenter,

158 1218 258 1251 mea
294 1205 477 1266 quidem
514 1207 763 1258 sententia;
810 1205 940 1252 decet
977 1205 1097 1251 enim
1135 1205 1384 1266 quemlibet
1420 1205 1623 1252 remetiri
1671 1207 1886 1267 gratiam,
1937 1207 2030 1252 sive
2079 1206 2178 1254 iure
2230 1209 2322 1253 sive

157 1275 347 1328 iniuria,
370 1277 508 1324 >nihil
543 1276 700 1323 refert.
774 1290 915 1338 quare
951 1283 998 1323 et
1043 1277 1332 1323 vehementer
1375 1277 1522 1339 probo
1569 1277 1882 1324 reverendum
1912 1283 2087 1339 patrem
2134 1278 2321 1325 fratrem

158 1346 451 1401 Silvestrum,
500 1348 718 1409 Magirum
764 1349 881 1394 sacri
916 1347 1095 1409 palatii,
1146 1349 1223 1409 qui
1271 1348 1405 1395 docte
1443 1348 1615 1394 insistit
1652 1348 1812 1409 iisdem
1850 1349 2066 1409 vestigiis,
2141 1349 2228 1396 Sed
2264 1351 2318 1397 ad
2337 1360 2433 1402 §.za

105 1435 143 1466 15
159 1432 281 1470 rem,
329 1419 524 1467 Thomas
558 1419 798 1466 Caietanus
836 1418 1083 1466 Cardinalis
1119 1419 1162 1465 S.
1190 1419 1303 1465 Sixti
1340 1422 1455 1467 viam
1493 1420 1548 1466 ad
1585 1433 1718 1466 aures
1755 1420 2010 1467 Rhomanas
2052 1421 2162 1467 mihi
2204 1436 2321 1483 prae-

155 1490 345 1543 struxit,
396 1493 474 1552 qui
522 1489 763 1538 affirmavit
809 1490 1000 1538 maxima
1047 1491 1342 1538 contentione
1390 1491 1638 1538 Germanos
1685 1491 1944 1538 abiecturos
1993 1492 2178 1552 iugum,
2234 1494 2322 1539 nisi

154 1563 439 1609 atrocissime
475 1563 523 1609 in
559 1568 746 1610 autores
783 1562 1016 1611 redeuntis
1055 1562 1111 1609 ad
1136 1562 1382 1609 Germanos
1420 1563 1575 1610 iudicii
1612 1563 1972 1610 animadversum
1999 1563 2152 1610 fuerit.
2200 1564 2321 1611 Prae-

153 1639 278 1680 terea
311 1633 536 1680 Adrianus
572 1633 819 1682 Cardinalis
855 1634 1219 1689 Derthusiensis,
1260 1634 1521 1696 Theologus
1560 1649 1662 1682 cum
1699 1635 1876 1696 ingenti
1913 1635 2158 1697 supercilio
2198 1636 2321 1683 fuca-

153 1705 380 1758 tissimus,
417 1712 580 1768 pectus
617 1720 828 1754 caesareae
865 1705 1002 1759 aulae,
1051 1706 1098 1752 in
1134 1707 1224 1752 hoc
1258 1705 1415 1753 literas
1452 1707 1673 1753 Rhomam
1708 1721 1763 1753 ex
1800 1708 1935 1753 animi
1973 1707 2062 1754 mei
2099 1710 2322 1755 sententia

91 1790 137 1823 20
154 1777 339 1824 nomine
362 1777 657 1839 Imperatoris
695 1780 903 1840 scripsit,
943 1784 991 1823 et
1027 1777 1096 1838 (ut
1133 1779 1177 1824 in
1216 1791 1288 1824 me
1325 1777 1480 1824 nullus
1518 1791 1667 1840 neque
1702 1778 1833 1826 famae
1869 1792 2018 1839 neque
2055 1793 2202 1840 poenae
2228 1793 2319 1825 me-

151 1847 244 1909 tus)
280 1849 563 1910 sequestravi
600 1863 624 1895 e
660 1850 868 1911 patribus
916 1849 1089 1896 ordinis
1138 1851 1305 1901 nostri,
1358 1849 1435 1911 qui
1473 1851 1657 1897 tametsi
1693 1857 1977 1897 sacramento
2013 1850 2224 1912 Philippo
2264 1851 2319 1896 de

147 1919 426 1968 Flerscheim
450 1921 678 1968 Canonico
717 1927 763 1967 et
786 1921 971 1969 Cantori
996 1920 1214 1982 Spirensi,
1253 1927 1299 1967 et
1336 1921 1467 1968 editis
1504 1921 1640 1968 etiam
1676 1920 1823 1969 literis
1863 1936 2051 1968 suorum
2089 1921 2319 1968 coenobio-

147 2004 248 2038 rum
286 1993 432 2054 signis
469 1992 749 2040 confirmatis
787 2007 889 2040 sese
936 1992 1303 2052 obstrinxerant,
1354 1993 1476 2054 quod
1513 1999 1671 2040 essent
1706 1993 1934 2045 curaturi,
1981 1999 2033 2039 ut
2070 2007 2203 2040 causa
2241 1992 2316 2040 illa

147 2070 374 2126 perpetuo
411 2063 595 2112 silentio
634 2064 961 2112 obliteraretur
997 2080 1022 2111 a
1060 2078 1237 2111 summo
1274 2063 1514 2126 pontifice,
1555 2067 1709 2111 testati
1746 2071 1895 2110 tamen
1933 2071 2041 2111 sunt
2076 2063 2224 2111 literis
2262 2065 2316 2112 ad

90 2151 135 2184 25
148 2134 472 2188 Romanenses,
510 2149 582 2182 me
618 2138 859 2190 monitore,
899 2136 1022 2198 quod
1058 2150 1143 2198 pro
1181 2136 1423 2184 concordia
1461 2143 1507 2182 et
1544 2136 1823 2183 extinctione
1845 2150 1995 2183 causae
2023 2136 2315 2198 scripserant,

146 2206 195 2253 id
228 2205 342 2253 nihil
379 2220 433 2254 ex
468 2209 620 2254 animo
660 2210 903 2270 scriptum,
952 2208 1032 2254 sed
1073 2214 1248 2254 tantum
1287 2207 1516 2255 avertendi
1555 2207 1749 2269 periculi
1786 2221 1939 2255 causa.
2014 2207 2202 2255 fuerunt
2237 2221 2314 2254 au-

148 2283 237 2324 tem
273 2278 429 2326 missae
466 2278 612 2327 literae
659 2279 705 2325 in
752 2281 839 2327 hoc
875 2280 1092 2327 Rhomam
1132 2295 1156 2326 a
1193 2279 1416 2326 Cardinali
1452 2279 1744 2340 Moguntino,
1794 2293 1820 2325 a
1856 2278 2060 2325 Palatino
2110 2278 2316 2340 principe

146 2349 369 2403 electore,
427 2356 475 2398 et
523 2366 549 2398 a
593 2351 787 2398 concilio
824 2351 1203 2403 Praedicatorum,
1254 2351 1375 2413 quod
1412 2351 1751 2400 Francofordiae
1799 2357 1893 2397 tum
1941 2351 2141 2409 coierat,
2190 2350 2315 2397 iuxta

144 2421 372 2484 exemplar
407 2422 658 2470 exhibitum
696 2423 775 2476 iis,
814 2438 930 2485 quos
966 2423 1033 2469 illi
1069 2429 1315 2470 exorarunt
1352 2411 1551 2470 arbitros
1598 2424 1718 2470 inter
1753 2421 2043 2469 Franciscum
2081 2421 2314 2483 Sickinge-

88 2507 251 2542 sorum
288 2499 335 2540 et
371 2499 526 2556 patres
566 2494 752 2540 ordinis.
826 2495 1065 2542 Postremo
1103 2495 1382 2541 interminati
1420 2509 1577 2541 sumus
1615 2494 1729 2540 nihil
1766 2494 2020 2556 quempiam
2060 2507 2113 2539 ex
2150 2499 2308 2539 nostra
2328 2508 2423 2545 (ευ.

145 2565 343 2612 factione
387 2567 437 2612 in
485 2572 583 2613 toto
633 2566 744 2612 orbe
782 2566 997 2613 adversus
1034 2567 1282 2613 Lutherum
1320 2580 1404 2627 pro
1443 2565 1658 2628 pontifice
1704 2566 1958 2625 dicturum,
2005 2564 2097 2612 nisi
2143 2565 2312 2612 condo-

143 2643 251 2683 nata
298 2637 676 2684 condemnatione
721 2637 971 2684 Reuchlini.
1046 2638 1124 2684 His
1171 2636 1424 2685 rationibus
1475 2638 1602 2686 effeci
1650 2637 1847 2699 vulgatis
1902 2636 2081 2698 quidem
2129 2636 2313 2684 Rhomae

144 2707 255 2755 licet
291 2708 428 2770 paulo
467 2708 905 2770 impudentioribus,
943 2711 1003 2756 mi
1041 2708 1152 2762 Lee,
1191 2723 1283 2755 non
1322 2711 1421 2755 sine
1456 2723 1618 2771 magna
1657 2709 1697 2755 vi
1736 2708 2053 2771 pecuniarum:
2092 2723 2195 2756 nam
2231 2708 2312 2754 Pe-

146 2785 254 2827 trus
278 2779 591 2828 Anconitanus
616 2780 863 2828 Cardinalis
903 2782 949 2827 in
989 2780 1141 2828 officio
1181 2780 1403 2828 tenendus
1443 2781 1558 2840 suit⁷
1597 2787 1648 2827 ut
1687 2780 1911 2828 sententia
1937 2780 2164 2842 Spirensis
2191 2780 2312 2827 dam-

254 3003 273 3030 ⁶
304 3003 402 3050 foel.
426 3008 469 3050 3.
556 3005 575 3031 ⁷
605 3005 857 3060 impetrata
888 3008 931 3048 3.
1031 3003 1064 3032 ¹¹
1095 3006 1251 3048 Romae
1276 3007 1373 3050 3.4.
1472 3006 1744 3048 foeliciorem
1776 3008 1820 3047 3.
1918 3003 1952 3031 ¹³
1983 3005 2036 3046 R.
2060 3005 2114 3046 P.
2134 3005 2190 3047 F.
2211 3006 2311 3048 edd.

141 3073 179 3103 ¹⁴
208 3074 280 3121 Cf.
303 3080 391 3119 art.
412 3076 636 3120 silvester
665 3077 886 3121 Prierias.
973 3077 1202 3132 Magirum
1223 3079 1322 3120 edd.
1345 3078 1549 3132 mag-irus
1569 3092 1627 3114 =
1648 3090 1798 3122 cocus.
1821 3078 1937 3119 nolui
1953 3076 2143 3118 scribere
2164 3077 2309 3130 magi-

141 3149 300 3189 strum.
360 3145 396 3174 ¹⁸
424 3147 656 3190 Adrianus
687 3147 939 3190 cardinalis
968 3149 1303 3201 Dertusiensis‚
1344 3153 1510 3205 postea
1539 3149 1771 3191 Adrianus
1801 3150 1890 3191 ΡΡ.
1914 3148 1991 3193 VI.
2031 3146 2104 3191 Of.
2137 3148 2308 3202 epistu-

139 3217 234 3260 lam
262 3218 455 3261 Adriani
485 3219 542 3261 de
573 3220 795 3262 Traiecto
827 3233 883 3261 ex
912 3219 1169 3262 Mechlinia
1199 3220 1240 3262 d.
1264 3220 1333 3261 21.
1355 3219 1497 3275 April.
1531 3233 1572 3262 a.
1598 3219 1720 3262 1514.
1746 3221 1804 3262 ad
1835 3220 2169 3262 Bernardinum
2201 3219 2308 3272 (Ca-

138 3289 340 3343 ravajal)
371 3288 669 3333 Cardinalem
691 3291 737 3333 S.
762 3291 922 3332 Crucis
954 3292 1172 3346 scriptam
1204 3305 1277 3346 ap.
1303 3292 1600 3334 Friedloender
1620 3292 1855 3346 Beitriige.
1887 3305 1929 3346 p.
1963 3290 2057 3334 111.
2083 3304 2150 3345 sq.
2181 3291 2309 3333 Idem

139 3360 183 3403 d.
214 3360 286 3403 29.
315 3362 453 3404 Mart.
486 3374 529 3403 a.
566 3360 688 3407 1520.
728 3360 1075 3415 „compostella
1113 3363 1278 3404 scribit
1317 3364 1376 3405 ad
1416 3375 1451 3405 s.
1485 3363 1758 3406 facultatem
1795 3363 1937 3405 theol.
1972 3362 2306 3410 Coloniensem,

137 3430 300 3475 laudat
329 3434 429 3475 eius
458 3432 623 3486 zelum,
655 3437 703 3474 et
732 3446 864 3488 opem
894 3434 1123 3487 promittit
1153 3436 1313 3476 contra
1333 3435 1436 3476 Ioa.
1458 3434 1741 3489 Capnionem
1774 3438 1821 3477 et
1840 3435 2011 3477 Franc.
2044 3435 2099 3477 de
2124 3435 2305 3477 Sickin-

138 3506 271 3558 gen”.
322 3505 585 3549 Hartzlzeim.
616 3505 765 3559 prodr.
796 3505 903 3548 hist.
934 3505 1058 3547 univ.
1092 3504 1251 3549 Colon.
1283 3520 1327 3560 p.
1366 3504 1429 3547 18.
1525 3502 1833 3548 Drechtusiefi
1847 3509 1885 3550 1.
1901 3508 1942 3548 3.
1973 3507 2304 3549 Drechtusien-

136 3576 255 3617 sium
276 3578 319 3620 4.
340 3575 390 3629 (1)
420 3571 717 3617 Derthtul'iefi
743 3578 786 3617 2.
816 3577 897 3618 ced
923 3580 966 3617 in
995 3589 1129 3630 mar-9.
1163 3578 1200 3618 1.
1233 3582 1297 3618 esc
1327 3575 1615 3622 Derthusiefi.
1707 3576 1740 3604 ¹⁹
1770 3578 1961 3620 Romam
1992 3581 2033 3620 2.
2049 3580 2092 3623 3.
2170 3577 2204 3605 ²¹
2237 3578 2302 3619 sa-

140 3644 217 3689 cfo
246 3650 290 3691 2.
376 3644 414 3672 ²²
443 3646 699 3688 Flersheim
732 3649 776 3689 3.
819 3647 887 3700 Cf.
917 3659 1052 3701 supra
1082 3649 1228 3690 adnot.
1258 3650 1318 3690 ad
1346 3651 1385 3700 ξ.
1410 3651 1453 3691 2.
1568 3647 1606 3676 ²⁷
1642 3649 1834 3692 Romam
1867 3654 1908 3694 3.
1920 3652 1961 3693 4.
2085 3649 2301 3691 Palatino

139 3715 304 3773 princ.]
341 3718 568 3760 Ludovici
601 3719 783 3760 comitis
812 3718 1021 3761 Palatini
1062 3719 1119 3761 ad
1151 3720 1353 3762 Leonem
1383 3721 1439 3762 X.
1461 3720 1790 3776 Heidelbergae
1823 3721 1953 3765 (1.20.
1976 3722 2085 3765 Mai.
2111 3735 2151 3762 a.
2179 3719 2298 3762 1520.

140 3790 262 3832 datae
299 3790 648 3844 praedicatorias
687 3790 1061 3832 commendantes
1099 3790 1270 3834 litterae
1304 3795 1463 3834 extant
1495 3806 1568 3847 ap.
1592 3794 1891 3836 Friedloender
1921 3794 1950 3835 l.
1975 3807 2013 3837 c.
2045 3807 2086 3846 p.
2114 3790 2205 3832 116.
2230 3804 2296 3844 sq.

140 3859 176 3887 ²⁸
206 3860 370 3903 concil.
393 3859 633 3915 Francof.]
666 3861 764 3904 Has
795 3862 977 3904 litteras
1008 3862 1081 3903 die
1106 3861 1172 3904 10.
1194 3864 1305 3904 Mai.
1338 3877 1380 3905 a.
1406 3864 1529 3906 1520.
1561 3866 1760 3920 scriptas
1791 3878 1929 3919 supra
1951 3878 1993 3918 p.
2016 3862 2112 3904 446.
2138 3876 2202 3916 sq.
2228 3876 2295 3903 re-

140 3933 400 3988 petivimus.
469 3931 557 3959 ²⁸³⁴
589 3932 660 3974 cf.
684 3936 767 3975 art.
792 3933 1014 3986 Accoltis,
1035 3935 1200 3977 Petrus
1231 3935 1300 3979 de.
1392 3940 1507 3978 sent.
1531 3936 1667 3992 Spin]
1697 3938 1761 3989 Cf.
1784 3950 1916 3990 supra
1937 3937 2080 3977 adnot.
2113 3936 2173 3975 ad
2191 3935 2229 3985 §-
2254 3934 2293 3976 3.
