2456 4264
569 268 715 306 I-NDflX
735 276 893 306 EORVM
916 276 1018 311 QVAE
1040 275 1130 305 1100
1152 275 1395 306 VOLVMINE
1420 276 1761 307 CONTINENTVR.
1848 299 1852 304 .
2107 273 2237 314 XXV

2148 407 2238 452 Pag.

218 467 486 530 phelingus,
535 467 729 514 Brantus
774 466 1041 513 nominatim
1086 474 1395 513 recensentur.
1471 474 1516 513 et
1554 483 1576 514 a
1617 468 1832 529 religioso
1873 485 1985 531 quo-

219 540 319 586 dam
357 554 408 586 se
445 540 675 601 accepisse
713 539 911 600 scriptor
947 538 1089 584 refert
1113 538 1438 585 Antichristum
1476 541 1562 586 iam
1589 547 1766 592 natum,
1807 541 1885 587 sed
1911 541 1987 586 ad-

219 612 306 658 huc
352 615 539 672 parvum
587 624 710 662 esse,
759 610 958 671 itemque
1000 609 1299 656 Carthusiano
1348 611 1522 658 cuidam
1560 612 1713 659 mundi
1753 612 1983 659 interitum

219 681 389 730 caelesti
425 695 535 729 voce
572 682 819 729 revelatum
857 695 982 735 esse;
1030 682 1244 728 Bononiae
1283 684 1417 729 etiam
1457 683 1678 744 quendam
1716 685 1855 730 civem
1894 686 1985 746 spi-

219 755 357 800 ritum
396 753 586 806 habere,
626 754 703 815 qui
741 760 929 800 vocatur
952 753 1067 800 Rilla
1095 760 1141 799 et
1167 754 1461 801 miraculosas
1489 768 1562 800 res
1600 755 1871 802 vaticinatus
1899 763 1984 803 est.

78 854 162 906 52.
200 849 481 901 Henrichus
520 849 752 900 Schluntz
792 849 993 900 Ortvino
1033 849 1218 904 Gratio.
1364 851 1414 899 in
1454 850 1782 916 Nurmberga.
1880 892 1890 902 .
1969 894 1979 903 .
2019 860 2114 903 268.
2156 860 2239 902 269

216 924 354 972 Mittit
391 925 640 972 ‘Rationale
678 925 959 977 divinorum',
999 939 1089 986 quo
1129 932 1447 972 remuneretur
1473 925 1526 971 ab
1555 925 1739 973 Ortvino
1768 926 1852 973 sibi
1880 929 1987 973 mis-

216 1011 310 1043 sam
347 996 635 1059 Peperieorni
674 996 1010 1048 Defensionem,
1065 1011 1156 1043 non
1205 996 1333 1058 quasi
1379 1011 1471 1042 non
1521 1011 1727 1057 magnam
1764 998 1984 1044 librorum

215 1069 392 1130 copiam
430 1068 641 1114 Ortvinus
680 1067 887 1122 haberet;
926 1070 1063 1114 immo
1102 1067 1317 1114 memoria
1356 1071 1525 1129 repetit
1563 1070 1682 1116 hune
1720 1069 1828 1116 olim
1855 1069 1986 1116 Colo-

218 1141 303 1186 niae
339 1138 521 1186 flabello
559 1139 767 1200 pulveres
806 1154 828 1185 a
868 1139 999 1186 libris
1036 1139 1173 1185 variis
1212 1138 1516 1186 decutientem
1554 1140 1720 1187 dixisse
1772 1141 1814 1187 id
1864 1141 1986 1188 docti

216 1224 340 1263 esse,
380 1210 501 1272 ‘quia
539 1213 613 1272 qui
653 1211 850 1257 honorat
888 1207 1058 1262 libros,
1098 1212 1292 1258 honorat
1330 1212 1466 1257 etiam
1506 1212 1746 1259 scientias’.

75 1311 157 1364 53.
198 1307 442 1357 lohannes
479 1305 796 1357 Schluntzick
833 1306 1035 1357 Ortvino
1058 1308 1259 1358 Gratio.
1405 1308 1640 1358 Romanae
1679 1309 1852 1360 Curiae.
1966 1350 1976 1360 .
2017 1316 2232 1360 269...271

213 1382 251 1428 Α
276 1381 578 1444 neglegentiae
605 1384 650 1428 in
676 1382 917 1443 epistolico
956 1385 1228 1429 commercio
1266 1383 1521 1430 commissae
1559 1383 1747 1431 crimine
1786 1386 1989 1446 scriptor.

215 1467 315 1500 sese
341 1460 548 1501 excusat:
576 1469 709 1514 quam
736 1453 1083 1514 diligentissime
1110 1456 1227 1500 enim
1257 1455 1504 1516 scripserat
1525 1454 1725 1508 Ortvino,
1755 1463 1799 1502 et
1825 1458 1986 1518 praeci-

213 1539 302 1586 pue
328 1525 557 1587 quomodo
582 1527 704 1572 inter
719 1525 994 1572 Florentiam
1010 1525 1286 1587 Romamque
1304 1527 1578 1574 Hoehstrato
1605 1528 1769 1574 misere
1794 1528 1986 1589 pedibus

213 1597 438 1644 incedenti
478 1597 650 1644 obviam
692 1597 839 1643 faetus
875 1611 1070 1659 cumque
1108 1612 1160 1644 eo
1199 1597 1456 1645 collocutus
1494 1606 1632 1645 esset.
1710 1606 1803 1646 tum
1842 1600 1986 1646 refert

212 1667 268 1714 de
303 1658 509 1730 periculo
547 1683 694 1716 causae
733 1668 834 1714 fidei
873 1667 927 1715 ab
965 1669 1129 1716 Ioanne
1167 1669 1299 1716 Wick
1337 1669 1609 1723 inminente,
1651 1673 1726 1733 qui
1765 1671 1985 1728 Questen-

214 1739 375 1801 bergio
401 1739 635 1806 Reuchlini
664 1742 806 1792 amieo
847 1746 1034 1787 auctore
1071 1741 1207 1788 huius
1247 1757 1426 1788 causam
1466 1742 1790 1790 defendendam
1831 1759 1984 1790 susee-

176 1803 181 1807 ’
214 1811 304 1873 pit,
343 1811 465 1874 quod
501 1812 575 1858 alii
614 1825 771 1859 omnes
809 1827 905 1874 prae
943 1819 1070 1860 metu
1107 1813 1437 1860 Hochstraticae
1475 1814 1816 1875 persecutionis
1855 1829 1983 1862 reeu-

213 1889 435 1930 saverant.
509 1898 631 1931 nunc
667 1883 739 1930 vix
775 1899 915 1930 unum
963 1898 1016 1930 ex
1063 1885 1216 1932 decem
1265 1885 1414 1931 favere
1462 1885 1694 1946 theologis
1745 1895 1791 1933 et
1838 1901 1984 1948 nuper

218 1957 270 1999 18
304 1961 411 2002 vota
447 1970 532 2016 pro
571 1955 846 2007 Reuchlino,
887 1959 912 1999 7
953 1962 1130 2002 tantum
1168 1971 1252 2018 pro
1295 1956 1523 2017 theologis
1562 1957 1681 2005 dicta
1720 1972 1836 2005 esse.
1898 1959 1983 2006 lta·

214 2040 302 2087 que
338 2027 443 2073 vitae
482 2026 604 2073 illius
642 2026 774 2074 Wick
812 2026 999 2073 insidias
1038 2028 1279 2074 struendas
1317 2028 1476 2074 suadet
1515 2030 1727 2091 scriptor.

73 2126 156 2178 54.
198 2121 490 2174 Wilhelmus
528 2122 695 2173 Bricot
732 2123 935 2174 Ortvino
975 2125 1159 2175 Gratio.
1306 2123 1613 2175 Wormaeiae.
1702 2166 1712 2176 .
1790 2165 1801 2175 .
1879 2166 1889 2177 .
1969 2166 1978 2176 .
2019 2133 2116 2175 271.
2154 2135 2237 2174 272

214 2197 322 2243 Cum
359 2212 475 2245 nova
513 2207 698 2259 semper·
729 2198 815 2245 sibi
854 2198 991 2245 scribi
1029 2206 1155 2260 petat
1181 2198 1419 2251 Ortvinus,
1457 2199 1666 2248 Bricotus
1692 2202 1832 2248 Roma
1870 2216 1985 2247 nun·

216 2268 371 2316 tiatam
408 2283 511 2316 esse
547 2270 691 2316 refert
727 2270 925 2316 Matthaei
962 2270 1118 2317 Fineki
1166 2277 1384 2322 mortem,
1426 2271 1505 2318 ⁴cui
1554 2273 1654 2333 ipse
1701 2273 1982 2334 epitaphium

213 2340 487 2402 composuit.
562 2339 693 2396 Quod
729 2341 1010 2387 Parisienses
1050 2341 1234 2388 oculare
1274 2343 1508 2404 speculum
1549 2343 1678 2390 ‘citra
1717 2351 1867 2390 tamen
1907 2360 1984 2390 au-

211 2411 354 2459 ctoris
392 2412 745 2474 ipsius·notam’
783 2413 1027 2474 adignem
1052 2414 1479 2465 condemnaverunt,
1520 2415 1748 2476 quomodo
1777 2415 1874 2461 fieri
1903 2431 1986 2477 po·
2049 2460 2051 2462 .

214 2485 377 2535 tuerit,
426 2498 527 2530 cum
566 2485 767 2530 auctoris
804 2485 948 2530 maior
986 2499 1118 2546 quam
1159 2487 1311 2546 operis
1350 2486 1483 2548 culpa
1523 2486 1606 2539 sit,
1658 2486 1871 2548 explicari
1911 2503 1985 2534 ro-

213 2560 307 2615 gat.
343 2554 450 2601 item
489 2555 611 2616 quod
636 2554 939 2603 Lovanienses
978 2557 1402 2603 condemnationem
1442 2557 1563 2604 illam
1604 2558 1812 2605 ‘multum
1852 2560 1986 2621 spiri-

213 2626 350 2673 tualis
388 2625 683 2674 iucunditatis
722 2627 808 2674 sibi
846 2627 1069 2674 attulisse‘
1110 2631 1420 2690 seripserunt,
1472 2631 1769 2692 inprudenter
1816 2631 1984 2677 sactum

214 2699 591 2760 essevituperat.
665 2699 970 2761 Peperieorno
1009 2700 1288 2747 Reuchlinus
1339 2707 1383 2746 et
1430 2700 1510 2747 filii
1549 2703 1648 2748 eius
1687 2704 1715 2748 i.
1756 2716 1793 2747 e.
1832 2703 1984 2749 Philo-

213 2770 457 2831 capniones
495 2771 704 2817 iniuriam
744 2771 974 2823 fecerunt,
1023 2778 1182 2819 contra
1221 2787 1353 2834 quam
1403 2772 1477 2819 ille
1524 2787 1628 2819 vere
1676 2788 1724 2820 se
1770 2774 1984 2826 defendit,

214 2843 417 2903 quamvis
454 2841 571 2888 idem
611 2857 635 2888 a
672 2842 837 2904 puerili
877 2850 1011 2889 aetate
1050 2845 1094 2889 in
1120 2846 1339 2905 nequitiis
1367 2852 1411 2890 et
1437 2845 1704 2892 criminibus
1732 2859 1831 2892 sese
1859 2859 1984 2892 exer-

213 2914 400 2959 citatum
439 2913 537 2974 ipse
574 2913 722 2960 fassus
762 2915 834 2960 sit.
897 2929 1016 2961 nunc
1053 2917 1170 2961 enim
1209 2923 1507 2978 regeneratus
1546 2917 1745 2964 manebit
1769 2917 1986 2963 Christia-

213 2997 300 3030 nus
338 2998 485 3046 usque
520 2984 577 3031 ad
612 2985 746 3031 finem
783 2986 954 3032 saeculi.
1030 2986 1252 3035 Praeterea
1303 2989 1517 3035 irascitur
1564 2988 1629 3034 eis
1668 2990 1869 3049 scriptor
1907 2991 1981 3050 qui

214 3055 449 3102 Ortvinum
486 3055 743 3118 presbyteri
782 3057 923 3103 lilium
963 3071 1066 3104 esse
1103 3059 1278 3110 dicant,
1328 3075 1429 3105 eum
1472 3067 1617 3106 tamen
1657 3060 1834 3107 litteras
1873 3061 1985 3121 legi·

214 3125 462 3173 timationis
498 3127 682 3180 habeat.
720 3143 915 3191 eumque
951 3130 1007 3175 ad
1043 3130 1323 3191 diligentiam
1361 3147 1511 3178 causae
1551 3132 1651 3178 fidei
1690 3132 1982 3178 adhibendam

212 3199 492 3245 exhortatur.

73 3299 155 3350 55.
195 3293 440 3360 Sylvester
477 3295 669 3346 Gricius
708 3295 910 3347 Ortvino
949 3298 1134 3349 Gratio.
1281 3299 1557 3363 Maguntiae.
1614 3340 1624 3350 .
1881 3341 1890 3350 .
1971 3342 1979 3351 .

212 3369 391 3416 luratus
439 3369 666 3417 facultatis
714 3387 807 3421 suae
856 3372 1070 3419 defensor
1118 3374 1300 3435 quinam
1350 3375 1591 3435 Moguntiae
1644 3375 1981 3436 theologorum,

213 3447 370 3488 contra
422 3443 603 3503 quinam
641 3442 874 3491 Reuchlini
922 3444 1127 3491 fautores
1173 3447 1266 3491 sint
1314 3446 1548 3492 denuntiat
1586 3462 1637 3493 ac
1674 3447 1872 3493 breviter
1910 3448 1983 3493 de·

213 3511 389 3559 scribit.
463 3512 582 3559 lnter
620 3513 703 3560 hos
742 3517 970 3577 praecipue
997 3524 1104 3563 sunt
1130 3518 1456 3564 commensales
1482 3519 1527 3563 in
1555 3519 1754 3579 hospitio
1783 3534 1981 3570 coronae,

213 3583 452 3645 Philippus
490 3584 726 3637 Keilbach,
775 3585 983 3633 Ulrichus
1031 3589 1084 3633 de
1124 3589 1319 3639 llutten,
1370 3590 1446 3651 qui
1497 3597 1566 3635 est
1613 3590 1738 3635 valde
1776 3590 1981 3637 bestialis

214 3655 564 3716 praedieatorum
605 3658 812 3704 inimicus
851 3657 1114 3720 multosque
1153 3661 1195 3705 in
1235 3662 1356 3707 curia
1395 3661 1596 3722 episcopi
1636 3663 1805 3708 amieos
1833 3662 1983 3712 habet,

214 3740 334 3773 nunc
370 3733 518 3773 autem
558 3727 709 3774 ‘abivit
746 3729 799 3776 ad
840 3729 1033 3776 fiendum
1074 3731 1235 3778 doctor
1273 3738 1316 3778 et
1355 3732 1399 3778 in
1447 3747 1536 3778 uno
1587 3748 1703 3779 anno
1754 3748 1842 3778 non
1896 3734 1983 3778 suit

217 3794 326 3850 hie';
368 3805 460 3844 tuin
500 3799 664 3846 fratres
703 3800 757 3845 de
796 3801 936 3852 Book,
978 3802 1053 3863 qui
1096 3803 1197 3848 talis
1238 3803 1280 3848 in
1321 3803 1643 3863 indulgentias,
1684 3819 1795 3866 quas
1838 3805 1980 3850 lloch-

215 3874 387 3915 stratus
427 3871 469 3916 in
508 3871 673 3918 iudicio
713 3872 958 3932 Moguntiae
998 3881 1158 3920 contra
1199 3875 1433 3936 speculum
1484 3875 1665 3921 oculare
1712 3875 1866 3921 habito
1906 3875 1978 3919 de-

215 3939 365 3992 derat,
404 3941 448 3987 in
489 3949 735 4004 conspectu
778 3945 1097 4005 theologorum
1136 3960 1237 3993 cum
1277 3946 1376 3993 aliis
1404 3946 1640 3998 luserunt;
1682 3947 1840 3992 deinde
1871 3946 1978 3991 llut—

2023 3310 2045 3348 ἰν

2050 3309 2101 3348 (Σὲ

2079 3309 2237 3350 “...274
