2456 4264
205 226 283 283 46
863 247 1098 275 EPISTOLAE
1122 244 1426 274 OBSCVRORVM
1447 243 1673 272 VIRORVM.

204 377 463 427 admodum
502 376 684 424 vidistis
722 373 864 424 eum'.
939 373 998 422 Et
1044 374 1139 423 hoc
1190 374 1372 422 factum
1413 376 1509 427 est,
1562 376 1617 419 ut
1653 370 1939 433 impleretur
1975 371 2216 434 script-ura
2255 385 2347 434 que

205 462 342 511 dicit:
385 461 739 510 ‘Clamaverunt
764 459 889 514 iusti,
931 463 978 506 et
1016 457 1239 506 domiuus
1266 456 1506 505 exaudivit
1545 455 1659 503 eos’.
1735 454 1959 503 Secunda
1988 453 2239 503 conclusio
2267 470 2348 502 ex-

205 548 297 595 titit
335 544 682 608 magistmlior,
724 548 770 591 et
807 541 915 590 talis
953 542 1001 589 iu
1041 542 1115 589 sui
1141 528 1332 588 ¹forma:
1373 539 1525 588 Filius
1562 539 1776 586 hominis
1812 537 1963 587 voluit
1999 537 2183 586 habere
2210 552 2347 586 suam

206 630 505 693 passionem,
556 625 882 689 sepulturam,
934 625 1346 673 resurrectionem
1385 626 1435 671 in
1474 621 1804 679 Hierusalem,
1852 637 1943 686 que
1983 628 2055 671 est
2091 623 2138 669 in
2181 627 2350 670 centro

203 720 357 776 terre,
397 712 525 775 quod
565 725 734 759 omnes
771 710 999 773 regiones
1038 709 1222 757 scirent
1261 708 1320 756 (le
1359 708 1462 756 eius
1500 707 1889 760 resurrectione,
1930 710 1978 754 et
2014 705 2144 769 quod
2184 705 2383 754 nullus5
2454 716 2456 718 ·

202 796 392 859 gentilis
430 801 595 860 posset
632 811 684 845 se
724 808 958 844 excusare
1008 807 1120 841 cum
1169 806 1252 840 sua
1294 792 1455 855 heresi
1502 796 1549 839 et
1598 791 1790 839 dicere:
1833 789 1952 851 ‘Ego
1997 790 2183 839 nescivi
2221 790 2351 854 quod

205 882 428 930 dominus
465 879 731 929 resurrexit
769 894 794 927 a
833 878 1069 926 mortuis’.
1145 876 1383 934 Quoniam
1424 889 1541 938 ergo
1581 874 1710 938 quod
1751 879 1823 923 est
1859 874 1909 921 in
1947 874 2133 931 medic,
2183 889 2355 931 omnes

203 966 368 1014 videre
407 971 610 1029 possunt
647 965 728 1028 qui
765 968 878 1011 sunt
916 962 1043 1010 circa
1081 961 1327 1017 medium,
1377 965 1423 1008 et
1461 959 1590 1023 quod
1629 957 1791 1007 nullus
1828 957 2113 1008 incredulus
2149 958 2356 1008 haberet

204 1064 354 1098 unum
393 1064 595 1112 parvum
633 1048 877 1111 refugium
916 1046 1264 1101 excusationis,
1304 1045 1351 1092 in
1391 1042 1473 1092 illo
1511 1042 1619 1092 loco
1646 1042 1732 1091 ubi
1759 1042 1986 1092 dominus
2011 1042 2242 1100 ascendit,
2283 1049 2355 1092 est

206 1133 253 1180 in
300 1139 470 1181 centro
520 1139 568 1183 et
614 1132 663 1180 in
710 1131 869 1180 medio
919 1135 1074 1192 terre,
1125 1144 1181 1177 ac
1226 1127 1295 1176 ibi
1342 1127 1523 1192 pendet
1570 1142 1667 1176 una
1716 1141 1951 1191 campana
2001 1142 2147 1191 quam
2196 1128 2352 1175 omnis
2371 1144 2410 1177 ιο
2439 1130 2451 1178 Γ»

212 1216 421 1265 mundus
459 1216 618 1272 audit,
668 1221 714 1264 et
752 1215 947 1279 quando
985 1214 1087 1276 ipsa
1127 1212 1309 1276 pulsat,
1358 1219 1475 1261 tunc
1514 1212 1596 1260 dat
1633 1210 1921 1261 horribilem
1960 1226 2135 1259 sonum
2175 1212 2235 1260 de
2275 1227 2356 1261 ex-

212 1306 368 1349 tremo
407 1300 600 1355 iudicio,
641 1305 688 1348 et
725 1299 784 1348 de
822 1298 1107 1347 ascensione
1146 1297 1353 1353 domini;
1394 1304 1441 1346 et
1478 1296 1675 1360 quando
1712 1295 1898 1360 pulsat,
1940 1297 2083 1345 etiam
2109 1296 2246 1345 surdi
2272 1311 2357 1345 au-

212 1383 362 1432 diunt.
438 1383 742 1448 Deduxitque
789 1382 939 1432 multa
987 1381 1240 1430 corollaria
1291 1397 1349 1430 ex
1396 1380 1475 1430 illa
1524 1380 1863 1438 conclusione,
1911 1396 2057 1445 quam
2106 1380 2271 1429 didicit
2307 1381 2357 1428 in

210 1467 473 1516 Parrhisia.
550 1468 646 1518 Sed
686 1467 878 1531 quando
918 1467 1122 1516 cessavit
1159 1466 1437 1528 predicare,
1485 1473 1602 1514 tunc
1652 1466 1850 1530 quidam
1898 1466 2131 1528 magister
2170 1464 2230 1514 de
2267 1464 2358 1514 Er-

209 1552 415 1614 phordia
453 1551 600 1601 voluit
637 1568 748 1602 eum
786 1551 1177 1615 reprehendere,
1226 1550 1311 1599 sed
1360 1551 1490 1599 stetit
1538 1565 1649 1599 cum
1697 1551 1998 1600 confusione.
2072 1548 2168 1598 Vos
2207 1548 2414 1600 debe-15

214 1637 273 1684 tis
309 1636 427 1685 mihi
466 1637 723 1685 ostendere
761 1635 911 1685 libros
949 1635 1031 1684 ubi
1069 1636 1156 1684 ista
1194 1635 1395 1683 materia
1435 1633 1657 1692 habetur,
1697 1640 1744 1684 et
1780 1634 1887 1684 volo
1927 1648 2106 1684 emere.
2181 1634 2357 1683 Datum

213 1736 269 1768 ex
308 1720 495 1770 Basilea
533 1720 663 1785 apud
700 1721 903 1770 Beatum
941 1719 1256 1773 Rhenanum,
1297 1720 1380 1782 qui
1418 1724 1490 1767 est
1526 1725 1686 1768 vester
1724 1720 1924 1769 amicus.

1231 1939 1319 1998 31.

900 2054 1372 2119 Bartholomeo
1412 2053 1656 2123 Colpio

547 2155 856 2205 baccalaurio
894 2155 1135 2219 theologie
1174 2156 1382 2203 formato
1421 2154 1608 2203 ordinis
1646 2153 2016 2205 Carmelitarum
2371 2138 2447 2211 20}

852 2252 1405 2315 Willibrordus
1451 2252 1713 2313 Niceti

677 2367 861 2416 ordinis
898 2366 1305 2416 Wilhelmitarum
1347 2381 1519 2416 cursor
1556 2367 1606 2415 in
1644 2365 1890 2429 theologia

628 2467 884 2515 autoritate
932 2465 1324 2515 reverendissimi
1373 2464 1615 2529 generalis
1664 2466 1713 2514 in
1766 2466 1938 2515 ordine

883 2579 988 2613 sese
1028 2565 1338 2613 commendat
1376 2579 1486 2613 cum
1524 2564 1692 2614 salute.

317 2675 444 2734 Quot
481 2677 527 2724 in
567 2678 689 2725 mari
726 2682 839 2726 sunt
876 2682 1032 2739 gutte,
1109 2683 1156 2725 et
1193 2682 1310 2741 quot
1346 2678 1395 2725 in
1434 2676 1631 2726 Colonia
1669 2683 1836 2727 sancta
1874 2678 2096 2744 begutte,
2369 2658 2433 2739 25ss

317 2761 444 2817 Quot
481 2760 605 2824 pilos
641 2761 824 2811 habent
862 2762 1109 2809 asinorum
1150 2767 1308 2817 cutes,
1383 2767 1456 2810 tot
1494 2767 1540 2810 et
1576 2761 1744 2835 plures
1780 2762 1866 2812 tibi
1905 2766 2042 2813 mitto
2069 2764 2265 2815 salutes
2299 2786 2302 2789 ·

352 2871 653 2922 Venerabilis
692 2873 889 2923 domine
928 2872 1182 2923 Carmelita
1222 2873 1399 2937 Colpe,
1450 2887 1540 2936 ego
1589 2876 1689 2924 scio
1738 2876 1867 2940 quod
1919 2879 2035 2926 estis
2073 2877 2133 2927 de
2172 2878 2355 2942 optimo

213 2956 413 3014 ordine,
463 2964 510 3007 et
557 2957 745 3007 habetis
794 2957 971 3007 multas
1008 2956 1334 3020 indulgentias
1372 2973 1399 3006 a
1437 2958 1554 3007 sede
1593 2959 1884 3024 apostolica,
1937 2967 1985 3011 et
2023 2962 2154 3025 quod
2193 2961 2356 3012 nullus

213 3041 333 3089 ordo
373 3047 531 3091 vestro
570 3042 727 3090 ordini
763 3048 924 3107 potest
969 3040 1246 3106 prevalere,
1298 3043 1407 3105 quia
1456 3044 1657 3107 potestis
1705 3047 1863 3095 varios
1912 3061 2053 3096 casus
2100 3045 2355 3096 absolvere

213 3125 261 3172 in
300 3125 631 3182 consessione,
672 3127 866 3190 quando
905 3126 1128 3176 videlicet
1166 3127 1449 3175 confitentes
1487 3133 1600 3175 sunt
1637 3131 1833 3178 contriti
1872 3136 1920 3180 et
1957 3131 2264 3196 compuncti,
2305 3136 2425 3180 etse:

212 3207 380 3257 volunt
417 3211 795 3259 communicare.
870 3210 983 3259 Ideo
1032 3210 1138 3259 volo
1190 3225 1215 3257 a
1268 3211 1595 3261 dominatione
1643 3218 1803 3263 vestra
1850 3215 2158 3280 interrogare
2205 3230 2354 3264 unam
2455 3268 2456 3275 χ

214 3293 515 3356 questionem
555 3287 951 3356 theologicalem‚
993 3310 1137 3359 quam
1176 3310 1260 3344 vos
1297 3294 1425 3345 bene
1463 3298 1666 3360 potestis
1705 3297 2049 3357 determinare,
2091 3301 2200 3364 quia
2241 3289 2373 3350 estis
2419 3338 2422 3341 .
2454 3297 2456 3368 ξ

212 3390 338 3424 unus
374 3375 533 3425 bonus
572 3379 763 3435 artista,
804 3386 850 3427 et
887 3380 1019 3428 scitis
1056 3379 1181 3428 hene
1218 3379 1500 3442 predicare,
1549 3387 1598 3430 et
1633 3381 1824 3432 habetis
1861 3399 2014 3433 unum
2050 3383 2237 3434 bonum
2275 3399 2353 3433 ze-

213 3459 339 3517 lum,
389 3466 436 3509 et
475 3462 586 3509 estis
626 3464 1029 3519 conscientiosus3
1081 3468 1129 3512 et
1167 3479 1278 3512 cum
1317 3464 1410 3513 hoc
1449 3465 1618 3523 audiO,
1668 3467 1799 3530 quod
1836 3467 2027 3518 habetis
2063 3484 2212 3518 unam
2250 3483 2352 3517 ma·
2392 3456 2406 3462 '³
2451 3370 2456 3545 l

214 3558 358 3606 gnam
408 3543 689 3593 liberariam
738 3546 785 3593 in
838 3552 996 3595 vestro
1049 3554 1318 3605 conventu,
1369 3550 1418 3597 in
1466 3565 1560 3613 qua
1611 3557 1724 3599 sunt
1768 3551 1908 3600 multi
1953 3552 2067 3602 libri
2117 3554 2166 3602 in
2214 3562 2411 3602 sacra&

214 3628 482 3691 scriptura,
522 3629 569 3676 in
608 3627 941 3692 philosophia,
982 3638 1030 3680 et
1066 3631 1114 3679 in
1152 3631 1348 3694 logica,
1376 3639 1423 3681 et
1462 3634 1513 3680 in
1549 3634 1696 3683 Petro
1721 3634 1951 3699 Hispano,
2027 3653 2220 3687 necnon
2247 3637 2352 3702 qui-

325 3753 342 3779 ⁷
373 3751 478 3805 :qm
500 3756 620 3795 1...3.
709 3754 725 3779 ⁰
759 3785 768 3795 .
791 3756 845 3796 In
875 3755 955 3796 illo
986 3756 1085 3797 loco
1117 3759 1230 3799 1...3.
1260 3760 1387 3798 voluit
1415 3758 1493 3798 ille
1525 3759 1669 3801 locus.
1759 3760 1793 3786 ¹²
1824 3792 1834 3802 .
1857 3763 1919 3803 Et
1949 3760 2010 3816 q1‘i
2033 3766 2154 3807 1...3.

325 3821 359 3850 ²¹
390 3823 554 3865 Neceti
574 3826 615 3865 2.
673 3822 710 3850 ³⁶
731 3823 852 3866 loica
875 3829 915 3869 3.
996 3829 1042 3867 et
1062 3823 1128 3881 in]
1153 3827 1214 3870 2i5
1234 3830 1272 3868 1.
1305 3826 1387 3868 &ia
1407 3831 1448 3873 2.
1479 3829 1589 3872 ziam
1612 3833 1656 3872 3.
1735 3861 1745 3872 .
1769 3833 1865 3874 Nec
1895 3846 1985 3875 non
2007 3837 2097 3878 1.3.
2127 3834 2285 3876 Nec-,no
2306 3834 2349 3875 2.
