2456 4264
213 239 345 280 XXII
685 241 826 269 INDEX
850 238 1003 267 EORVM
1026 237 1126 272 QVAE
1150 235 1237 263 1100
1260 232 1495 263 VOLVMINE
1518 228 1855 260 CONTmENTVB.

2253 352 2340 394 Pag.

214 411 295 487 ζὴ.
336 429 573 490 Georgius
611 424 754 474 Bleck
796 423 993 471 Ortvino
1032 419 1211 468 Gratio.
1356 414 1642 466 ParrhisiuS.
1724 449 1735 460 .
1812 448 1823 460 .
1900 449 1911 459 .
1990 450 2000 460 .
2077 450 2087 459 .
2126 417 2222 460 246.
2261 418 2344 458 247

353 486 633 562 l’epericorni
661 498 865 542 Defensio
892 508 974 555 per
1014 499 1148 538 totam
1177 490 1389 535 Parisiam
1427 488 1550 534 valde
1587 484 1816 535 laudatur,
1855 485 2092 545 ipsumque

352 571 694 631 Pepericornum
732 572 917 626 propter
954 563 1227 621 dlligentiam
1265 573 1413 605 causae
1464 557 1564 603 fidei
1611 554 1853 600 adhibitam
1899 556 2095 622 scriptor

353 637 676 687 l‘arisiensibus
738 633 964 693 theologis
1019 630 1322 679 commendat,
1386 629 1513 674 cuius
1569 624 1884 687 promovenda}
1934 625 2094 685 gratiae

354 723 534 756 uxorem
571 707 828 765 liberosque
865 703 941 749 ille
977 701 1262 761 reliquisset;
1301 700 1430 744 uxori
1469 703 1614 743 autem
1654 694 1896 755 theologos
1933 696 2096 756 praedi-

353 788 615 839 catoresque
656 776 817 822 solatio
866 786 979 818 esse.
1053 772 1215 817 Tamen
1266 783 1410 815 novus
1461 768 1702 828 episcopus
1739 765 2132 824 Moguntinensis-

354 864 453 897 cum
493 851 584 895 suis
622 846 887 893 consiliariis
914 841 1160 889 Reuchlino
1201 840 1341 889 favet,
1379 837 1755 898 Pepericornique
1792 835 2096 882 defensionem

356 920 558 980 accipere
583 917 772 976 negavit.
811 915 1084 960 Parisienses
1124 910 1300 971 quidem
1341 908 1542 967 theologi
1567 907 1886 967 Pepericorni,
1924 907 2005 951 viri
2034 906 2098 950 in·

356 989 586 1050 tegerrimi
635 988 686 1032 de
736 985 854 1032 tribu
901 982 1183 1044 Nephthalim
1231 979 1432 1029 oriundi,
1492 978 1655 1023 librum
1703 976 1826 1022 avide
1873 976 2099 1036 legerunt,

355 1061 431 1105 sed
478 1066 545 1105 cst
593 1058 724 1104 etiam
772 1055 948 1116 quidam
987 1052 1199 1100 Graecista
1249 1050 1324 1111 qui
1372 1049 1496 1094 illum
1534 1047 1723 1093 Caesaris
1760 1046 2099 1093 sollicitatorem

355 1145 454 1177 esse
492 1130 682 1174 suisseve
719 1132 876 1186 neget,
917 1131 1051 1184 atque
1090 1115 1401 1183 imperatorem
1441 1119 1493 1164 ad
1531 1132 1692 1179 papam
1730 1132 1813 1179 pro
1851 1117 2099 1164 Reuchlino

358 1199 593 1261 epistolam
642 1197 877 1257 scripsisse
928 1200 1093 1240 narret.
1170 1192 1357 1237 Fabrum
1417 1203 1599 1250 quoque
1648 1188 1961 1250 Stapulensem
2016 1203 2099 1249 pro

358 1269 600 1316 Reuchlino
640 1268 890 1327 scripsisse.
966 1264 1171 1309 Maiorem
1222 1276 1326 1307 vero
1365 1259 1685 1309 Parisiensium
1732 1266 1906 1321 partem
1953 1259 2100 1305 favere

363 1339 583 1398 theologis
622 1345 666 1383 et
704 1337 851 1383 odisse
887 1337 1086 1381 iuristas.

222 1468 302 1520 38.
342 1462 614 1513 Demetrius
652 1459 902 1509 phalerius
940 1457 1139 1507 Ortvino
1178 1456 1358 1507 Grati0.
1504 1451 1720 1503 Basileae.
1822 1493 1833 1503 .
1909 1492 1920 1502 .
1997 1493 2008 1503 .
2085 1493 2095 1503 .
2134 1461 2232 1501 247.
2271 1458 2355 1499 248

359 1536 454 1582 Non
493 1535 638 1581 solum
664 1530 929 1579 Basileensis
968 1531 1233 1577 universitas
1272 1529 1348 1575 sed
1388 1535 1480 1574 tota
1508 1525 1711 1574 Helvetia
1748 1533 1906 1574 contra
1942 1527 2099 1588 praedi·

289 1611 292 1614 ’
360 1613 536 1654 catores
573 1611 657 1650 est.
729 1604 914 1663 Insuper
949 1601 1129 1647 Basileae
1169 1607 1237 1646 est
1275 1599 1453 1660 quidam
1492 1597 1761 1659 theologus,
1811 1605 1886 1674 ‘utx
1921 1600 2019 1659 ipse
2056 1612 2105 1644 se

360 1673 587 1726 nominat',
627 1675 770 1720 dictus
796 1673 1004 1718 Erasmus
1029 1671 1378 1721 Roterodamus,
1416 1683 1588 1716 summa
1625 1669 1897 1716 auctoritate
1922 1670 2102 1721 florens,

360 1748 472 1793 idem
500 1746 575 1806 qui
602 1734 837 1790 proverbia
863 1743 1014 1794 edidit,
1053 1743 1250 1802 quamvis
1288 1741 1528 1787 habeamus
1554 1739 1830 1792 Salomonis;
1869 1739 1907 1785 is
1932 1739 2106 1786 Reueh-

361 1818 497 1862 linum
535 1817 833 1875 maximopere
870 1813 1019 1859 laudat
1058 1812 1372 1872 theologisque
1409 1811 1614 1858 adversas
1650 1810 1826 1857 litteras
1863 1811 2107 1872 impressas

361 1888 542 1933 Romam
579 1886 712 1931 misit.
785 1885 974 1929 Advenit
1011 1884 1144 1929 etiam
1183 1882 1437 1928 Glareanus
1465 1883 1600 1931 homo
1639 1879 1765 1928 valde
1801 1881 1942 1928 audax
1983 1882 2108 1927 theo·

360 1957 476 2017 logis
515 1956 728 2006 infestus,
781 1956 855 2015 qui
894 1954 948 1999 de
984 1953 1198 2014 nequitiis
1236 1953 1611 2014 praedicatorum,
1651 1953 1839 1999 maxime
1874 1951 2109 1998 Beruensi-

360 2027 456 2078 bus,
494 2026 657 2072 librum
698 2038 744 2071 se
781 2025 1123 2085 conpositurum
1162 2036 1260 2070 esse
1297 2025 1419 2070 dicit.
1481 2023 1603 2084 quod
1639 2022 1727 2069 nisi
1765 2029 1855 2069 tam
1895 2022 2109 2069 terribilis

361 2103 481 2144 esset
516 2098 623 2147 iste,
665 2097 859 2156 scriptor
895 2095 1187 2141 dissuaderet.
1228 2101 1412 2156 exoptat
1450 2095 1602 2156 itaque
1641 2093 1911 2141 sententiam
1950 2106 2110 2140 secun-

363 2169 465 2214 dum
506 2167 743 2227 theologos
780 2167 928 2212 Romae
967 2167 1305 2227 pronuntiatum
1344 2165 1414 2211 iri.
1515 2167 1522 2174 ’

231 2282 314 2332 39.
356 2275 642 2326 Chunradus
679 2275 937 2341 Stryldriot
974 2275 1174 2325 Ortvino
1213 2275 1396 2325 Gratio.
1542 2274 1725 2325 Romae.
1825 2312 1837 2324 .
1914 2312 1926 2324 .
2003 2313 2014 2324 .
2090 2313 2101 2323 .
2141 2281 2240 2323 248.
2277 2279 2360 2322 249

365 2350 576 2406 Queritur
612 2349 763 2395 Romae
801 2363 900 2395 sese
936 2351 1100 2395 morari
1137 2350 1325 2402 debere,
1374 2348 1450 2396 ubi
1496 2349 1643 2401 nulla,
1693 2355 1747 2396 ut
1779 2349 1826 2394 in
1864 2347 2111 2399 Germania,

366 2421 467 2466 vitae
505 2419 716 2471 facilitas,
765 2419 840 2465 ubi
877 2421 1017 2481 siquis
1056 2420 1207 2466 ‘semel
1253 2420 1298 2466 in
1346 2421 1418 2466 die
1463 2427 1534 2467 est
1579 2420 1754 2472 ebrius,
1802 2426 1964 2467 vocant
2010 2433 2112 2466 eum

368 2491 583 2551 porcum',
621 2490 697 2535 ubi
735 2490 855 2536 nulla
891 2491 1098 2536 coitionis
1138 2491 1456 2553 opportunitas
1483 2498 1675 2554 propter
1699 2491 1987 2538 meretricum
2015 2505 2139 2543 avar

369 2561 530 2611 ritiam,
569 2559 908 2622 mulierumque,
949 2563 1147 2621 quamvis
1184 2562 1384 2608 vestibus
1423 2561 1745 2624 coloribusque
1782 2569 2111 2613 exornatarum,

370 2631 715 2677 deformitatem.
761 2631 913 2677 dicunt
939 2633 1069 2678 etiam
1095 2633 1296 2678 aestivum
1322 2633 1492 2680 coitum
1529 2633 1828 2680 valetudinem
1863 2631 2111 2679 infirmare:
2172 2658 2174 2661 ·

372 2703 523 2761 itaque
560 2702 606 2746 in
643 2702 828 2760 patriam
866 2702 1012 2747 redire
1049 2704 1175 2763 cupit
1201 2704 1410 2765 scriptor,
1448 2704 1711 2751 recordatus
1739 2717 1943 2750 amorum
1968 2702 2114 2750 socie-

375 2773 477 2816 tatis
514 2771 758 2816 Daventriae
798 2771 902 2817 olim
941 2786 1040 2818 cum
1078 2774 1260 2820 Ortvino
1299 2775 1474 2822 habitae.
1514 2775 1634 2822 hunc
1670 2776 1756 2822 iam
1795 2789 1896 2825 cum
1932 2774 2114 2836 Peperi-

374 2841 499 2887 corni
528 2855 666 2887 uxore
690 2854 782 2886 rem
809 2841 983 2892 habere,
1022 2843 1219 2890 nolentis
1258 2846 1435 2906 quidem
1462 2853 1507 2891 et
1544 2846 1695 2898 invidi,
1733 2852 1870 2908 atque
1906 2843 2113 2891 ancillam

374 2910 703 2966 Quentelianam
741 2919 1046 2972 praegnantem
1086 2914 1244 2960 secisse
1281 2916 1561 2978 comperiens
1614 2917 1813 2978 scriptor
1858 2915 2114 2963 considera-

378 2982 465 3027 tius
503 2995 635 3041 agere
674 2982 844 3033 suadet,
886 2996 1014 3027 suum
1052 2987 1207 3043 patriae
1246 2986 1515 3033 desiderium
1552 2994 1777 3049 repetens.

240 3095 319 3143 40.
361 3090 597 3139 lohannes
636 3089 792 3155 Crapp
832 3089 1031 3141 Ortviuo
1070 3094 1247 3143 Gratio.
1390 3095 1620 3146 Romanae
1659 3097 1828 3148 Curiae.
1924 3135 1935 3147 .
2013 3136 2024 3146 .
2100 3135 2111 3145 .
2151 3101 2361 3144 249...‘251

378 3163 509 3208 Suam
548 3163 795 3223 ‘epistolam
834 3165 1129 3211 carminalem’
1155 3167 1219 3226 (ll.
1241 3167 1300 3227 2.)
1328 3177 1498 3229 gratam
1525 3170 1709 3218 Ortvino
1737 3172 1879 3218 fuisse
1905 3170 1990 3217 sibi
2017 3185 2118 3230 gra·
2165 3213 2171 3225 .

380 3240 523 3283 tatur,
571 3233 650 3278 sed
687 3234 817 3279 huius
855 3234 1126 3286 invitationi,
1176 3245 1225 3282 ut
1263 3246 1453 3300 ‘semper
1490 3243 1550 3287 ita
1589 3242 1834 3294 scriberet’,
1883 3257 1984 3288 cum
2022 3255 2118 3287 car-

380 3303 547 3348 minum
574 3303 876 3349 saciendorum
917 3307 1223 3366 promptitudo
1264 3323 1393 3354 suum
1433 3318 1609 3372 tempus
1638 3312 1813 3365 habeat,
1853 3312 2118 3360 satisfacere

380 3387 514 3432 posse
552 3380 697 3431 negat.
770 3373 888 3419 Nova
926 3378 1122 3435 captanti
1161 3377 1316 3423 scribit
1354 3380 1407 3426 de
1445 3382 1588 3427 tribus
1625 3398 1745 3430 nuuc
1769 3384 1922 3430 Romae
1959 3397 2116 3429 causas

383 3457 486 3488 suas
542 3442 779 3501 agentibus
828 3445 1147 3492 excellentibus
1198 3448 1447 3508 theologis,
1512 3452 1566 3497 de
1615 3454 1888 3500 Hochstrato
1937 3467 2115 3500 causam

382 3512 495 3562 fidei,
523 3512 576 3557 de
600 3512 734 3558 Petro
760 3513 936 3573 Mcyero
963 3522 1119 3562 contra
1145 3519 1382 3564 canonicos
1408 3521 1822 3575 Francosurtenses,
1849 3525 1901 3570 de
1927 3523 2118 3585 Caspare

383 3582 735 3642 Campodunensi
781 3598 956 3629 causam
1005 3586 1118 3631 sacri
1157 3587 1244 3633 olei
1284 3597 1438 3636 contra
1474 3594 1717 3639 monachos
1756 3594 2116 3640 defendentibus.

385 3651 593 3696 Versibus
632 3667 682 3698 ex
722 3653 960 3713 improviso
1000 3654 1127 3701 sactis
1166 3657 1361 3717 scriptor
1398 3659 1578 3707 Ortvino
1617 3678 1715 3709 sese
1754 3665 2046 3712 commendat.

246 3766 326 3814 41.
366 3760 529 3809 Simon
568 3760 866 3824 Pocoporius
905 3762 1101 3811 Ortvino
1140 3766 1317 3815 Gratio.
1460 3768 1673 3819 Lubeck.
1760 3812 1770 3821 .
1848 3813 1857 3822 .
1934 3812 1945 3822 .
2023 3812 2032 3821 .
2110 3813 2120 3822 .
2288 3778 2366 3819 251

385 3833 569 3879 Versum
608 3833 763 3893 psalmi
805 3835 1030 3881 ‘lllirabilis
1069 3836 1180 3882 sacta
1218 3845 1286 3883 est
1324 3841 1506 3886 scientia
1547 3849 1619 3888 tua
1658 3857 1707 3889 ex
1734 3860 1828 3897 me,
1866 3847 2119 3893 confortata
