2456 4264
214 293 335 350 485
891 309 1222 339 ΗοοΗεΤΒΑτνε
1246 309 1392 338 ονΑΝε
1415 308 1660 338 ΒῐΑιοανε.

548 447 715 492 Caetera
751 458 831 490 nec
871 441 1086 488 retulisse
1123 456 1239 502 opus
1277 445 1369 491 est,
1408 439 1605 486 diverbia
1642 441 1816 492 cernis,

662 514 756 560 Vita
796 513 959 574 quibus
997 518 1155 559 nostra
1193 517 1263 557 est
1300 509 1501 571 effigiata
1536 509 1661 557 levis.

545 586 650 632 Haec
685 585 808 644 lege,
847 583 1120 644 comperies,
1160 582 1363 632 Christo,
1402 595 1511 632 nos,
1549 582 1706 633 chare,
1745 581 2003 634 ministros,

484 665 524 698 12
666 656 958 716 Contempto,
996 653 1166 705 lector,
1204 652 1382 698 Veiovis
1420 665 1531 698 esse.
1606 652 1725 699 Vale.

873 950 1136 998 NOVARVM
1172 949 1357 997 RERVM
1392 948 1690 1002 STVDIOSIS,
2372 969 2393 1002 5

994 1034 1202 1083 Velamus
1239 1035 1406 1081 Alanus
1444 1033 1487 1081 S.
1525 1035 1575 1081 D.
2277 1038 2282 1041 ’

351 1153 471 1199 Nova
509 1165 610 1213 quae
648 1165 766 1197 nunc
803 1156 932 1202 sunt,
968 1156 1021 1195 ut
1059 1150 1257 1195 omnium
1294 1150 1484 1195 interest
1518 1163 1569 1196 ea
1594 1150 1783 1196 maxime
1800 1155 1916 1196 nota
1940 1163 2064 1203 esse,
2102 1151 2262 1198 lubens
2288 1166 2360 1198 ex-

212 1238 391 1287 ponam.
463 1223 594 1269 Venit
639 1223 709 1268 his
747 1221 903 1268 diebus
941 1221 1241 1281 Hieronymus
1277 1220 1521 1272 Aleander‚
1570 1220 1639 1266 vir
1685 1235 1764 1267 sua
1804 1221 2015 1283 opinione
2051 1222 2186 1282 longe
2222 1225 2357 1269 maxi-

213 1311 338 1347 mus,
385 1308 477 1340 non
527 1293 675 1339 solum
719 1299 911 1354 propter
956 1291 1159 1351 linguas,
1212 1306 1323 1352 quas
1362 1292 1521 1338 eximie
1558 1291 1716 1342 callet,
1765 1291 1811 1337 Si
1859 1292 2038 1353 quidem
2075 1293 2253 1339 hebraea
2291 1293 2355 1339 illi

213 1364 446 1412 vernacula
471 1370 562 1415 est,
601 1378 746 1423 graeca
771 1379 794 1410 a
820 1376 962 1424 puero
990 1362 1055 1408 illi
1081 1361 1266 1413 coaluit,
1303 1362 1440 1408 latine
1477 1368 1622 1409 autem
1650 1362 1819 1414 didicit,
1857 1362 2027 1409 diutina
2054 1363 2351 1425 professione,
2376 1376 2412 1408 ιο

215 1437 292 1483 sed
318 1437 450 1482 etiam
476 1434 751 1482 admirabilis
779 1433 864 1480 sibi
902 1433 1078 1480 videtur
1114 1433 1171 1479 ob
1209 1433 1523 1494 antiquitatem
1550 1435 1744 1494 generis,
1781 1433 1887 1479 Nam
1913 1434 2088 1481 Iudaeus
2113 1441 2246 1481 natus
2271 1442 2355 1486 est,

215 1522 315 1568 quae
364 1521 476 1567 gens
523 1505 758 1551 immodice
810 1505 1034 1565 gloriatur
1081 1504 1134 1549 de
1182 1503 1424 1556 Abraham,
1474 1506 1784 1551 vetustissimo
1834 1518 1882 1550 se
1919 1504 2138 1566 originem
2178 1506 2356 1557 ducere,

214 1579 282 1624 An
320 1584 468 1624 autem
504 1577 758 1637 baptisatus
797 1578 878 1629 sit,
918 1576 1143 1626 nescitur,
1182 1575 1363 1620 Certum
1401 1582 1472 1621 est
1508 1589 1609 1621 eum
1645 1590 1736 1622 non
1774 1589 1876 1622 esse
1913 1576 2200 1638 phariseum,
2255 1579 2358 1638 quia

214 1663 304 1695 non
342 1648 485 1694 credit
520 1648 896 1693 resurrectionem
932 1652 1242 1696 mortuorum,
1281 1647 1490 1706 quoniam
1527 1646 1636 1691 vivit
1671 1646 1857 1708 perinde
1881 1653 2017 1708 atque
2042 1662 2142 1694 cum
2168 1661 2361 1709 corpore

215 1721 274 1765 sit
310 1724 437 1764 totus
474 1717 609 1764 semel
648 1718 903 1777 periturus,
951 1716 1060 1762 adeo
1108 1716 1281 1762 nullum
1330 1732 1354 1762 a
1392 1731 1441 1762 se
1478 1731 1662 1778 pravum
1700 1717 1907 1764 affectum
1945 1717 2165 1770 abstinet,
2215 1733 2359 1780 usque
2381 1729 2417 1762 15

216 1790 268 1835 ad
305 1791 522 1835 insaniam
562 1788 804 1834 iracundus
842 1795 934 1838 est,
974 1788 1130 1848 quavis
1168 1787 1404 1833 occasione
1431 1788 1614 1838 furens,
1651 1787 1913 1848 impotentis
1939 1789 2225 1850 arrogantiae,
2264 1804 2361 1835 ava-

216 1860 332 1906 ritiae
369 1858 676 1920 inexplebilis,
725 1858 971 1919 nephandae
1017 1857 1219 1903 libidinis
1257 1864 1304 1903 et
1339 1858 1586 1906 immodicae
1625 1872 1846 1904 summum
1884 1858 2041 1919 gloriae
2079 1861 2361 1921 mancipium,

216 1944 483 1992 quamquam
521 1929 703 1975 mollior
740 1935 810 1974 est
847 1943 978 1990 quam
1018 1930 1095 1989 qui
1131 1928 1281 1989 possit
1317 1928 1549 1975 elaborato
1576 1928 1694 1990 stylo
1719 1942 1880 1990 parare
1903 1929 2109 1990 gloriam,
2149 1937 2195 1978 et
2219 1931 2363 1992 peior,

217 2016 350 2063 quam
388 2000 465 2061 qui
502 2000 569 2045 vel
606 2006 797 2046 conetur
833 2001 878 2045 in
915 2005 1180 2059 argumento
1219 1999 1428 2045 honesto.
1500 1999 1559 2045 At
1596 1998 1690 2051 illi,
1736 2014 1794 2046 ne
1831 2000 2029 2052 nescias,
2077 2003 2214 2048 cessit
2251 2001 2364 2048 foeli-

217 2072 397 2119 cissime
445 2070 652 2117 simulata
700 2071 893 2117 desectio
941 2070 995 2116 ad
1034 2069 1328 2116 Christianos.
1401 2070 1566 2117 Nactus
1614 2071 1732 2117 enim
1771 2071 1842 2118 hic
1880 2078 1951 2118 est
1986 2086 2139 2119 ansam
2177 2072 2361 2134 adopta·
2378 2084 2420 2115 ἰο

217 2150 306 2189 tam
347 2142 601 2188 illustrandi
641 2142 752 2188 Mosi
792 2143 862 2188 sui
901 2147 946 2187 et
984 2140 1255 2187 obscurandi
1293 2141 1459 2187 Christi
1495 2141 1710 2203 gloriam,
1766 2156 1866 2203 quae
1903 2143 1992 2190 hoc
2045 2143 2198 2191 seculo
2246 2144 2367 2205 cepit

218 2215 521 2265 reflorescere,
560 2213 854 2260 flaccescente
881 2212 1206 2274 superstitione
1244 2217 1289 2258 et
1324 2212 1554 2273 pestiferis
1591 2212 1822 2260 hominum
1860 2214 2209 2261 traditiunculis.
2282 2215 2366 2261 lta-

221 2299 308 2346 que
334 2284 584 2331 instructus
610 2284 754 2330 literis
791 2283 1035 2345 pontificiis
1072 2296 1218 2344 nuper
1255 2285 1375 2330 venit
1411 2283 1689 2345 perditurus,
1728 2290 1943 2345 quantum
1979 2291 2158 2347 potest,
2197 2285 2366 2348 optima

230 2369 436 2417 quaeque.
510 2355 556 2401 ld
595 2370 672 2401 vos
710 2355 884 2401 candidi
920 2354 1116 2401 lectores
1155 2355 1270 2400 scire
1309 2353 1442 2401 volui.
1516 2355 1684 2401 Valete.

717 2469 824 2516 Haec
860 2467 987 2515 affixa
1025 2469 1211 2515 fuerunt
1246 2467 1466 2523 Coloniae,
1504 2468 1730 2516 Dominica
1767 2475 1874 2530 post
2380 2482 2423 2514 25

891 2539 1091 2586 omnium
1128 2545 1408 2591 sanctorum,
1445 2554 1498 2586 M.
1523 2554 1574 2586 D.
1603 2553 1687 2586 xx.

333 2690 367 2717 ²¹
399 2690 600 2746 Veiovis]
632 2695 716 2734 vult
746 2691 954 2733 Plutonis
983 2705 1018 2733 s.
1040 2691 1222 2744 Zabuli,
1254 2690 1364 2733 falsi
1393 2690 1483 2733 dei.

341 2761 358 2786 ⁵
387 2762 475 2803 Hic
508 2762 715 2817 epilogus
747 2775 836 2804 non
867 2762 958 2804 nisi
987 2763 1036 2803 in
1059 2765 1100 2804 3.
1132 2762 1317 2816 legitur,
1347 2764 1572 2817 superiori
1601 2765 1640 2814 5.
1663 2762 1731 2807 82.
1754 2768 1857 2818 post
1885 2779 1930 2806 v.
1961 2776 2088 2805 mms
2120 2764 2371 2806 subiectus.

224 2833 260 2859 ²⁵
287 2835 420 2875 Dom.
442 2837 558 2888 post.
581 2847 698 2876 omn.
721 2832 778 2888 s.]
810 2834 841 2874 i.
867 2847 904 2877 e.
927 2833 1001 2874 die
1022 2834 1061 2874 4.
1084 2833 1199 2874 Nov.
