2456 4264
747 249 967 282 ADDENDA
986 250 1048 280 An
1068 249 1275 280 nvr‘rzm
1295 250 1397 280 OPP.
1419 250 1555 280 vom..
1578 251 1613 279 1.
1633 245 1690 278 112
2255 223 2291 281 9

413 397 457 437 p.
496 383 596 424 427.
622 394 671 424 v.
716 380 758 426 5.
788 381 922 435 ignes

547 483 560 504 ,
639 482 669 504 ,‚
717 450 761 492 8.
791 464 884 493 non
914 455 1063 493 ratam
1095 451 1194 492 fore

543 557 555 577 ,
634 555 667 577 ,‚
689 522 757 565 14.
787 521 962 564 Franc⁸
994 522 1244 563 arbitratur
1274 522 1397 576 apud
1426 521 1642 563 Carolum
1673 533 1775 563 esse

545 627 557 647 ,
635 626 662 646 „
685 593 752 639 15.
784 594 925 636 etiam
955 593 1032 648 qui
1063 590 1170 646 (non
1199 593 1277 647 qui
1308 597 1356 635 et
1384 591 1510 647 ipsi).

635 697 664 717 „
691 664 757 707 18.
789 664 981 719 generis
1006 667 1143 718 atque
1174 662 1346 706 ordinis

633 768 662 788 „
686 735 754 780 21.
785 748 879 777 rem
911 735 1073 778 fuisse.

437 840 448 860 ,
526 837 557 860 „
638 838 665 859 „
685 805 756 849 30.
784 805 1048 848 Tiloninum
1078 802 1186 860 (non
1214 803 1471 859 Tilouium)

257 893 330 935 Ad
356 893 447 935 hoc
477 905 644 936 nomen
673 890 847 934 Tilonii
884 892 1039 945 posita
1076 891 1313 933 adnotatio
1352 889 1548 932 delenda
1586 894 1672 932 est.
1731 890 1975 932 Tiloninus
2005 891 2080 933 hic
2119 895 2190 934 est
2219 891 2299 934 ille

143 965 326 1009 Ruricii
353 963 493 1007 Cordi
531 963 825 1006 adversarius
862 967 1025 1018 poeta,
1064 962 1395 1004 Thilemannus
1432 959 1633 1004 Com-adi
1664 961 2004 1016 Gottingensis,
2046 975 2177 1016 quem
2214 963 2297 1004 sub

143 1038 292 1082 variis
321 1036 464 1080 etiam
483 1034 746 1078 nominibus
774 1033 1019 1088 (Thilonis,
1053 1032 1302 1086 Tilmanni,
1332 1032 1551 1085 Theonis,
1580 1032 1827 1087 Philymni,
1858 1032 2082 1086 Philoeni,
2114 1033 2298 1086 Thielli,

146 1108 414 1157 Telamonis
451 1120 487 1154 s.
517 1104 797 1161 Telamonii)
834 1105 917 1148 ille
957 1106 1232 1159 exagitavit.
1292 1103 1352 1147 cf.
1392 1103 1439 1149 G.
1468 1103 1643 1146 Krause
1672 1103 1887 1146 Euricius
1917 1103 2103 1146 Cordus.
2154 1105 2301 1148 Marb.

150 1178 276 1226 1863.
336 1210 350 1224 .
378 1179 450 1223 32.
481 1193 503 1222 s
568 1210 579 1221 .

257 1193 469 1296 Egndem
496 1193 763 1294 'gilloninum
791 1247 961 1303 saepius
991 1248 1040 1288 in
1068 1247 1240 1289 litteris
1268 1244 1724 1289 Melanchthonianis
1753 1246 1995 1288 memorari
2024 1245 2087 1300 (e.
2111 1260 2178 1301 gr.
2207 1248 2302 1289 Me-

144 1323 353 1368 lanehth.
392 1322 512 1379 Opp.
553 1321 635 1374 ed.-
664 1319 909 1364 Bretschn.
949 1320 986 1361 Ι.
1004 1318 1069 1359 11⁰.
1090 1317 1187 1360 104.
1209 1318 1238 1362 i.
1258 1318 1291 1360 f.
1340 1315 1406 1362 n0.
1426 1315 1523 1360 107.
1544 1317 1645 1359 init.
1710 1317 1774 1377 n⁰.
1797 1316 1890 1359 128.
1911 1316 2028 1359 med.
2068 1317 2307 1362 adnotavit

144 1395 308 1439 Baum.

390 1479 502 1522 pag.
531 1464 629 1507 428.
662 1479 706 1510 v.
740 1463 831 1505 12.:
863 1465 1045 1504 tantum
1075 1459 1183 1502 fidei

675 1535 702 1587 ,μ
746 1533 814 1577 19.
844 1546 937 1588 sq.:
969 1531 1233 1574 Tiloninum
1263 1530 1384 1587 apud
1412 1530 1605 1586 primum

679 1638 708 1661 ‚,
748 1605 844 1647 24.:
875 1603 1132 1646 Tiloninus.

588 1711 599 1732 ,
681 1709 710 1731 „
739 1677 835 1721 25.:
868 1676 910 1718 si
941 1688 1032 1729 qua
1060 1674 1134 1716 vis

590 1782 602 1802 ‚
681 1780 712 1801 ‚,
743 1747 839 1791 29.:
871 1759 1005 1801 nunc,
1027 1759 1052 1787 e
1084 1744 1184 1798 (pro
1214 1743 1332 1786 meis
1362 1742 1407 1796 e)

449 1853 461 1874 ‚
538 1820 636 1863 429.
679 1852 710 1873 ,‚
769 1819 834 1864 3.:
868 1831 971 1860 cum
1000 1815 1274 1859 Vormaciae
1303 1814 1534 1869 inveniat,
1567 1827 1727 1858 curare
1759 1816 1847 1858 huc
1877 1815 2004 1867 mihi,
2038 1828 2095 1857 ne
2127 1828 2217 1870 qua
2247 1817 2308 1858 sit

429 1924 460 1948 „
678 1923 710 1945 „
769 1891 835 1931 4.:
868 1902 971 1944 quae
1001 1887 1164 1930 aiebas

677 1994 705 2015 ‚,
767 1962 829 2004 'l.:
862 1960 1089 2014 reliquum
1119 1959 1160 2000 si
1190 1956 1300 2012 quid
1328 1969 1464 2012 posse

430 2066 463 2090 „
570 2065 600 2088 „
679 2065 709 2086 ‚,
766 2031 834 2074 9.:
866 2031 1000 2073 mitte
1031 2030 1214 2085 Spiram

430 2137 462 2160 „
568 2137 600 2159 „
679 2135 708 2157 ,‚
765 2103 831 2146 9.:
864 2104 984 2146 sciet
1011 2102 1092 2144 ubi

433 2209 468 2234 „
576 2208 606 2231 „
702 2175 840 2229 ,12.·
871 2174 1025 2217 literis
1056 2173 1115 2215 ad
1145 2186 1219 2215 me
1246 2170 1446 2214 indicem

148 2253 227 2296 Aa
258 2266 304 2306 p.
336 2252 438 2296 429.
488 2248 838 2293 adnotationem
878 2246 1018 2288 adde.
1070 2243 1143 2287 cf.
1183 2243 1309 2286 infra
1346 2242 1405 2284 ad
1442 2242 1532 2284 vol.
1565 2242 1625 2287 11.
1658 2256 1764 2299 pag.
1798 2255 1919 2285 num.
1952 2242 2230 2287 ‘ccxan
2262 2244 2304 2285 d.

262 2323 306 2368 7.
335 2323 438 2366 Ian.
470 2334 516 2364 a.
547 2320 674 2365 1521.

150 2467 229 2510 Aa
253 2468 335 2510 vol.
366 2465 410 2508 Ι.
436 2470 542 2521 poce
562 2477 668 2520 paq.
697 2466 803 2508 432.

211 2564 490 2597 ιοῧνᾙτω.
1105 2515 1363 2580 ΟΟνΙ*’
1793 2555 1838 2584 D·
1870 2550 1904 2584 ⁴¹·
1938 2555 2040 2585 DEC·
2074 2556 2118 2586 Δ.
2153 2550 2251 2588 15²0·

843 2619 1086 2675 [CAPITO
1125 2618 1208 2660 AD
1247 2612 1624 2670 LVTHERvm

154 2723 403 2781 „Epistola
442 2724 572 2766 extat
608 2722 853 2777 impressa,
895 2719 975 2762 sed
1006 2732 1227 2776 perquam
1257 2718 1446 2771 vitiose,
1487 2717 1534 2758 in
1565 2714 1685 2758 Bibl.
1717 2716 1951 2757 Bremens.
1986 2714 2121 2756 class.
2156 2715 2231 2758 IV.
2265 2729 2307 2770 p

151 2794 257 2840 429.
285 2808 385 2851 sqq.
444 2794 519 2838 Ibi
548 2795 672 2836 inter
702 2793 820 2835 alia.

152 2870 401 2920 Classicum
437 2869 602 2918 dedisti
638 2868 748 2916 tuba
784 2867 923 2915 toties
961 2874 1009 2914 et
1043 2866 1272 2914 liuttenus
1309 2863 1542 2913 nobiscum
1580 2862 1743 2911 cecinit
1780 2861 2310 2913 Bellicum.mox·1r1nls

152 2942 554 3007 pereclitaturus.“
1405 2943 1502 2996 (Ex
1530 2947 1653 3000 episc.
1688 2945 1838 2990 Baum.
1870 2945 1929 2987 ad
1957 2944 2113 2985 editor.
2144 2956 2230 2986 scr.
2234 2941 2253 2995 )

153 3082 243 3126 Ad.
270 3083 353 3126 vol.
383 3080 456 3123 ΙΙ.
483 3093 531 3135 p.
564 3082 608 3122 3.

208 3178 439 3211 nurus.
1037 3132 1428 3199 *CCXVIIL
1807 3172 1853 3200 n.
1883 3167 1918 3204 7.
1950 3170 2047 3201 un.
2077 3170 2120 3201 Α.
2155 3164 2252 3199 ¹521.

502 3235 756 3293 [BEATVS
794 3236 1121 3280 RHENANVS
1158 3232 1497 3278 BONIFACIO
1536 3228 1973 3285 AMORBACHIO.]

266 3337 526 3396 „Epistolae
556 3337 712 3381 Bonis.
734 3335 1029 3380 Amorbacbii
1061 3334 1141 3392 [cf.
1163 3334 1253 3379 vol.
1274 3334 1309 3376 1.
1342 3348 1385 3389 p.
1407 3332 1505 3375 429.
1529 3328 1700 3386 adnot]
1731 3329 2008 3373 Robrichius
2040 3329 2310 3385 particulam

152 3409 434 3455 nolummodo
471 3408 648 3465 publici
685 3407 800 3451 iuris
838 3408 957 3451 fecit
994 3408 1277 3461 eandemque
1317 3418 1548 3447 mancam:
1589 3404 1704 3456 Quoe
1734 3402 1901 3445 desunt
1942 3401 1989 3444 in
2020 3401 2108 3445 vol.
2141 3402 2176 3445 1.
2209 3401 2238 3442 l.
2273 3416 2310 3442 c.

152 3482 233 3526 bic
263 3481 446 3526 addam.
476 3481 626 3524 Versu
655 3479 908 3536 penultimo
938 3483 1043 3535 post
1072 3492 1116 3523 v.
1148 3474 1468 3520 ‘icfederentur'
1501 3477 1750 3530 sequuntur
1779 3474 1902 3517 haec:

295 3557 476 3605 nemine
500 3561 737 3619 spectante
761 3561 931 3618 praeter
954 3552 1171 3617 pauculas
1209 3551 1499 3600 mulierculas
1537 3550 1662 3599 olera
1698 3555 1837 3612 atque
1874 3550 1962 3597 hoc
1997 3561 2142 3610 genus
2168 3560 2311 3607 nugas

152 3628 532 3751 ggegaegterea
561 3696 718 3737 insunt
746 3693 804 3737 de
834 3697 912 3736 tuo
941 3692 1150 3735 Hutteno
1180 3691 1478 3734 nominatimz

154 3771 422 3820 Franciscus
459 3787 485 3819 a
524 3770 767 3832 Slckingen
805 3776 853 3817 et
888 3766 1064 3818 ulricus
1102 3766 1352 3819 Huttenus.
1402 3766 1492 3813 imo
1542 3764 1718 3813 nobiles
1757 3761 1951 3818 universi
1992 3760 2124 3806 huius
2164 3772 2308 3803 causae

156 3844 457 3905 patrocinium
497 3847 813 3905 susceperunt.
1183 3848 1279 3901 (Ex
1308 3849 1434 3902 epist.
1466 3863 1503 3890 v.
1536 3850 1587 3890 el.
1624 3847 1758 3887 naum
1795 3846 1854 3886 ad
1881 3844 2083 3884 editorem
2114 3838 2253 3893 data.)
