2456 4264
218 278 337 336 522
841 305 1161 334 12:1›1s‘r0nARvM
1183 306 1488 336 ossscvnonvm
1509 309 1720 339 vmonvm

546 434 674 491 Quod
710 434 815 481 licet
852 441 898 480 et
935 436 1062 482 facile
1098 443 1189 489 est,
1230 437 1350 498 quod
1387 452 1478 484 non
1514 438 1643 490 licet,
1682 441 1831 487 acrius
1868 443 1959 488 urit

484 520 523 552 16
663 505 855 551 Ferreus
895 514 964 551 est
1002 508 1039 552 si
1077 509 1177 568 quis
1216 508 1434 568 compede
1468 509 1600 569 pulsa
1637 516 1769 556 sonet

546 578 717 622 Auctor
755 589 869 637 opus
908 575 1082 628 laudat,
1121 580 1303 638 pariunt
1339 578 1563 626 absinthia
1600 581 1744 642 campi

659 645 872 707 Collaque
908 647 1074 694 velocis
1111 648 1207 694 dira
1244 662 1411 695 venena
1448 664 1598 697 manu.

544 717 641 762 Non
680 715 765 762 sibi
802 718 1058 778 respondit,
1097 732 1188 765 non
1227 721 1373 766 omnia
1409 720 1770 782 proloquebatur

482 802 524 835 20
664 787 719 832 Et
755 801 959 839 causam,
998 789 1112 835 laevo
1150 789 1234 836 fixa
1273 792 1437 851 sagitta
1475 792 1588 852 pede
1625 798 1709 838 est.

544 858 656 904 Dent
692 857 774 904 tibi
812 859 1019 905 coelestes
1056 860 1307 921 squalentia
1347 861 1435 907 tela
1470 864 1652 908 venenis

658 930 862 990 Arvaque
898 932 1093 991 pugnaci
1129 946 1254 978 mors
1291 931 1492 978 habitare
1529 934 1613 978 sui.

545 999 675 1061 Saepe
713 1000 797 1046 suit
832 1008 991 1047 nostro
1029 1016 1161 1063 quam
1198 1016 1282 1063 pro
1319 1003 1522 1049 mercede
1558 1004 1719 1050 dedisti

481 1086 523 1118 24
663 1071 825 1116 Abdita
863 1086 952 1118 nox
991 1072 1196 1134 splendet
1233 1073 1472 1119 sedulitate
1509 1074 1669 1121 domus

546 1141 726 1188 Scilicet
762 1148 813 1187 ut
850 1143 1019 1189 fulvum
1055 1151 1227 1190 vestras
1265 1144 1499 1190 absumere
1534 1146 1655 1192 vires

658 1213 828 1274 Aspera
867 1214 971 1259 (lum
1008 1215 1140 1261 nobis
1180 1221 1286 1261 sunt
1322 1216 1570 1262 veneranda
1606 1215 1724 1263 loco.

544 1283 766 1330 Stramine
802 1300 922 1346 saepe
960 1300 1096 1346 super
1133 1287 1342 1347 quoniam
1379 1288 1668 1333 convenimus
1706 1286 1836 1334 ambo

482 1369 524 1402 28
665 1356 758 1401 Una
794 1363 922 1416 paret
956 1356 1075 1403 lecto
1113 1357 1246 1416 digna
1284 1356 1435 1417 puella
1473 1365 1569 1404 tuo.

544 1426 718 1473 Vellera
757 1426 867 1473 dura
905 1428 1057 1473 ferunt
1092 1428 1219 1473 video
1259 1428 1420 1475 delicta
1456 1442 1660 1475 meorum

657 1498 725 1543 An
765 1498 946 1545 fortuna
982 1499 1090 1544 mihi
1129 1499 1299 1545 crimen
1336 1499 1486 1546 inesse
1523 1499 1684 1560 rogat?

545 1567 755 1624 Quolibet
791 1576 861 1614 est
898 1569 1007 1615 folio
1046 1569 1179 1615 modo
1216 1569 1483 1616 formidatus
1520 1571 1566 1616 in
1604 1568 1717 1616 urbe

482 1652 524 1686 32
666 1638 888 1685 Candidus
927 1646 971 1685 et
1009 1640 1115 1687 felix
1152 1640 1296 1686 frater
1332 1641 1521 1687 honoris
1558 1643 1658 1687 erit.

543 1709 632 1756 Nec
671 1716 818 1756 tamen
854 1711 974 1757 hunc
1011 1725 1092 1756 sua
1128 1724 1250 1756 mors
1288 1711 1342 1756 ad
1379 1725 1511 1771 opem
1549 1711 1722 1759 luctare
1757 1712 1984 1759 serendam

656 1780 746 1826 Nec
782 1781 958 1826 tardum
996 1781 1145 1826 iuveni
1181 1783 1474 1842 prosperiore
1512 1782 1616 1828 frui.

547 1851 623 1896 Vix
660 1851 780 1897 illam
820 1852 969 1897 subito
1007 1865 1170 1912 posses
1207 1854 1377 1898 intrare
1415 1853 1612 1899 fenestra

480 1938 522 1972 36
662 1922 752 1968 Nec
789 1923 996 1983 queritur
1032 1922 1136 1969 suso
1173 1936 1257 1983 per
1294 1937 1419 1970 sacra
1455 1923 1589 1970 verba
1626 1937 1770 1971 mero.-

553 1994 628 2039 Vix
666 1993 871 2054 equidem
909 1993 1071 2046 credo,
1109 2006 1192 2040 nec
1229 1995 1268 2039 si
1306 1994 1514 2042 mortalia
1551 2009 1734 2056 possem

656 2063 829 2110 Excidit
864 2065 1086 2126 asperitas
1123 2078 1232 2112 voce
1267 2065 1447 2111 clientis
1484 2079 1630 2127 opem.

545 2135 643 2181 Mox
680 2135 813 2181 etiam
853 2142 1013 2196 pectus
1050 2135 1282 2182 candentis
1320 2135 1517 2183 frustula
1553 2137 1664 2184 ferri

481 2221 522 2254 40
664 2207 789 2252 Tunc
825 2213 1010 2268 superat
1047 2206 1239 2268 pulchro
1276 2221 1367 2254 non
1403 2208 1551 2254 minus
1588 2207 1676 2254 iste
1711 2207 1849 2255 dabit.

543 2276 632 2323 Nec
669 2284 719 2323 tu
756 2277 992 2329 consulto,
1030 2277 1118 2323 nisi
1158 2279 1305 2325 tristia
1341 2278 1554 2326 mandere
1592 2293 1712 2326 saevo

655 2348 736 2394 Est
771 2349 839 2394 via
877 2348 1079 2400 declivis,
1120 2362 1194 2395 res
1231 2349 1365 2395 habet
1401 2349 1487 2396 ista
1527 2363 1674 2396 suum.

545 2420 735 2465 Tantum
771 2432 828 2465 ne
862 2426 1079 2475 noceant,
1118 2419 1374 2466 venduntur
1409 2434 1548 2481 regna
1583 2421 1766 2474 labore,

480 2496 519 2529 44
662 2491 830 2536 Annuit
867 2497 911 2535 et
949 2490 1136 2542 studiis,
1175 2490 1394 2553 principis
1431 2504 1531 2538 esse
1569 2491 1751 2539 domum

321 2641 356 2668 ¹5
389 2642 504 2684 Ovid.
537 2643 598 2683 II.
620 2642 772 2685 Amor.
802 2643 926 2684 XIX.
958 2641 998 2685 3.
1030 2643 1162 2694 Quod
1190 2643 1315 2692 licet,
1347 2644 1577 2699 ingratum
1610 2648 1702 2697 est3
1734 2645 1852 2699 quod
1882 2651 1963 2688 etc.
2060 2646 2095 2673 ¹⁶
2125 2648 2179 2688 F.
2214 2651 2285 2689 est
2314 2647 2354 2689 si

210 2712 269 2767 q.]
291 2713 408 2754 Ibid.
431 2714 552 2754 XIX.
575 2714 616 2754 4.
708 2726 852 2767 comp.
875 2728 918 2768 p.
941 2712 1057 2768 son.]
1087 2715 1233 2759 Tibull.
1256 2713 1293 2755 I.
1317 2715 1356 2766 7,
1368 2722 1426 2760 42.
1515 2713 1551 2741 ¹⁷
1579 2715 1632 2758 A.
1653 2729 1724 2770 op.
1747 2715 1797 2772 1.]
1832 2716 1903 2758 Cf.
1925 2716 2254 2760 Ecclesiastici
2273 2719 2352 2760 IX.

208 2785 278 2825 24.
300 2785 388 2838 „In
417 2785 626 2826 manibus
658 2784 884 2826 artificum
915 2798 1057 2839 opera
1085 2785 1437 2828 laudabuntur”.
1553 2798 1650 2841 par.
1675 2787 1773 2829 abs.
1797 2784 1854 2841 o.]
1879 2786 1996 2830 ovid.
2019 2789 2104 2830 III.
2131 2802 2186 2831 ex
2206 2791 2352 2832 Ponto

208 2855 334 2899 VIII.
359 2855 426 2897 15.
514 2853 549 2882 18
581 2854 631 2896 C.
652 2853 817 2909 veloc.]
843 2855 961 2897 Ouid.
983 2855 1046 2897 11.
1070 2869 1126 2897 ex
1146 2857 1292 2899 Ponto
1323 2858 1403 2899 IX.
1426 2856 1497 2900 58.
1593 2858 1694 2900 dira.
1722 2870 1767 2900 v.
1789 2856 1871 2912 m.]
1902 2858 2020 2900 Ouid.
2043 2860 2105 2901 ΙΙ.
2130 2873 2185 2901 ex
2205 2861 2352 2902 Ponto

208 2927 287 2967 IX.
310 2925 379 2967 68.
487 2924 520 2952 ¹⁹
549 2926 589 2966 Ν
593 2939 650 2967 on
680 2939 715 2967 s.
739 2924 876 2980 resp.]
911 2926 1029 2968 Ouid.
1050 2926 1178 2971 Fast.
1201 2928 1280 2970 IV.
1302 2927 1399 2970 373.
1504 2927 1544 2956 ²⁰
1571 2928 1677 2971 laev.
1770 2926 1856 2983 est]
1890 2928 2006 2973 ovid.
2026 2931 2155 2972 Fast.
2178 2931 2231 2974 V.
2253 2930 2349 2973 398.

208 2995 243 3022 ²¹
282 2998 407 3038 Dent
444 2995 530 3039 tibi
560 2998 645 3038 dii:
690 2996 806 3040 ovid.
828 2999 910 3041 III.
932 2998 1071 3040 Trist.
1092 2998 1129 3038 Ι.
1154 2997 1222 3040 23.
1253 2999 1312 3040 II.
1339 3013 1394 3041 ex
1413 3000 1560 3041 Ponto
1590 3001 1628 3041 Ι.
1650 2998 1719 3041 53.
1835 3011 1902 3054 sq.
1925 3004 1959 3041 t.
1982 2997 2048 3055 v.]
2084 3000 2200 3046 ovid.
2221 3002 2350 3044 Fast.

209 3068 263 3111 V.
284 3067 381 3109 397.
497 3065 535 3093 ²²
563 3068 669 3110 Arv.
701 3066 860 3123 pugn.]
896 3069 1013 3110 Ovid.
1036 3070 1166 3111 Fast.
1189 3070 1243 3110 V.
1266 3068 1363 3112 374.
1478 3071 1605 3111 Mars
1642 3070 1855 3112 habitare
1894 3071 1988 3111 sui:
2029 3071 2148 3113 Ibid.
2179 3073 2232 3114 V.
2253 3071 2353 3114 553.

210 3135 246 3162 ²⁴
287 3138 536 3180 sedulitate
574 3139 754 3180 modus:
797 3139 914 3181 ovid.
937 3140 1035 3181 Art.
1069 3155 1155 3182 am.
1178 3141 1242 3182 11.
1262 3139 1360 3184 334.
1476 3138 1513 3166 ²⁵
1552 3139 1626 3184 Sc.
1657 3143 1709 3182 ut
1738 3139 1789 3196 f.]
1823 3139 1940 3183 ovid.
1973 3142 2012 3183 1.
2044 3141 2183 3183 Trist.
2205 3132 2259 3188 v.
2281 3142 2349 3184 25.

209 3207 247 3234 ²⁷
277 3208 407 3263 Saepe
437 3222 574 3263 super
605 3213 827 3251 stramen:
861 3210 977 3252 Ovid.
1000 3211 1085 3265 Ep.
1109 3212 1161 3253 V.
1186 3210 1253 3252 15.
1356 3224 1433 3263 qu.
1458 3225 1499 3252 c.
1522 3209 1672 3265 ambo]
1711 3213 1872 3266 Vergil.
1898 3211 1984 3254 ecl.
2004 3212 2060 3255 V.
2086 3211 2125 3256 l.
2230 3211 2269 3239 ²⁹
2298 3213 2351 3274 V.

211 3279 253 3322 d.
277 3277 380 3333 fen]
416 3279 534 3326 Ovid.
558 3281 642 3322 III.
668 3277 892 3322 ex'Ponto
912 3281 1038 3324 VIII.
1059 3280 1100 3322 9.
1216 3281 1309 3324 vid.
1331 3282 1373 3322 d.
1396 3280 1471 3337 m.]
1504 3281 1621 3324 Ibid.
1643 3283 1728 3323 IX.
1749 3283 1791 3324 7.
1908 3281 1947 3309 ³⁰
1987 3282 2160 3325 crimen
2198 3284 2350 3326 inesse

211 3350 323 3390 tuis:
358 3349 472 3390 Ovid.
496 3351 584 3392 III.
606 3365 660 3391 ex
679 3353 825 3393 Ponto
846 3353 930 3393 III.
954 3351 1022 3393 70.
1110 3350 1143 3378 ³¹
1177 3353 1230 3403 Q.
1252 3357 1324 3394 est
1353 3351 1403 3406 f.]
1439 3352 1554 3394 ovid.
1576 3354 1654 3395 IV.
1678 3366 1734 3395 ex
1752 3353 1901 3394 Ponto
1929 3353 2014 3396 111.
2035 3352 2103 3396 33.
2219 3354 2351 3397 modo

211 3420 242 3461 f.
275 3420 322 3459 in
351 3417 416 3473 u.]
448 3420 564 3461 Ibid.
585 3421 667 3461 ΙΙΙ.
691 3420 759 3462 39.
876 3421 912 3448 ³²
952 3422 1001 3464 C.
1026 3426 1073 3463 et
1103 3421 1198 3477 fel.]
1229 3423 1349 3464 Ibid.
1370 3424 1449 3466 IV.
1473 3422 1540 3466 18.
1655 3422 1692 3450 ³⁸
1730 3424 1788 3465 ad
1826 3437 1897 3478 op.
1929 3422 1961 3467 Ῑ.
1992 3422 2100 3478 fen]
2135 3424 2249 3467 Ovid.
2271 3425 2349 3467 IV.

211 3490 348 3531 Trist.
371 3490 423 3531 V.
437 3488 501 3530 19.
561 3488 598 3515 ³4
626 3492 680 3532 N.
701 3496 733 3532 t.
757 3491 870 3546 iuv.]
893 3492 1008 3535 Ovid.
1030 3494 1174 3547 Ep.V.
1187 3492 1255 3536 33.
1341 3509 1407 3548 pr.
1432 3493 1506 3549 fr.]
1531 3494 1648 3539 ovid.
1658 3495 1742 3539 111.
1755 3507 1811 3536 ex
1830 3495 1977 3536 Ponto
1995 3493 2179 3538 V11.30.
2238 3493 2275 3521 ³⁵
2294 3495 2350 3537 V.

210 3560 278 3601 ill.
300 3574 336 3602 s.
359 3557 422 3614 p.]
458 3559 572 3603 ovid.
597 3562 725 3602 Fast.
747 3563 824 3603 VI.
846 3561 941 3604 539.
1056 3566 1165 3604 intr.
1188 3562 1298 3618 fen.]
1332 3566 1448 3608 Ovid.
1470 3567 1597 3608 Fast.
1618 3567 1695 3610 VI.
1717 3565 1814 3608 577.
1910 3564 1947 3591 ³⁰
1975 3564 2092 3607 Haec
2123 3565 2349 3619 queritur:

213 3630 330 3674 Ovid.
351 3631 447 3673 Art.
472 3644 557 3671 am.
580 3631 616 3671 Ι.
644 3629 738 3671 124.
853 3633 955 3674 fuso
1063 3634 1203 3689 mero]
1239 3635 1354 3679 Ovid.
1385 3637 1516 3678 Fast.
1538 3637 1602 3678 ΙΙ.
1622 3634 1722 3680 636.
1837 3635 1875 3662 ⁸⁷
1902 3636 1993 3677 Vix
2023 3648 2092 3689 eq.
2115 3634 2197 3690 cr.]
2230 3635 2346 3678 Onia.

209 3702 288 3742 IV.
312 3714 365 3742 ex
386 3702 532 3742 Ponto
563 3702 648 3742 III.
672 3701 741 3741 27.
764 3708 805 3742 et
833 3705 1002 3755 soepius.
1117 3704 1153 3732 ³⁸
1181 3707 1295 3748 Exc.
1320 3705 1440 3761 asp.]
1466 3706 1582 3750 Ovid.
1603 3708 1680 3750 IV.
1703 3719 1759 3748 ex
1778 3706 1926 3747 Ponto
1947 3706 2025 3748 IV.
2047 3705 2119 3747 22.
2233 3719 2348 3748 voce

212 3772 269 3812 cl.
292 3769 348 3826 o.]
378 3771 493 3812 Ibid.
515 3771 597 3812 ΙΙΙ.
620 3772 688 3813 42.
775 3770 811 3797 39
840 3773 946 3813 Mox
978 3774 1117 3813 etiam
1147 3773 1326 3830 pectus]
1353 3778 1463 3818 Hor.
1489 3778 1623 3830 epist.
1644 3778 1702 3820 II.
1726 3777 1857 3830 1,128.
1943 3773 1979 3802 ⁴¹
2009 3776 2101 3817 nisi
2204 3776 2346 3832 saevo]

212 3842 332 3884 Ovid.
353 3842 463 3883 Met.
484 3843 580 3884 XV.
602 3840 671 3883 92.
760 3840 797 3867 4²
825 3843 909 3883 Est
936 3856 978 3884 v.
1003 3843 1135 3898 decL]
1167 3846 1272 3887 vide
1302 3860 1344 3888 v.
1370 3846 1436 3887 11.
1524 3860 1598 3888 res
1627 3847 1769 3889 habet
1797 3849 1890 3889 ista
1919 3849 2088 3887 metus:
2122 3846 2239 3888 Ovid.
2259 3847 2345 3902 Ep.
2370 3845 2379 3853 ’

210 3913 328 3954 XVI.
350 3912 446 3954 342.
563 3911 599 3938 ‘¹³
628 3913 680 3954 T.
703 3926 760 3954 ne
782 3926 973 3955 noceas:
1007 3913 1122 3955 Ovid.
1146 3915 1182 3955 Ι.
1205 3916 1343 3960 Trist.
1365 3916 1401 3956 Ι.
1432 3914 1520 3960 101.
1626 3915 1663 3943 ⁴4
1691 3918 1914 3959 Assuetus
1944 3916 2131 3958 studiis:
2171 3917 2288 3963 Ouid.
2309 3919 2344 3962 I.
