2456 4264
28 212 40 239 ἲ

15 272 67 371 ξ
671 330 865 362 on'rVIm
888 330 1054 361 GBATII
1077 331 1309 362 EPISTOLA
1327 334 1676 365 APOLOGETICA.
2127 310 2246 370 397

8 414 67 483 ‘x
70 460 261 517 δανίιιε
297 463 519 525 propria
562 468 724 513 motus
769 465 988 526 pietate,
1038 478 1280 526 suamque
1324 462 1618 526 respectans
1665 466 1950 526 ecclesiam,
2002 480 2089 515 vos
2121 469 2254 526 filios

104 548 372 611 qua‘tatis
405 548 656 610 appellat,
699 554 748 596 et
783 562 816 596 a
854 550 994 598 nullo
1030 563 1253 610 unquam
1277 551 1567 611 sacerdote,
1612 550 1851 612 (excepta
1874 553 2052 600 saltem
2076 555 2254 602 mortis

176 634 241 695 )
276 632 620 682 absolvendos.
696 634 809 682 Hoc
854 639 1021 682 autem
1065 647 1238 683 verum
1276 648 1406 695 esse,
1461 640 1510 684 et
1546 636 1799 695 decretum
1838 638 2168 698 apostolicum
2205 645 2252 687 et

294 717 490 767 dissimi
512 718 820 768 Coloniensis
856 720 1231 781 archiepiscopi
1264 725 1629 782 transumptum
1666 722 1817 781 lonqe
1852 722 2053 783 lateque
2088 727 2252 772 trans-

4 791 7 793 *
110 816 136 829 ²·
184 825 192 842 ν
223 803 531 853 declarant.
607 804 835 865 Itemque
872 818 974 853 non
1011 806 1063 853 in
1100 818 1187 854 vos
1223 806 1482 855 duntaxat
1509 804 1755 854 Obscuros
1790 807 1910 855 talis
1940 806 2252 866 fulminatur

7 950 18 955 ⁷
59 940 130 947 ⁴,
165 881 171 884 ⁴
277 889 355 948 ia,
411 889 503 936 sed
548 889 601 937 in
649 902 818 938 omnes
853 890 1198 951 perditissime
1249 895 1408 949 vestre
1463 891 1835 939 coniurationis
1886 894 2138 953 conscios,
2199 895 2248 942 in

56 984 68 991 ··
82 992 105 1012 a
127 972 143 976 ’“
163 1000 182 1010 »
210 992 244 1016 »³
289 973 486 1035 quoque
521 975 698 1023 talium
734 975 982 1023 librorum
1019 976 1370 1036 impressores,
1412 975 1713 1034 venditores,
1754 976 1983 1036 lectores,
2025 991 2250 1026 reserva-

18 1053 22 1055 ’
161 1046 211 1109 s
226 1095 243 1119 ,
282 1062 333 1106 et
366 1058 421 1106 in
457 1072 542 1108 eos
577 1061 729 1107 etiam
766 1061 858 1120 qui
889 1059 1027 1108 hisce
1061 1060 1210 1108 rebus
1246 1060 1436 1108 auditis
1471 1061 1755 1108 teterrimos
1791 1062 1993 1110 illorum
2019 1068 2252 1111 auctores

191 1157 331 1194 non
368 1144 604 1206 produnt
648 1144 925 1205 iudicibus,
983 1157 1078 1193 nec
1133 1151 1235 1193 tam
1285 1145 1525 1194 scurriles
1569 1144 1765 1193 libellos
1813 1148 1951 1194 intra
1998 1152 2101 1195 tres
2146 1149 2251 1196 dies

77 1247 91 1268 f
127 1226 170 1239 '⁴
253 1258 261 1267 -
317 1252 328 1271 ι
350 1235 393 1278 t.
472 1227 512 1276 Ο
546 1231 846 1278 sententiam
883 1230 1244 1290 apostolicam,
1294 1231 1432 1279 omni
1471 1230 1630 1278 laude
1673 1235 1722 1278 et
1768 1231 1962 1280 honore
2008 1230 2247 1301 diqnam}

0 1319 2 1322 ’
78 1302 376 1395 {bamque
408 1310 817 1374 christifidelibus
851 1327 1166 1376 summopere
1210 1317 1580 1364 necessariam!
1629 1314 1787 1373 Quam
1834 1321 1972 1365 certe
2018 1320 2108 1379 qui
2149 1333 2248 1368 non
2270 1324 2345 1370 nib
2412 1347 2416 1353 κ

0 1443 12 1449 ⁷.
63 1400 155 1457 >qis
171 1401 199 1432 κ’
229 1428 252 1438 ,.
276 1404 302 1461 '‚
351 1401 441 1449 cui
481 1401 563 1448 rei
603 1401 945 1459 sacratissime
982 1401 1268 1462 neminique
1303 1414 1406 1449 non
1436 1399 1709 1459 fructuose
1758 1415 1821 1449 ac
1848 1403 2013 1463 plane
2039 1406 2257 1465 perutili

0 1498 3 1499 ⁷
14 1486 175 1554 ‘qui
202 1486 417 1546 resistit,
467 1487 557 1547 qui
591 1486 839 1546 oblatrat,
890 1487 980 1546 qui
1023 1486 1239 1546 invidet,
1294 1486 1385 1546 qui
1419 1486 1732 1546 obluctatur,
1785 1488 1881 1547 qui
1916 1502 2017 1537 non
2067 1490 2248 1551 obedi,t

79 1579 81 1581 ’
151 1570 423 1632 denique
457 1571 813 1633 impedimento
850 1575 947 1631 est,
1000 1575 1091 1620 aut
1127 1572 1377 1632 consiliis,
1430 1577 1519 1620 aut
1549 1570 1762 1632 favore,
1814 1579 1904 1621 aut
1933 1572 2097 1632 factis
2134 1577 2250 1624 insi-

83 1655 94 1670 ³
141 1709 146 1720 ⁴
235 1675 240 1681 1
312 1657 606 1717 renitendo,
659 1657 956 1717 deqenerem
1003 1669 1108 1705 sese
1154 1656 1522 1718 christicolam,
1575 1661 1623 1705 et
1645 1652 1668 1723 Η
1694 1671 1842 1718 sacre
1875 1659 2002 1718 fidei
2034 1666 2248 1709 contem·
2260 1667 2366 1721 eiijb

0 1797 2 1805 Ι
59 1732 157 1802 jo
307 1741 424 1790 luce
457 1741 653 1790 clarius
690 1742 922 1790 ostendit.
1010 1743 1247 1791 Viderint
1282 1756 1480 1804 quoque
1514 1745 1829 1804 sacerdotes,
1881 1758 1983 1806 qua
2031 1748 2252 1794 auctori—

82 1815 160 1867 ⁵·'2
221 1830 407 1876 contra
442 1832 773 1886 sacrosancte
808 1828 943 1875 sedis
980 1829 1259 1889 apostolice
1296 1829 1789 1890 determinationem,
1833 1843 1935 1878 non
1972 1833 2130 1880 solum
2170 1832 2251 1880 ob-

72 1915 93 1925 '⁴
156 1933 159 1938 r
203 1930 222 1955 ἰ
240 1950 243 1955 ,
262 1948 280 1974 ,
330 1912 423 1960 sed
466 1916 516 1960 et
553 1910 879 1972 famosarum
924 1914 1252 1974 epistolarum
1287 1914 1528 1974 lectores,
1581 1916 1880 1975 venditores,
1923 1921 1971 1964 et
2008 1917 2064 1965 id
2094 1931 2254 1978 ,qenus

6 2026 22 2074 'r‘
133 2026 137 2032 -
165 1999 175 2040 >
245 1997 300 2046 in
343 1996 488 2046 brevi
530 1999 810 2060 apostolico
858 1998 939 2058 (ut
972 2012 1132 2060 supra
1167 2000 1295 2047 satis
1330 1999 1474 2047 clare
1519 2001 1572 2047 in
1608 2001 2047 2050 lamentationibus
2083 2003 2250 2051 obscu-

3 2115 26 2136 ⁴
59 2086 259 2133 νῶναι
303 2083 623 2145 explicatur)
671 2096 965 2145 expressos,
1026 2083 1286 2132 absolvere
1340 2085 1582 2133 audeant.
1659 2085 1816 2135 Nemo
1870 2092 2086 2136 vestrum
2134 2089 2253 2150 plus

54 2191 59 2204 ι
176 2188 200 2211 a
243 2169 332 2228 sue
366 2169 621 2217 innitatur
646 2169 940 2230 prudentie.
1017 2170 1155 2219 Hinc
1200 2174 1274 2218 est
1318 2171 1457 2231 quod
1494 2170 1859 2221 Chrisostomus
1906 2174 1981 2221 ait
2025 2187 2253 2222 sermone

46 2236 201 2297 311
235 2251 369 2302 ‘Non
399 2254 549 2314 fidei,
590 2253 682 2302 sed
705 2255 942 2316 perfidie,
983 2269 1084 2304 non
1123 2256 1429 2314 confidentie
1464 2257 1556 2304 sed
1590 2255 1878 2317 diffidentie
1902 2264 2004 2318 est,
2046 2252 2251 2307 nimiam

0 2352 3 2355 ·
39 2338 139 2389 Ὧι
169 2340 436 2401 semetipso
471 2338 661 2388 babere
690 2338 970 2398 fiduciam’.
1049 2339 1150 2399 Que
1188 2341 1341 2389 etiam
1379 2346 1500 2402 quot
1528 2342 1798 2403 preclaros
1834 2345 1994 2405 viros,
2036 2350 2254 2406 quotque

50 2463 62 2472 .
87 2428 90 2433 ’
146 2445 158 2476 ,s
219 2436 325 2475 uos
361 2425 703 2475 adolescentes
739 2426 792 2474 in
829 2439 990 2475 causa
1027 2425 1365 2475 Reucltlinica
1411 2427 1691 2489 deceperit,
1741 2429 1976 2489 coqitare
2011 2435 2254 2491 poterunt

245 2546 264 2572 ,
314 2510 489 2560 dicere
522 2524 686 2560 nemo.
764 2509 807 2558 (Ι
863 2512 1047 2560 Verum
1097 2516 1151 2560 ut
1186 2525 1244 2560 eo
1290 2513 1425 2561 unde
1462 2513 1666 2562 divertit
1702 2518 1878 2563 nostra
1914 2529 2050 2563 nunc
2086 2529 2251 2564 rever-

35 2575 228 2686 >tamt
259 2596 451 2657 oratio,
494 2595 616 2654 Quis
652 2596 830 2658 (roqo)
869 2595 1178 2658 inferorum,
1232 2604 1320 2646 aut
1356 2612 1450 2659 que
1487 2599 1690 2648 tandem
1727 2600 1914 2658 cecitas
1949 2614 2036 2650 vos
2071 2603 2249 2662 coeqit,

36 2644 145 2730 §.a
171 2680 228 2730 in
259 2681 490 2731 secunda
524 2687 810 2731 vestrarum
846 2683 1176 2744 epistolarum
1213 2683 1434 2732 editione
1469 2685 1796 2734 Florentinos
1832 2687 1992 2749 ipsos,
2041 2688 2254 2735 scientia

36 2760 135 2818 ζει
165 2755 350 2815 virtute
381 2767 646 2828 florentes,
697 2781 878 2830 eosque
914 2782 1015 2818 non
1054 2769 1233 2829 aliter,
1284 2782 1436 2830 quam
1485 2769 1544 2819 ob
1582 2771 1780 2831 inqenii
1811 2775 1860 2820 et
1895 2777 2078 2831 nature
2115 2773 2255 2821 dotes

22 2854 53 2919 ,ξ
83 2850 160 2899 ita
193 2851 509 2913 appellatos,
551 2851 848 2903 Zodomitas
884 2855 1144 2915 diceretis,
1187 2868 1280 2904 nec
1315 2856 1599 2905 zodomitas
1635 2857 1822 2916 solum,
1873 2870 2045 2906 verum
2083 2863 2131 2905 et
2167 2871 2252 2906 no-

10 2926 374 3002 ssbilisoimam
397 2949 570 2987 eorum
606 2939 859 2988 civitatem
896 2941 1093 2989 cunctis
1126 2941 1305 2989 mundi
1337 2942 1623 2990 civitatibus
1657 2943 1923 2991 zodomitis
1953 2943 2248 3004 pleniorem,

34 3008 51 3139 ζ
83 3024 157 3071 tot
185 3022 449 3077 sacerdoti
478 3024 668 3073 salutes
702 3024 974 3074 scribendo
1010 3029 1133 3087 quot
1167 3027 1267 3075 sint
1312 3028 1364 3075 in
1402 3027 1669 3075 Florentia
1715 3028 1980 3086 zodomite.
2068 3028 2251 3076 Verum

54 3103 177 3166 laec
203 3118 406 3170 pessum
440 3114 578 3159 eant.
656 3109 837 3158 Cetera
873 3111 931 3159 id
962 3124 1123 3172 qenus
1158 3113 1404 3172 convitia,
1447 3112 1655 3161 auribus
1691 3114 1907 3174 indiqna
1944 3114 2248 3174 mortalium,

22 3178 181 3242 3²11oe
225 3192 339 3243 loco
382 3193 730 3256 relinquimus.
807 3194 1068 3257 Numquid
1110 3198 1273 3257 iqitur
1316 3199 1441 3246 satis
1495 3198 1631 3246 vobis
1670 3196 1804 3258 fuit,
1862 3199 2124 3248 ecclesiam
2173 3200 2258 3247 dei

147 3278 316 3339 witer
349 3278 544 3341 lesisse,
585 3281 688 3330 nisi
719 3282 873 3329 etiam
911 3282 964 3330 in
1002 3282 1238 3330 moderni
1264 3283 1519 3343 pontilicis
1545 3284 1723 3344 optimi
1742 3285 1972 3344 maximi,
2015 3285 2251 3333 omnium-

6 3338 26 3412 fl
87 3370 185 3424 que
224 3363 411 3414 litteris
458 3370 611 3426 atque
653 3366 840 3426 linquis
885 3367 1205 3426 celebrandi,
1257 3367 1476 3417 dedecus
1522 3381 1585 3417 ac
1629 3370 1982 3417 contumeliam
2029 3374 2132 3418 tam
2172 3370 2252 3418 ob-

269 3450 335 3499 de
370 3450 709 3511 Florentinis,
752 3451 888 3500 vobis
924 3452 1092 3513 effusa
1127 3453 1456 3512 leqerentur?
1503 3451 1681 3502 Nonne
1715 3467 1903 3503 summo
1931 3456 2168 3517 pontifici
2201 3456 2252 3503 in

197 3540 199 3542 ’
269 3539 320 3583 et
356 3536 410 3583 in
447 3535 758 3584 umbraculis
793 3537 1116 3597 iniquitatum
1154 3542 1437 3587 vestrarum
1464 3539 1828 3600 parcendum?
1875 3541 1954 3588 An
2002 3541 2252 3601 iqnoratis

231 3620 451 3669 issimum
490 3621 743 3669 dominum
782 3626 1007 3670 nostrum
1046 3621 1261 3671 Leonem
1293 3636 1490 3685 papam
1527 3625 1797 3684 decimum,
1849 3639 1881 3673 a
1920 3627 2120 3674 domino
2158 3626 2250 3673 deo

3 3690 25 3775 ⁴3
112 3702 171 3753 id
212 3706 350 3767 quod
391 3710 573 3754 sancta
611 3704 818 3764 fatetur
863 3707 1102 3769 ecclesia)
1155 3709 1309 3757 veluti
1352 3711 1570 3758 omnium
1619 3706 1858 3760 virtutum
1904 3713 2169 3773 exemplar
2204 3717 2251 3758 et

93 3796 108 3855 ⁷,
150 3786 406 3853 chitypon,
447 3804 602 3852 super
633 3795 810 3852 qentes
845 3796 894 3840 et
928 3806 1093 3854 reqna
1131 3794 1182 3843 in
1220 3796 1373 3844 terris
1395 3796 1746 3857 constitutum,
1788 3802 1843 3846 ut
1867 3799 2065 3856 evellet,
2108 3797 2248 3843 dissi-

11 3286 25 3339 ab„

70 3989 78 4001 ¹
167 4022 170 4027 .
197 3968 218 3999 ⁴
244 3972 472 4028 trfisffiptfi
503 3975 543 4016 2.
631 3972 665 4001 ²¹
700 3974 1009 4029 chrysostom‘)
1039 3979 1081 4019 2.
1171 3975 1209 4005 ²⁷
1239 3977 1361 4032 epl’a
1393 3981 1433 4020 1.
1521 3978 1554 4006 ³¹
1590 3978 1660 4020 cf.
1686 3991 1791 4032 pag.
1815 3977 1911 4021 215.
1934 3991 1975 4020 v.
1999 3977 2068 4018 29.
