2456 4264
240 263 360 320 496
534 285 858 314 TRACTATVLVS
884 284 1061 318 QVIDAM
1086 283 1308 311 SOLENNIS
1330 283 1388 311 DE
1410 283 1528 310 ARTE
1551 283 1607 310 ΕΤ
1630 283 1756 311 MODO
1778 283 2078 318 INQVIRENDI.

238 421 385 466 socios
422 418 584 463 habere
620 430 876 477 poenarum,
916 415 971 459 Et
1006 413 1119 459 illud
1154 414 1300 470 Petri,
1338 413 1513 460 Scitote
1547 414 1724 460 easdem
1761 417 1997 476 passiones
2033 422 2079 461 et
2104 414 2376 461 fraternitati

238 497 395 536 vestrae
433 503 531 549 quae
567 487 612 532 in
648 486 815 532 mundo
853 491 924 531 est
960 484 1075 534 fieri,

1213 593 1393 637 NONA.

149 686 212 729 Bb
374 695 792 732 soLLIOI'rANDvM
829 688 899 728 est
934 681 1142 727 omnibus
1178 681 1348 732 modis,
1386 687 1438 726 ut
1474 687 1576 727 ante
1612 677 1802 747 inisstum
1839 687 1885 727 et
1921 689 2028 742 post
2053 684 2213 729 Actum
2238 683 2373 728 istum

234 757 470 802 mittantur
494 753 657 800 diversi
682 753 862 799 Fratres
900 753 1082 798 discreti
1120 754 1166 797 in
1202 752 1399 798 diversas
1435 758 1613 812 partes,
1653 753 1840 799 maxime
1877 751 1933 798 ad
1968 754 2197 815 principes
2234 761 2280 798 et
2308 768 2375 798 se·
2395 768 2412 795 .-·.

233 827 382 872 niores
420 824 593 886 plebis,
634 824 710 884 qui
749 823 860 884 (sine
898 822 1252 870 detractionibus
1291 828 1336 868 et
1373 819 1629 885 mendaciis)
1667 822 1992 884 persuadeant,
2041 823 2162 869 hunc
2198 825 2376 869 haereti·

234 911 334 942 cum
371 896 491 942 nolle
529 895 683 941 audire
722 895 958 941 ecclesiam
994 893 1291 944 Catholicam,
1332 899 1377 939 et
1414 894 1527 939 hanc
1563 893 1742 954 culpam
1767 893 1980 944 dilatent,
2019 893 2305 954 magnificent
2331 903 2375 940 et

232 967 552 1028 multiplicent,
591 981 641 1013 ac
664 966 952 1027 pertinaciam
978 964 1176 1012 haeretici
1204 964 1388 1010 summis
1415 964 1576 1010 studiis
1602 971 1838 1016 accusent,
1876 963 2172 1010 detestentur.
2233 964 2373 1011 Etiam

235 1044 396 1098 spuant
434 1037 478 1083 in
518 1045 681 1083 terram
720 1037 919 1083 dicentes
944 1036 1108 1086 Pfuck,
1146 1034 1247 1085 Pia,
1285 1035 1411 1086 Pfui,
1452 1035 1572 1095 quod
1609 1035 1699 1082 ista
1734 1033 1942 1082 scandala
1977 1035 2304 1096 permittuntur
2327 1036 2372 1080 in

232 1108 430 1155 Ecclesia
467 1110 668 1168 regnari,
718 1109 763 1153 in
809 1107 1131 1168 blasphemiam
1178 1105 1338 1151 (livinae
1387 1104 1656 1165 maiestatis,
1703 1112 1750 1152 et
1785 1108 1831 1152 in
1867 1104 2208 1151 diminutionem
2245 1111 2429 1166 pote-¹0

234 1180 363 1226 statis
401 1178 609 1226 Ecclesiae
647 1185 692 1224 et
729 1178 831 1224 fidei
868 1177 1122 1228 catholicae,
1170 1191 1221 1223 ac
1258 1176 1467 1222 iniuriam
1506 1191 1642 1222 sacrae
1676 1175 1957 1237 Theologiae,
2004 1179 2256 1237 praesertim
2296 1177 2375 1222 do-

234 1253 390 1296 ctrinae
430 1250 572 1296 sancti
611 1250 812 1300 Thomae,
862 1255 909 1295 et
946 1249 1208 1309 opinionum
1257 1261 1452 1293 suarum.
1527 1244 1570 1292 (l
1605 1247 1758 1293 lurent
1794 1247 1951 1298 etiam,
1999 1262 2051 1293 ac
2087 1247 2293 1293 manibus
2330 1253 2374 1292 et

233 1321 423 1382 pedibus
459 1320 726 1382 loquantur,
766 1322 882 1366 sicut
919 1321 1143 1380 sapientes
1182 1319 1329 1364 solent
1365 1318 1607 1364 Ecclesiast
1634 1331 1727 1365 .111.
1753 1324 1806 1364 ut
1842 1318 1908 1364 sic
1942 1317 2171 1379 Principes
2208 1332 2373 1378 provo-

234 1398 336 1438 cent
372 1393 427 1437 ad
463 1391 830 1452 indignationem.
903 1391 989 1436 Pro
1028 1389 1377 1451 Inquisitoribus
1414 1402 1518 1435 vero
1555 1389 1735 1441 dicant,
1767 1388 1996 1450 quomodo
2035 1389 2183 1435 omnia
2219 1388 2374 1449 legali-

233 1471 302 1508 ter
338 1470 382 1508 et
419 1463 567 1509 zelose
592 1462 771 1512 faciant,
811 1468 976 1521 quanta
1001 1461 1218 1507 modestia
1243 1467 1288 1506 et
1312 1460 1530 1506 charitate
1554 1460 1817 1506 haereticum
1842 1467 1988 1510 orent,
2027 1459 2177 1511 fleant,
2216 1465 2365 1519 agant,
2393 1466 2428 1496 ¹5

233 1535 471 1594 omniaque
509 1540 709 1584 tentent,
748 1533 826 1578 sed
863 1533 1047 1578 frustra.
1122 1531 1362 1592 Expediret
1397 1531 1530 1576 etiam
1567 1530 1782 1582 multum,
1821 1530 1860 1576 si
1897 1531 1943 1575 in
1980 1529 2375 1591 praedicationibus

232 1606 277 1649 in
314 1604 513 1650 ecclesiis
550 1605 654 1649 hinc
690 1603 794 1649 inde
829 1603 1027 1664 populus
1065 1602 1270 1647 similiter
1306 1603 1536 1653 irritetur,
1585 1607 1630 1646 et
1677 1603 1852 1662 magnis
1898 1601 2262 1647 miserationibus
2301 1615 2375 1646 su·

231 1689 313 1735 per
358 1675 620 1721 haereticum
666 1689 750 1735 pro
798 1681 951 1720 sancta
1005 1673 1194 1719 ecclesia
1249 1679 1294 1718 et
1350 1673 1503 1718 favore
1556 1673 1883 1733 Inquisitorum
1939 1673 2266 1723 concitaretur,
2313 1671 2374 1717 Ne

230 1753 389 1806 postea
413 1759 617 1791 murmur
643 1745 688 1789 in
715 1745 883 1805 populo
910 1743 1259 1804 relinqueretur,
1299 1743 1417 1788 sicut
1454 1743 1623 1802 saepius
1660 1743 1829 1789 factum
1865 1749 1949 1794 est,
1986 1756 2079 1788 non
2115 1742 2258 1788 fuisse
2286 1743 2375 1788 hae·

229 1818 440 1868 reticum,
480 1816 556 1861 sed
582 1815 788 1861 iniuriam
815 1815 855 1860 ei
893 1815 1069 1860 factam.
1145 1811 1187 1858 (l
1222 1811 1335 1868 Quia
1370 1814 1475 1859 hinc
1511 1814 1653 1869 venit,
1694 1813 1815 1874 quod
1851 1813 1937 1860 ista
1973 1811 2131 1874 regula
2169 1812 2374 1874 neglecta
2389 1822 2430 1853 20

230 1887 341 1938 fuit,
390 1886 512 1948 quod
556 1900 701 1947 usque
748 1886 882 1931 hodie
928 1884 1058 1930 multi
1097 1890 1254 1944 aperte
1290 1884 1446 1931 dicunt
1483 1890 1528 1928 et
1565 1883 1764 1930 scribant
1808 1884 2018 1931 loannem
2055 1883 2156 1929 Huss
2194 1891 2238 1929 et
2276 1883 2376 1929 Hie-

229 1971 466 2018 ronymum
503 1957 557 2002 de
592 1957 735 2017 Praga
772 1956 915 2002 fuisse
950 1970 1033 2001 nec
1071 1956 1300 2001 convictos
1338 1968 1421 2001 nec
1457 1956 1576 2000 iuste
1621 1954 1906 2007 combustos,
1953 1954 2008 2000 Et
2054 1954 2251 2015 probant
2298 1954 2373 1999 tali

231 2035 520 2089 argumento,
561 2033 612 2073 ut
648 2041 794 2088 nuper
831 2043 854 2073 a
893 2026 1086 2088 quodam
1123 2026 1338 2072 haeretico
1376 2025 1523 2072 audivi
1560 2024 1607 2070 in
1643 2025 1842 2078 boemia,
1883 2025 2005 2087 quod
2039 2031 2281 2086 postquam
2310 2025 2372 2070 illi

230 2106 336 2153 sunt
371 2098 619 2150 combusti,
669 2098 787 2158 ignis
834 2097 955 2144 velut
1003 2098 1179 2143 iniuriae
1229 2097 1496 2158 disponente
1531 2097 1619 2143 Deo
1667 2099 1713 2143 in
1749 2097 1972 2143 neminem
2009 2097 2210 2142 atrocius
2249 2097 2373 2142 saevit

230 2185 363 2231 quam
400 2172 445 2215 in
472 2169 679 2215 Ordinem
709 2169 1072 2215 Praedicatorum.
1144 2168 1204 2213 Ex
1240 2169 1339 2228 ipso
1377 2169 1495 2214 enim
1532 2167 1715 2214 suerunt
1751 2167 1816 2213 illi
1852 2167 2150 2228 Inquisitores
2188 2166 2263 2228 qui
2291 2181 2370 2213 eos
2389 2177 2429 2208 ‘25

229 2241 603 2297 combusserunt,
642 2246 687 2286 et
725 2240 933 2300 allegavit
967 2239 1079 2285 illud
1118 2233 1290 2299 Sapiefi.
1343 2239 1441 2284 ‘Per
1478 2253 1578 2299 quae
1615 2240 1717 2300 quis
1754 2245 1931 2300 peccat,
1968 2252 2050 2299 per
2086 2239 2171 2299 hec
2207 2244 2254 2284 et
2290 2253 2372 2298 pu-

229 2313 377 2358 nitur’.
451 2311 541 2357 Nec
578 2318 647 2357 est
683 2311 925 2357 verisimile
962 2324 1039 2357 eos
1066 2310 1207 2356 fuisse
1233 2311 1486 2371 hereticos,
1527 2310 1632 2370 quia
1655 2324 1771 2356 novo
1798 2309 2006 2371 supplicii
2033 2322 2211 2368 genere,
2251 2308 2371 2369 quod

228 2383 453 2430 haereticis
490 2397 743 2443 nunquam,
784 2382 862 2428 sed
900 2383 1065 2443 saepius
1091 2380 1357 2432 Catholicis,
1395 2381 1485 2426 Deo
1511 2379 1714 2432 volente,
1753 2379 1926 2427 illatum
1953 2386 2047 2431 est,
2087 2379 2222 2426 occisi
2250 2386 2369 2425 sunt.

228 2454 391 2500 Verum
429 2454 557 2500 stulti
596 2460 702 2499 sunt
739 2453 825 2504 illi,
863 2467 954 2498 non
991 2451 1250 2512 intelligunt
1287 2451 1410 2513 quod
1445 2450 1535 2496 illis
1572 2451 1690 2498 facta
1726 2457 1797 2498 est
1832 2451 2032 2501 iusticia,
2073 2450 2178 2511 quia
2214 2449 2371 2496 nolue-

229 2531 335 2570 runt
372 2525 525 2570 audire
563 2524 817 2571 Ecclesiam.
890 2523 1068 2569 Nostris
1106 2530 1255 2569 autem
1291 2522 1523 2569 Fratribus
1560 2522 1678 2568 sacta
1723 2528 1793 2568 est
1838 2521 2023 2573 iniuria,
2074 2521 2179 2582 quia
2215 2519 2370 2566 volue-
2385 2531 2426 2564 30

230 2602 337 2641 runt
373 2595 525 2641 audire
563 2601 608 2640 et
646 2595 885 2641 audierunt
922 2594 1179 2645 ecclesiam,
1218 2601 1269 2639 ut
1306 2594 1513 2654 superius
1551 2600 1734 2654 accepta
1770 2599 1861 2645 est,
1901 2599 1947 2638 et
1970 2606 2062 2638 non
2088 2592 2270 2637 fuerunt
2297 2590 2371 2637 ad-

132 2667 206 2720 Bij
230 2667 379 2717 missi,
419 2666 516 2712 ideo
555 2667 598 2711 in
638 2666 752 2712 coelo
791 2668 886 2711 sine
922 2665 1059 2711 dubio
1086 2671 1329 2711 coruscant
1355 2665 1523 2726 inclyto
1548 2657 1571 2728 Η
1596 2664 1836 2726 martyrio,
1874 2663 1929 2710 Et
1952 2662 2270 2710 combustores
2296 2675 2371 2707 eo·

230 2752 353 2788 rum,
393 2739 495 2798 quia
532 2744 690 2782 contra
727 2737 961 2783 ecclesiam
1000 2742 1211 2796 egerunt,
1251 2735 1472 2781 ardebunt
1508 2737 1553 2781 in
1590 2735 1784 2782 inferno.
1859 2735 1919 2780 De
1956 2747 2045 2795 quo
2071 2733 2206 2779 latius
2231 2747 2369 2779 unum

228 2808 393 2854 librum
438 2808 576 2859 dabo,
626 2822 713 2868 quo
764 2807 995 2854 obstruam
1046 2822 1097 2853 os
1143 2806 1427 2867 loquentium
1475 2806 1653 2868 iniqua,
1700 2820 1833 2867 quem
1871 2820 1954 2866 pro
1994 2806 2164 2850 honore
2204 2810 2368 2850 sanctae

229 2879 429 2925 ecclesiae
469 2886 514 2924 et
551 2878 648 2925 zelo
687 2877 793 2926 fidei
831 2880 919 2924 iam
955 2877 1167 2939 compilo.
2384 2885 2426 2917 35

1043 2987 1280 3028 DECIMA
1315 2987 1562 3028 REGVLA

366 3091 462 3124 EST
500 3092 587 3123 una
625 3076 868 3138 singularis
907 3083 953 3122 et
990 3076 1226 3138 specialis,
1276 3090 1408 3136 quam
1451 3075 1599 3122 'adhuc
1643 3075 1795 3121 nullus
1835 3074 2006 3134 tetigit,
2056 3075 2132 3136 qui
2182 3074 2237 3120 de
2286 3073 2368 3120 hac
2436 3096 2440 3101 ’

230 3154 325 3193 arte
364 3149 566 3209 scripsit,
617 3155 833 3208 quantum
871 3161 954 3207 ego
992 3147 1146 3208 legere
1184 3147 1335 3208 potui,
1388 3160 1520 3207 quam
1558 3159 1642 3206 ego
1680 3145 1824 3191 multo
1861 3145 2016 3192 labore
2055 3153 2100 3191 et
2137 3145 2368 3206 experien-

234 3218 292 3262 tia
328 3219 497 3274 inveni‚
538 3225 584 3265 et
620 3226 690 3265 est
726 3218 917 3264 multum
957 3218 1159 3269 subtilis,
1199 3217 1370 3264 scilicet
1405 3219 1517 3268 ista,
1556 3215 1685 3271 Quod
1722 3218 1826 3277 quia
1863 3230 1984 3262 nunc
2019 3216 2147 3261 multi
2173 3222 2367 3275 surgunt

230 3289 305 3348 qui
343 3288 620 3348 antiquiores
657 3289 866 3336 doctores
901 3289 1080 3349 legunt,
1121 3295 1166 3334 et
1204 3288 1248 3334 S.
1276 3288 1490 3335 Thomam
1526 3294 1842 3338 contemnunt,
1893 3293 1939 3332 et
1975 3286 2172 3332 invenire
2210 3299 2258 3331 se
2295 3286 2358 3330 di·
2377 3297 2416 3328 io

228 3365 358 3409 cunt,
398 3359 519 3418 quod
553 3373 637 3405 nos
673 3360 937 3406 vocabulum
962 3359 1172 3406 Ecclesiae
1210 3366 1376 3405 sanctae
1414 3358 1582 3405 nostris
1620 3357 1907 3419 opinionibus
1945 3364 1993 3403 et
2015 3356 2250 3404 affectibus
2275 3370 2365 3402 non

228 3428 359 3475 aliter
404 3431 712 3489 praeteximus,
773 3445 904 3491 quam
952 3430 1058 3476 olim
1094 3430 1507 3491 Pseudoprophetae
1553 3443 1716 3475 nomen
1762 3427 1937 3474 Domini
1984 3428 2078 3474 suis
2126 3426 2365 3473 mendaciis

226 3506 591 3560 praetexuerunt‚
637 3501 896 3561 multosque
934 3502 1257 3562 prophetarum
1296 3500 1582 3551 occiderunt,
1635 3514 1686 3546 ac
1722 3498 1941 3560 populum
1967 3498 2253 3548 seduxerunt,
2292 3495 2365 3542 Sic

229 3577 275 3616 et
310 3585 394 3616 nos
433 3569 516 3615 sub
553 3572 731 3616 nomine
767 3571 975 3618 Ecclesiae
1013 3572 1166 3619 dicunt
1201 3579 1357 3618 nostra
1393 3571 1619 3618 mendacia
1658 3583 1884 3631 quaerere,
1922 3575 1969 3615 et
2003 3583 2093 3615 non
2131 3568 2365 3614 haeretico·

228 3655 328 3687 rum
364 3647 619 3692 exustores,
671 3641 748 3686 sed
799 3648 1054 3688 sanctorum
1092 3643 1173 3697 Dei¹
1213 3649 1531 3703 persecutores
1573 3643 1888 3692 criminantur,
1935 3639 2047 3685 nihil
2082 3639 2137 3685 de
2174 3636 2362 3684 ecclesia
2379 3646 2419 3678 45

343 3821 357 3849 ¹
386 3824 421 3864 I.
444 3821 632 3863 Petr.V.
645 3820 687 3862 9.
748 3818 780 3845 ¹³
801 3820 929 3862 Eccl.
951 3819 1052 3874 ΙΙΙ.]
1075 3820 1291 3862 X11.19.?
1314 3825 1485 3876 „caput
1507 3835 1633 3863 suum
1654 3821 1856 3863 movebit
1875 3826 1955 3862 etc.
2013 3817 2050 3845 ²⁶
2071 3818 2177 3873 Sap.
2196 3817 2360 3862 XL17.

229 3892 265 3918 ⁸⁰
294 3894 361 3934 Ad
391 3893 623 3933 Beruense
656 3891 804 3932 scelus
837 3890 1078 3931 adluditur.
1114 3891 1172 3931 cf.
1197 3892 1318 3931 infra
1348 3892 1507 3944 Regul.
1529 3893 1629 3932 XII.
1718 3888 1756 3916 ³4
1786 3891 1857 3934 Of.
1880 3889 2046 3931 Psalm.
2070 3889 2212 3930 LXII.
2239 3889 2302 3932 12.
