2456 4264
255 258 374 317 348
712 280 1096 309 LAMENTATIONES
1119 280 1423 309 onscvnonvu
1443 281 1653 316 vmon-vu
1676 266 1930 322 [vnwnmzs]

146 420 161 441 ·
251 417 347 462 sint
391 416 441 462 in
486 415 684 461 Donato
717 413 867 459 aves?
904 411 1029 470 quid
1066 415 1301 471 preterea
1337 411 1622 470 comedant,
1664 424 1762 471 quo
1787 412 1968 460 deinde
2006 407 2239 478 avolar[e
2274 426 2388 460 con—

251 493 552 563 sueverim&
594 502 641 544 et
667 502 783 555 quot
817 496 916 542 sint
952 495 1131 542 ibidem
1167 485 1342 543 metra.
1419 495 1525 552 Hec
1570 496 1698 543 enim
1733 497 1780 544 si
1811 497 1934 545 mihi
1966 498 2173 557 coqnita
2209 502 2384 557 essent,

250 585 500 642 theoloqos
546 580 849 640 disputando
899 579 1256 626 obumbrarem.
1344 580 1468 627 Vale
1521 579 1605 627 Ex
1641 579 2037 629 Buchelmunda.
2095 582 2390 630 duodecima

251 668 362 714 idus
399 665 707 725 Septembres
749 659 815 730 [et
851 676 973 711 cave
1008 677 1070 711 ne
1106 677 1309 711 anseres
1345 664 1506 712 nostri
1540 665 1672 712 inter
1709 666 1871 713 olores
1905 660 2177 730 strepant].

1270 896 1357 955 24.
2405 858 2430 954 ς

791 1024 832 1070 (Ι
879 1018 1284 1075 Genselinus
1331 1017 1720 1090 Schelmoni
1756 1038 1854 1076 suo

1196 1131 1267 1180 .S.
1295 1132 1351 1180 P.
1380 1132 1441 1179 D.

389 1248 541 1295 Recte
579 1248 703 1306 agris,
744 1248 815 1294 mi
847 1246 1138 1294 charissime
1162 1243 1407 1304 SchelmO,
1450 1248 1552 1293 tum
1588 1245 1725 1305 quod
1760 1246 1982 1294 eruditos
2018 1248 2249 1307 consuliS,
2290 1252 2392 1296 tum

251 1333 385 1393 quod
419 1333 606 1393 tibiipsi
638 1331 890 1388 considere
925 1344 1025 1378 non
1063 1331 1233 1379 audes.
1309 1330 1424 1378 Nisi
1461 1329 1711 1378 Tibullum
1748 1332 2022 1392 profiterer
2075 1326 2143 1398 [et
2179 1332 2394 1381 Nasonis

252 1411 488 1484 amores],
519 1417 610 1464 tibi
630 1420 766 1463 certe
789 1416 1095 1477 respondere
1120 1429 1218 1463 non
1235 1428 1450 1476 possem.
1526 1414 1721 1477 Sibylla
1745 1419 1914 1463 tamen
1938 1416 2022 1464 hic
2045 1430 2146 1465 non
2171 1422 2244 1465 est
2267 1431 2392 1478 opus
2413 1432 2452 1466 ιο

251 1504 538 1563 interprete.
618 1500 741 1549 Tres
775 1505 892 1549 sunt
926 1502 978 1548 in
1015 1501 1214 1549 Donato
1251 1513 1381 1559 aves,
1414 1513 1611 1561 passer,
1654 1501 1842 1560 aquila,
1882 1501 2073 1561 milvus,
2119 1496 2252 1568 [que]
2276 1500 2393 1561 fru-

251 1594 359 1636 ctus
404 1592 451 1635 et
496 1588 685 1647 species
728 1586 1036 1634 comedentes
1082 1588 1134 1633 in
1184 1586 1442 1645 antiquam
1478 1586 1654 1632 silvam
1691 1586 1976 1634 avolarunt.
2052 1585 2136 1634 Ad
2170 1588 2395 1636 ultimum

251 1686 371 1721 vero
408 1674 507 1720 tria
545 1673 811 1719 dumtaxat
844 1672 1067 1731 comperi
1100 1672 1150 1718 in
1189 1670 1387 1718 Donato
1423 1674 1601 1718 metra.
1643 1670 1880 1730 Primum,

160 1757 233 1810 hjb
506 1756 663 1804 Arma
699 1756 789 1804 sub
827 1757 1042 1804 adversa
1068 1749 1090 1821 [1
1104 1755 1278 1815 posuit
1312 1755 1578 1802 radiantia
1615 1767 1818 1815 quercu.

249 1842 557 1901 Secundum,
2411 1854 2452 1888 15

504 1926 667 1974 Multa
702 1939 855 1987 super
891 1925 1101 1973 Priamo
1137 1925 1392 1985 roqitanS,
1432 1937 1588 1986 super
1623 1925 1840 1975 Hectore
1873 1927 2046 1976 multa.

255 2012 497 2072 Tertium,
1374 2020 1377 2021 ’

506 2097 568 2145 Ut
604 2096 961 2155 docuissemus,
1004 2095 1319 2155 docuissetis,
1361 2095 1658 2144 docuissent.

254 2184 409 2243 Cave,
451 2183 522 2230 mi
554 2182 846 2230 charissime
869 2180 1124 2241 Schelmo,
1167 2194 1231 2228 ne
1265 2181 1356 2238 hec
1393 2181 1591 2229 occulta
1617 2180 1846 2240 Minerve
1881 2183 2128 2245 mysteria·
2154 2183 2394 2243 theoloqis

250 2266 566 2327 manifestes,
618 2281 766 2328 quum
812 2280 970 2327 neque
1015 2267 1067 2314 in
1112 2266 1255 2314 libris
1290 2265 1685 2326 Sententiarum,
1735 2279 1893 2327 neque
1936 2268 1988 2315 in
2025 2266 2260 2316 Secunda
2296 2267 2381 2316 Se·
2400 2278 2448 2312 20

251 2354 413 2412 eunde
459 2357 561 2400 tam
598 2353 845 2415 preclara
890 2353 1225 2400 inveniantur.
1313 2352 1435 2401 Vale
1472 2351 1555 2400 Ex
1591 2351 1837 2400 Hercinia
1873 2347 2065 2420 sylva[,
2116 2357 2164 2401 et
2200 2354 2397 2402 asinum
2447 2368 2456 2394 J

251 2440 472 2498 imitare,
514 2439 602 2499 qui
633 2439 796 2498 maqis
830 2438 1080 2485 stramina
1117 2440 1258 2497 optat
1293 2449 1444 2496 quam
1482 2431 1705 2502 aurum].
1748 2435 1893 2485 Anno
1932 2438 2329 2488 .M.ccccc.xV111.

1275 2656 1362 2716 25.

839 2785 881 2832 (Ι
932 2777 1315 2835 Pultronus
1362 2777 1808 2854 Sycophanta
2447 2771 2456 2834 ἑ

765 2891 1054 2949 Murcide
1091 2891 1504 2952 Liripipiano
1560 2891 1632 2940 .S.
1661 2892 1718 2941 P.
1746 2887 1851 2958 IL}
2408 2907 2456 2985 Ἀι-

172 3019 251 3070 fijb
404 3006 559 3054 Video
594 3005 821 3064 equidem
856 3010 1079 3053 nostrum
1117 3006 1306 3064 aliquot
1342 3006 1652 3053 vehementer
1685 3008 1787 3054 suis
1807 3007 2036 3066 qaudere
2058 3008 2310 3066 conviciis,
2351 3013 2399 3055 et
2453 3024 2456 3037 ²

254 3091 573 3150 epistolarum
599 3094 886 3137 nostrarum
910 3091 1122 3137 lectione
1152 3091 1426 3150 plurimum
1453 3091 1712 3138 delectari.
1756 3091 1945 3138 Contra
1970 3095 2132 3139 autem
2157 3093 2257 3139 viri
2276 3088 2407 3151 qral
2451 3087 2456 3147 ξ

255 3158 337 3221 ves
376 3174 527 3233 (proh
558 3174 731 3233 pudor
767 3172 915 3233 nefas
951 3178 1023 3221 est
1059 3175 1249 3235 dicere)
1285 3173 1474 3234 faciem
1510 3188 1650 3223 suam
1689 3179 1935 3234 avertunt,
1977 3180 2024 3223 et
2060 3177 2148 3224 vix
2183 3177 2395 3237 lupana-

254 3258 394 3305 ribus
431 3258 636 3317 dianas,
690 3260 836 3307 immo
878 3260 1093 3319 flammis
1138 3264 1186 3307 et
1225 3259 1432 3318 facibus
1476 3273 1732 3319 concruas
1767 3273 2003 3321 expresse
2028 3262 2391 3321 pronunciant.
2439 3247 2456 3323 3²

260 3341 298 3390 0
332 3343 695 3390 inconstantem
720 3357 890 3391 rerum
916 3344 1130 3392 omnium
1155 3345 1576 3392 vicissitudinem!
1614 3348 1855 3404 quantum
1893 3348 2055 3392 tamen
2081 3345 2205 3393 mihi
2225 3335 2456 3402 videresi

255 3427 443 3486 videor,
484 3431 711 3474 extrema
734 3429 915 3488 qaudii
948 3430 1108 3477 luctus
1133 3429 1414 3490 occupabit,
1456 3433 1719 3489 nosterque
1742 3430 1942 3488 natalis,
1972 3431 2121 3489 niyro
2145 3431 2395 3478 notandus
2442 3415 2456 3503 ἶ

254 3511 448 3572 lapillo,
491 3511 622 3558 inter
646 3512 913 3572 nephastos
937 3514 1323 3574 computabitur.
1411 3515 1536 3562 Vale
1571 3527 1637 3562 ex
1661 3514 1958 3562 Franconia
1993 3528 2104 3562 cum
2141 3515 2239 3562 tuis
2275 3496 2391 3562 con·

254 3594 521 3644 tribulibus
583 3589 651 3661 [et
705 3609 871 3644 omnes
919 3598 1295 3647 Hamadriades
1345 3612 1408 3646 ac
1461 3597 1682 3646 Oreades
1723 3612 1830 3647 meo
1879 3600 2076 3647 nomine
2117 3600 2391 3660 plurimum

255 3673 519 3746 salutato].
571 3673 574 3677 ’

367 3833 385 3859 ²
416 3836 519 3874 sunt
549 3834 590 3874 2.
1068 3831 1103 3858 ¹²
1123 3833 1256 3886 sylus
1285 3837 1326 3873 2.
1423 3833 1458 3859 ²2
1489 3834 1618 3875 Anno
1649 3836 2027 3879 .M.ccccc.xvn1.
2048 3838 2163 3876 omis.
2189 3839 2230 3880 2.

367 3904 404 3930 ²⁶
436 3904 662 3946 conuitiis.
687 3906 726 3947 2.
814 3902 851 3930 3⁰
880 3905 926 3943 t·
955 3905 1068 3945 omis.
1091 3907 1133 3943 2.
1221 3903 1253 3929 3¹
1290 3903 1508 3958 extrema]
1543 3907 1813 3947 Proverbior.
1837 3906 1958 3947 XIV.
1983 3905 2050 3947 13.
