2456 4264
245 253 363 311 504
953 272 1238 308 PASQVILLVS
1260 272 1505 302 MARRAnvs
1526 273 1660 303 nxvt..

242 411 375 456 huius
415 420 599 453 summae
638 406 948 450 severissimus
985 404 1162 455 vindex,
1202 418 1255 450 ex
1290 404 1514 465 Hispaniis
1550 406 1597 450 in
1635 405 1910 452 Germaniam
1947 406 2235 457 concesserit,
2274 420 2376 453 cum

244 495 333 541 quo
373 485 417 523 et
465 491 550 537 ego
602 475 901 520 transfretavi.
975 474 1016 519 Is
1066 489 1154 520 una
1200 489 1301 521 cum
1336 475 1596 520 fortissimis
1635 476 1768 521 etiam
1804 464 2084 537 principibus
2125 472 2186 539 (ni
2223 472 2372 539 fallor)

242 552 320 595 has
358 551 402 593 in
439 546 691 593 Christiano
731 559 839 604 agro
877 551 1031 605 pestes
1070 545 1309 592 eradicabit
1347 547 1586 607 omniaque
1631 545 1860 592 subvertet
1905 553 1982 593 aut
2027 549 2074 593 in
2110 547 2270 593 melius
2306 561 2377 592 re-

241 618 474 666 formabit:
512 630 613 662 nam
650 615 860 662 curiosus
897 614 1096 675 alioquin
1133 630 1217 675 ego
1255 616 1397 661 multa
1434 630 1487 662 ex
1523 615 1679 662 aulicis
1717 616 1970 668 demulceo,
2009 624 2379 679 compertumque

243 690 382 735 habeo
422 700 575 733 omnes
613 686 656 731 id
693 684 808 731 votis
847 691 1079 746 expetere,
1127 693 1179 732 ut
1215 686 1495 733 Christianus
1542 686 1703 733 floreat
1739 701 1866 733 amor
1911 687 2242 749 catholicaque,
2289 700 2416 734 non5

242 762 438 805 Romana
475 763 674 807 tantum,
723 762 896 802 crescat
933 756 1134 802 ecclesia.
1210 757 1283 803 Sic
1319 756 1472 809 facile,
1520 757 1727 809 Marsori,
1776 758 2001 804 communi
2037 759 2184 805 dolori
2219 764 2378 804 nostro

243 845 292 877 ac
330 827 587 889 reipublicae
614 827 876 874 Christianae
914 825 1188 873 consuletur.
1263 828 1448 879 Verum,
1488 843 1513 873 o
1553 828 1736 879 coelum,
1777 843 1803 874 o
1831 835 1973 879 terra,
2013 836 2228 889 quantum
2254 830 2381 874 theo-

243 901 431 960 logastri
475 898 646 950 nostri,
694 911 751 943 ne
798 898 843 943 id
888 897 990 949 fiat,
1029 900 1273 950 resistunt,
1321 898 1579 959 inexplebili
1627 907 1673 944 et
1719 905 1948 946 excaecatae
1995 913 2152 945 eorum
2186 901 2382 946 avaritiae

242 976 509 1017 metuentes.
580 969 676 1015 Hoc
711 968 857 1029 palam
895 975 966 1014 est
1002 969 1233 1020 omnibus,
1274 976 1385 1029 quot
1425 970 1663 1029 tragoedias
1699 973 1921 1016 moverint
1957 969 2203 1016 Tacellanae
2237 971 2382 1031 pravi·

243 1043 348 1087 tatis
385 1042 718 1100 inquinatores‚
758 1045 871 1100 quot
910 1039 1085 1086 tandem
1124 1046 1168 1085 et
1204 1039 1403 1099 Magistri
1441 1042 1606 1092 nostri,
1644 1039 1844 1086 eiusdem
1881 1040 2036 1086 farinae
2070 1040 2440 1101 professores;1o

243 1115 486 1171 insurgunt
522 1125 641 1157 nunc
677 1110 948 1161 Minoristae,
998 1112 1194 1156 omnium
1239 1110 1434 1161 minimi,
1485 1111 1590 1156 ovili
1639 1111 1835 1171 tegmine
1870 1117 2159 1172 apparentes,
2208 1125 2259 1157 ac
2293 1125 2385 1156 ma-

242 1183 346 1228 ximi
383 1181 605 1242 primique
642 1181 993 1242 triumphatores
1030 1181 1128 1226 lieri
1167 1183 1421 1242 cupientes:
1462 1181 1586 1228 valde
1623 1182 1692 1227 his
1730 1181 1972 1233 condoleo,
2011 1196 2149 1242 quum
2185 1182 2273 1242 ipsi
2300 1180 2386 1227 sibi

247 1268 336 1299 non
374 1254 518 1298 vocati
556 1266 724 1298 cornua
763 1254 960 1312 erigant:
1000 1252 1175 1298 aestimo
1214 1258 1362 1298 tamen
1398 1267 1488 1298 non
1526 1253 1753 1299 communi
1791 1266 1947 1298 eorum
1983 1258 2088 1298 voto
2114 1251 2413 1310 Aini'eldieu->

248 1323 430 1370 semita
466 1322 795 1374 ainfeldialiter,
832 1323 903 1369 vel
939 1323 1182 1369 secundum
1219 1323 1452 1370 doctorem
1489 1323 1722 1374 subtilem,
1762 1337 1852 1384 quo
1891 1322 2050 1368 melius
2088 1322 2253 1384 capias,
2291 1314 2387 1367 also

247 1395 466 1454 einfc'ilt2‘9‚
505 1407 597 1438 rem
635 1394 853 1453 attigisse,
894 1395 958 1440 sic
993 1409 1076 1439 nec
1112 1400 1302 1440 caeteros
1341 1396 1416 1454 qui
1456 1393 1722 1455 evangelicis
1751 1394 1870 1440 tubis
1895 1407 2016 1439 mare
2041 1393 2268 1439 minantur
2293 1400 2442 1438 ma-15

249 1479 385 1525 gnum
424 1472 469 1510 et
504 1463 656 1510 nescio
697 1471 809 1524 quot
847 1467 1175 1511 execrationes:
1216 1480 1241 1509 o
1269 1464 1457 1516 Christe,
1496 1472 1608 1525 quot
1644 1479 1696 1510 ex
1735 1466 1822 1510 tuis
1861 1464 2046 1510 oviculis
2074 1470 2151 1510 tuo
2178 1464 2386 1525 precioso

250 1537 467 1595 sanguine
505 1535 750 1595 redemptis
789 1536 834 1580 in
874 1536 958 1581 hoc
995 1535 1157 1596 pelago
1198 1535 1425 1582 suffocatae
1464 1536 1592 1581 sunt!
1634 1550 1744 1596 quas
1783 1535 1868 1580 etsi
1907 1535 1975 1581 bis
2012 1537 2272 1595 octuaginta
2309 1534 2389 1580 du-

249 1613 452 1653 catorum
491 1605 611 1650 milia
650 1605 837 1651 subdola
873 1606 1157 1652 mendicitate
1195 1607 1468 1657 conflarent,
1507 1620 1598 1652 non
1623 1612 1813 1667 possent
1838 1619 2132 1667 recuperare;
2172 1605 2285 1651 duos
2312 1619 2388 1666 ga·

248 1677 370 1722 leros
396 1677 463 1721 vel
489 1678 620 1721 etiam
649 1676 891 1722 secundum
930 1676 1016 1722 fori
1056 1677 1402 1737 competentiam
1439 1689 1699 1737 comparare
1735 1683 1937 1737 possent.
2010 1676 2088 1722 His
2126 1675 2288 1722 iterum
2315 1690 2389 1721 ve-

248 1747 399 1799 neniS,
438 1747 644 1797 Marsori,
686 1760 951 1792 succurrere
987 1746 1142 1793 volens
1181 1746 1554 1807 supplicationem
1594 1747 1647 1792 ad
1685 1748 2018 1793 sanctissimum
2053 1746 2279 1793 dominum
2306 1760 2387 1791 no-
2402 1755 2445 1787 20

247 1825 390 1863 strum
415 1818 578 1877 Papam
604 1817 742 1867 edidi,
781 1817 858 1877 qui
896 1819 1058 1863 horum
1096 1824 1232 1878 caput
1270 1824 1361 1868 est,
1400 1823 1618 1878 quantum
1653 1816 1741 1877 ipsi
1767 1816 1924 1862 volunt
1961 1814 2022 1876 (in
2047 1817 2233 1878 reliquis
2259 1819 2391 1863 etiam

247 1890 367 1934 hunc
404 1889 449 1933 in
487 1901 608 1932 mare
645 1901 853 1946 magnum
890 1887 1153 1948 proliciunt)
1191 1894 1242 1933 ut
1278 1888 1491 1947 dignetur
1528 1902 1610 1934 sua
1647 1887 1861 1934 sanctitas
1886 1888 1992 1934 huic
2018 1887 2390 1947 theologistarum

249 1965 293 2004 et
329 1959 514 2003 maxime
551 1958 747 2018 garrulis
785 1959 1003 2018 sophistis
1042 1955 1134 2020 (qui
1173 1973 1223 2005 ea
1261 1973 1361 2019 quae
1388 1958 1604 2018 evangelii
1630 1965 1759 2009 sunt,
1797 1973 1880 2019 pro
1907 1972 2064 2005 eorum
2089 1957 2273 2004 libidine
2300 1964 2393 2004 tor·

249 2042 386 2090 quere
423 2028 695 2089 penitusque
735 2035 935 2075 evertere
972 2028 1196 2088 nituntur)
1234 2030 1380 2075 errori
1419 2029 1607 2080 mederi,
1647 2043 1779 2090 quam
1821 2028 1899 2075 tibi
1938 2029 2007 2077 his
2043 2029 2214 2075 nostris
2251 2029 2392 2074 literis

248 2099 543 2146 introclusam
581 2100 855 2145 transmitto.
885 2100 1011 2146 banc
1049 2115 1138 2161 quo
1178 2101 1311 2146 citius
1349 2101 1521 2160 poteris
1559 2099 1844 2160 signandam,
1884 2107 1935 2146 ut
1971 2101 2110 2146 moris
2149 2106 2242 2152 est,
2279 2114 2391 2161 prae·
2408 2108 2450 2140 25

251 2178 431 2217 sentare
469 2170 578 2216 velis
617 2184 668 2217 ac
706 2170 900 2230 desuper
937 2170 1169 2217 Pontificis
1209 2171 1477 2217 sententiam
1514 2178 1694 2232 petere;
1733 2185 1867 2232 quam
1893 2169 1961 2216 vel
1987 2185 2041 2217 ex
2064 2171 2154 2217 hoc
2178 2185 2268 2217 uno
2307 2168 2394 2230 (me

248 2240 410 2301 iudice)
458 2241 590 2288 facile
638 2240 889 2293 obtinebis,
938 2242 1059 2302 quod
1095 2242 1347 2288 Florentini
1395 2243 1489 2287 sere
1536 2255 1691 2288 omnes
1729 2241 1919 2288 Gallicas
1965 2243 2052 2288 iam
2097 2255 2303 2292 caussas,
2351 2247 2396 2286 et

251 2313 428 2374 quidem
466 2326 629 2372 magno
668 2312 861 2358 concilio
900 2318 1118 2365 tractent,
1158 2314 1347 2359 maxime
1383 2312 1462 2358 ubi
1500 2313 1708 2373 utrisque
1744 2312 1994 2374 periculum
2031 2314 2264 2358 imminere
2289 2326 2396 2373 pro-

251 2385 463 2445 spiciant,
503 2383 556 2428 de
594 2385 734 2429 sacris
771 2383 919 2429 literis
958 2384 1067 2430 alias
1103 2384 1335 2430 minimum
1373 2383 1479 2445 quid
1515 2385 1782 2444 cogitantes.
1856 2383 1943 2430 Fac
1979 2397 2089 2444 ergo
2117 2383 2305 2444 diligens
2333 2385 2396 2429 sis

252 2454 545 2508 sollicitator,
596 2454 704 2500 item
742 2461 786 2500 et
822 2461 1118 2515 procurator,
1166 2456 1212 2499 in
1260 2469 1309 2500 re
1348 2461 1435 2500 tam
1473 2454 1611 2506 seria,
1660 2460 1706 2500 et
1742 2453 1849 2515 quid
1886 2454 2087 2501 effeceris
2126 2455 2394 2515 quantocius
2411 2460 2454 2494 30

250 2525 470 2572 rescribe:
508 2539 608 2571 nam
647 2525 868 2572 Tacellani
907 2526 1034 2572 rubei
1073 2541 1123 2571 ac
1159 2525 1297 2586 grisei
1320 2524 1557 2572 Alseldiani
1595 2538 1844 2590 eorumque
1879 2524 2035 2587 pallidi
2073 2523 2396 2586 suggillatores

251 2611 371 2657 aegre
397 2595 530 2641 finem
557 2602 807 2656 expectant.
847 2597 964 2642 Vale.
1005 2596 1155 2642 Cirum
1183 2603 1228 2641 et
1253 2596 1513 2647 Vadiscum,
1552 2595 1674 2642 viros
1700 2602 1751 2642 ut
1787 2597 2015 2656 integros,
2053 2597 2119 2642 sic
2154 2595 2263 2642 mihi
2289 2596 2395 2641 ami-

252 2667 485 2718 cissimos,
531 2666 678 2712 verbis
715 2668 825 2713 meis
866 2666 1014 2714 salvos
1053 2673 1228 2728 exopta.
1301 2666 1556 2728 Antverpiae
1593 2666 1837 2728 penultima
1875 2667 2043 2713 mensis
2080 2666 2219 2718 Iunii,
2268 2667 2395 2712 Anno

252 2737 447 2784 M.D.XX.

363 2960 380 2986 ⁹
419 2963 510 3002 nisi
549 2962 604 3004 de
635 2961 821 3003 Tezelio
854 2959 1016 3015 (cf.p.
1039 2959 1136 3003 508.
1159 2974 1202 3003 v.
1225 2960 1312 3015 13.)
1351 2961 1453 3002 haec
1493 2960 1770 3014 accipienda
1809 2963 1934 3013 sunt,
1974 2960 2273 3002 Tacellanum
2313 2964 2396 3001 ‘ru-

255 3032 400 3072 beum'
435 3033 514 3085 (cf.
535 3048 577 3075 V.
600 3032 688 3085 31.)
720 3037 829 3086 puto
859 3032 1264 3086 Longipolitanum
1294 3044 1418 3083 esse,
1461 3032 1648 3084 eiusque
1678 3031 1922 3086 pravitatis
1951 3031 2264 3085 inquinatores
2298 3044 2397 3072 esse

258 3103 382 3142 Petri
405 3103 582 3145 Schade
602 3103 846 3144 Mosellani
878 3102 1180 3154 adversarios,
1211 3103 1432 3144 Ioannem
1463 3101 1725 3155 Cellarium,
1757 3103 1932 3156 Lipsiae
1961 3103 2296 3143 Hebraicarum
2326 3102 2398 3142 lit-

260 3175 459 3212 terarum
495 3174 798 3227 professorem
850 3174 1038 3228 eiusque
1091 3172 1326 3228 conlegas.
1392 3174 1464 3213 De
1509 3173 1596 3214 hoc
1643 3174 1792 3228 iurgio
1833 3187 1889 3214 ex
1937 3173 2250 3227 disputatione
2289 3173 2397 3226 Lip-

261 3243 401 3283 siensi
447 3248 580 3285 enato
620 3245 681 3285 cf.
713 3244 987 3291 &eibenmnn
1027 3244 1110 3288 §Die
1149 3242 1565 3298 {Reformatimssgeit
1602 3244 1651 3289 in
1682 3241 1870 3297 &achim
1906 3252 1995 3288 non
2034 3243 2141 3284 1517
2172 3242 2242 3287 his
2278 3242 2398 3286 1539.

264 3313 419 3357 Qtessb.
446 3312 567 3358 1846.
590 3313 648 3358 8⁰.
673 3315 730 3359 ῧ.
755 3314 823 3359 28.
847 3314 877 3366 f.
956 3313 991 3341 ¹⁰
1021 3315 1144 3369 Mag.
1166 3311 1231 3369 n.]
1256 3314 1573 3357 Lovanienses
1606 3317 1651 3354 et
1672 3313 1982 3356 Colonienses.
2063 3312 2096 3340 ¹¹
2128 3311 2397 3366 Minoristae]
2423 3312 2425 3314 ’

263 3383 550 3436 Lipsienses‚
590 3384 872 3438 Alveldiani,
916 3385 1246 3428 commilitones
1276 3385 1520 3440 Augustini
1549 3384 1730 3426 Alveldi
1767 3384 2095 3436 Franciscani‚
2137 3384 2213 3436 qui
2252 3388 2401 3437 ‘super

262 3452 517 3505 apostolica
547 3455 665 3495 sede'
699 3459 857 3496 contra
877 3457 1127 3498 Lutherum
1160 3454 1520 3497 ‘ainfeldialiter’
1545 3456 1806 3510 scripserat.
1838 3455 1911 3499 Of.
1931 3454 2218 3509 Seckendorf
2234 3454 2289 3494 de
2310 3455 2398 3494 Lu—

264 3523 556 3564 theranismo.
588 3523 710 3565 1692.
735 3526 812 3567 fol.
833 3541 876 3579 p.
900 3525 995 3567 106.
1019 3540 1085 3579 sq.
1164 3524 1199 3552 13
1229 3560 1240 3570 .
1261 3527 1437 3568 Estimo
1460 3529 1500 3567 1.
1579 3524 1614 3552 ¹⁵
1645 3526 1863 3580 einfaltig
1892 3527 1989 3567 edd.
2067 3523 2104 3551 18
2133 3524 2279 3565 millia
2299 3527 2341 3566 2.
2355 3527 2397 3565 3.

265 3592 348 3619 ¹8³⁹
380 3592 488 3647 gab]
523 3594 844 3635 cardinalatus.
961 3610 1054 3638 sec.
1086 3597 1121 3638 f.
1154 3595 1320 3651 comp]
1350 3597 1426 3639 vel
1465 3598 1505 3638 si
1543 3601 1721 3638 tantam
1759 3597 2002 3651 pecuniam
2040 3596 2148 3637 dare
2179 3594 2401 3635 deberent

264 3668 482 3717 quantam
513 3665 604 3705 sibi
636 3669 891 3717 competere
923 3667 1098 3707 diceret
1129 3668 1268 3709 curia.
1335 3667 1373 3693 ²⁰
1404 3667 1447 3708 S.
1470 3668 1527 3711 D.
1549 3668 1604 3709 N.
1627 3669 1724 3709 edd.
1792 3666 1830 3694 ²⁴
1858 3663 2082 3719 nitunrur)
2105 3667 2144 3706 1.
2225 3662 2263 3689 ²⁷
2292 3677 2398 3704 cau-

265 3749 339 3776 sas
360 3739 459 3778 2.3.
518 3734 555 3760 ³⁰
586 3736 846 3788 quantotius
877 3739 915 3777 1.
950 3741 1231 3789 quantocyus
1251 3740 1293 3778 2.
1353 3736 1387 3763 ³¹
1419 3736 1565 3791 rubei]
1597 3738 1822 3791 Fungitur
1850 3741 1960 3791 puto
1990 3737 2186 3778 Ioannes
2215 3734 2399 3776 Rubeus

263 3805 642 3860 Longipolitanus
663 3806 861 3858 Franco,
894 3805 1084 3847 Cellarii
1115 3806 1418 3855 adversarius,
1449 3807 1586 3848 Eckii
1616 3807 1836 3850 laudator.
1869 3807 1941 3849 Cf.
1965 3806 2239 3852 &eibemamt
2267 3819 2401 3859 supra

266 3878 336 3917 cit.
369 3880 415 3917 et
444 3874 622 3927 ssuffierss
654 3873 800 3928 aetiefe
831 3884 918 3921 non
949 3877 995 3920 be
1027 3875 1164 3919 §mette
1192 3877 1230 3916 I.
1253 3890 1296 3929 p.
1318 3876 1414 3918 336.
