2456 4264
211 224 246 282 8
867 241 1083 270 ADDENDA
1106 241 1166 270 An
1188 240 1394 269 nv‘rtrnm
1417 240 1515 269 οτι».
1540 241 1645 270 vor..
1667 242 1699 269 1.

209 377 280 417 Ad
308 377 386 417 vot.
419 374 459 416 Ι.
486 387 532 426 p.
568 374 664 414 369.

265 468 660 527 [ARGENTORATIP]
1070 435 1484 500 CLXXXV*·
1740 481 1748 487 ·
1814 481 1858 511 D.
1887 475 1943 512 29.
1974 480 2080 511 Ave.
2110 480 2154 510 A.
2187 474 2284 510 152⁰.

713 551 897 607 [OTHO
927 552 1247 596 BRVNFELS
1276 552 1477 594 ΒΕΑΤΟ
1507 551 1832 607 ΒΗΕΝΑΝΟ]

344 705 515 718 ......
538 670 584 716 Si
609 670 720 716 nihil
746 669 880 724 aliud,
919 671 1007 717 hoc
1043 676 1165 716 certe
1203 670 1284 716 tibi
1322 677 1586 731 argumento
1613 651 1714 715 esse
1738 669 1910 730 poterit
1934 671 2055 731 quod
2080 678 2244 732 sponte
2271 685 2342 717 me

200 743 300 789 dedi
334 741 592 793 discrimini,
630 755 778 802 neque
815 755 962 788 meum
986 755 1148 788 nomen
1173 741 1488 802 prostituerim
1513 739 1885 802 quemadmodum
1910 741 2151 797 Huttenus‚
2177 744 2342 788 etenim
2373 752 2393 784 5

201 814 336 860 alium
372 813 698 874 pereclitentur
735 827 834 859 mea
861 813 1022 864 studia,
1060 812 1318 858 maluissem
1356 812 1402 857 in
1440 825 1616 858 omnem
1652 812 1788 857 vitam
1823 799 2035 872 ἄμουσος
2071 827 2171 859 esse
2208 828 2340 874 quam

202 886 442 931 connivere
481 884 534 930 ad
571 884 740 930 scelera
777 885 1063 946 operantium
1099 884 1385 944 iniquitatem
1422 889 1467 928 et
1505 884 1582 944 qui
1619 897 1672 929 ex
1708 882 1842 929 domo
1867 883 1941 929 Dei
1968 883 2138 930 faciunt
2162 884 2342 946 spelun-

201 970 295 1002 cam
330 954 558 1002 latronum
586 989 596 1000 .
624 991 633 1001 .
664 988 674 999 .
703 989 713 999 .

201 1077 486 1122 CLXXXV*.
518 1079 589 1119 Ex
616 1079 724 1120 Mss.
757 1078 871 1120 bibl.
901 1079 1120 1123 Sletstad.
1150 1079 1367 1119 Baumius
1397 1092 1439 1120 v.
1473 1077 1529 1118 cl.
1561 1078 1867 1131 transcripsit.

311 1205 329 1231 ⁵
357 1204 637 1261 prostituen]
676 1207 779 1249 Hoc
809 1208 901 1249 nisi
931 1207 990 1248 ad
1019 1207 1365 1262 persecutiones
1395 1206 1764 1250 Romanistarum
1794 1207 2083 1249 referendum
2117 1211 2211 1259 est,
2249 1221 2340 1250 non

199 1277 435 1332 intellego,

202 1435 276 1477 Ad
301 1437 380 1476 vol.
412 1435 453 1478 I.
480 1449 527 1488 p.
561 1438 793 1480 400...402.
833 1439 1096 1490 comparato
1129 1435 1335 1490 exemplo
1365 1435 1562 1476 Hutteni
1590 1446 1728 1476 manu
1755 1435 1926 1489 scripto
1957 1436 2025 1478 sic
2055 1435 2340 1479 emendanda

312 1519 413 1548 esse
443 1507 682 1560 sequentia
712 1507 1038 1550 humanissime
1069 1506 1182 1548 mihi
1210 1506 1398 1560 scripsit
1427 1506 1613 1549 doctiss.
1642 1506 1882 1548 Baumius:

449 1604 558 1646 pag.
587 1590 683 1635 400.
713 1606 834 1635 vers.
863 1594 906 1635 5.
936 1593 1064 1647 lege:
1097 1591 1447 1633 demandaverit

752 1695 780 1717 ‚‚
860 1663 902 1708 8.
982 1694 1010 1717 ,,
1098 1662 1320 1704 obnoxius
1351 1661 1422 1702 illi
1453 1674 1502 1703 es

754 1765 782 1786 ‚,
835 1734 901 1776 10.
983 1765 1009 1786 ,,
1100 1736 1147 1774 et
1176 1731 1408 1774 crudelem
1440 1731 1765 1775 conciliaturus

487 1835 518 1858 ‚,
626 1835 654 1856 „
752 1837 781 1857 ‚‚
835 1805 900 1846 14.
979 1837 1007 1857 ‚,
1094 1805 1238 1846 bonos
1268 1815 1417 1845 mores
1448 1803 1640 1856 adfecti,

485 1905 516 1927 ,‚
591 1874 689 1918 401.
750 1908 780 1928 ,,
858 1877 899 1919 2.
977 1907 1005 1927 ,,
1096 1874 1341 1928 aliquando
1373 1873 1574 1916 dolorem
1604 1874 1946 1922 dissimulando,

859 1948 899 1989 4.
1097 1946 1154 1987 ab
1184 1946 1382 1986 humano
1414 1946 1660 1999 consortio,

855 2016 894 2059 6.
1094 2017 1163 2058 fui
1191 2015 1390 2060 sedulus.
1422 2017 1538 2067 Quis

750 2119 777 2137 ,‚
857 2087 897 2129 7.
978 2120 1006 2140 ‚,
1096 2088 1154 2128 ad
1183 2087 1371 2129 vincula
1403 2088 1543 2130 etiam
1571 2089 1762 2131 Romam

855 2158 896 2200 9.
1097 2171 1184 2199 uno
1215 2159 1313 2200 ictu
1342 2159 1628 2212 proiecturus
1659 2161 1792 2204 simul
1821 2163 1975 2205 omnia

852 2229 892 2271 6.

484 2190 511 2211 Η
620 2189 651 2211 ’9
750 2190 777 2211 ’5

502 2261 512 2282 ‚
589 2229 687 2274 402.
747 2261 774 2282 ‚,
827 2230 846 2270 1
988 2261 998 2279 ‚
1087 2230 1213 2271 cordi
1242 2230 1434 2272 Decimo
1464 2231 1628 2285 Leoni,

191 2453 267 2495 Ad
294 2457 374 2497 vol.
406 2456 447 2496 I.
477 2464 577 2510 pose
603 2471 648 2511 p.
682 2460 784 2499 422.

249 2564 586 2624 [snn'rs'rADnP]
957 2542 1571 2611 CLXXXXVHII*·
1825 2587 1937 2620 n..8.
1970 2592 2075 2623 nov.
2104 2593 2151 2623 A.
2183 2589 2280 2627 1520.

497 2654 512 2663 “
557 2667 806 2724 [BEATvs
835 2672 1160 2715 RHENANVS
1188 2673 1522 2716 commem
1554 2674 1979 2738 ᾼΜΕΒΒΑΟΗΙΟ]

295 2818 469 2832 ......
489 2787 664 2834 Ulricus
689 2788 915 2835 Huttenus
941 2788 1109 2837 bullam
1135 2790 1364 2852 pontificis
1391 2806 1479 2854 qua
1503 2793 1770 2841 Lutherium
1792 2795 1900 2842 diris
1937 2797 2124 2844 devovet
2147 2801 2335 2860 pulchre

189 2855 384 2902 traduxit
419 2857 508 2904 hoc
545 2865 614 2905 est
649 2859 835 2906 scholiis
874 2860 1006 2907 salsis
1043 2867 1089 2907 et
1125 2862 1408 2909 mordacibus
1434 2866 1645 2925 exposuit
1669 2865 1916 2928 irrisitque.
1973 2868 2022 2914 In
2049 2870 2332 2933 frontispicio

185 2924 330 2971 libelli
367 2928 624 2989 insignibus
660 2930 908 2991 pontificiis
945 2933 1064 2978 hunc
1099 2932 1426 2995 circumposuit
1450 2935 1743 2983 versiculum:
1782 2938 1940 2985 Astitit
1963 2938 2087 2986 bulla
2112 2956 2136 2987 a
2163 2943 2332 2990 dextris

188 2997 285 3041 eius
321 2998 368 3042 in
404 3000 570 3047 vestitu
596 3001 810 3048 deaurato
848 3003 1182 3050 circumamicta
1227 3005 1532 3052 varietatibus.
1607 3006 1726 3054 Nihil
1770 3022 1969 3070 unquam
2015 3009 2166 3072 legisti
2212 3029 2333 3062 mor-

186 3066 357 3113 dacius.
410 3068 518 3116 Nam
543 3078 597 3117 ut·
620 3072 736 3119 scias
773 3074 979 3134 pontifex
1004 3074 1250 3122 Huttenum
1288 3083 1521 3123 execratus
1558 3085 1630 3125 est
1666 3085 1712 3125 et
1747 3080 2025 3141 principibus
2063 3084 2330 3143 quibusdam

189 3137 371 3198 scripsit
416 3147 468 3186 ut
510 3141 638 3188 illum
685 3150 763 3190 aut
809 3145 1119 3192 interficerent
1155 3153 1233 3192 aut
1269 3148 1602 3210 apprehensum
1637 3151 1823 3198 Romam
1860 3151 2148 3201 adducerent.
2219 3156 2331 3204 Hinc

185 3209 503 3258 invectivarum
541 3213 762 3261 acerbitas
801 3217 889 3261 ista
927 3250 937 3260 .
967 3251 977 3261 .
1006 3252 1016 3262 .
1047 3251 1057 3262 .

302 3359 724 3410 GLXXXXVHIF&
771 3368 841 3408 Ex
869 3369 996 3413 MSS.
1029 3371 1249 3412 antistitii
1278 3371 1553 3414 Basiliensis
1585 3376 1875 3430 transcripsit
1892 3378 2124 3420 Baumius.

298 3487 357 3528 cf.
387 3488 477 3530 vol.
510 3491 563 3532 V.
594 3506 638 3546 p.
670 3494 766 3536 301.
799 3509 894 3549 sqq.
929 3501 975 3539 et
1004 3499 1094 3543 vol.
1124 3500 1160 3542 Ι.
1191 3513 1357 3543 numm.
1391 3500 1612 3543 CLXXII.
1644 3517 1740 3557 sqq.

142 3678 146 3682 ’
185 3684 260 3726 Ad
286 3687 429 3731 volfI.
456 3702 505 3741 p.
529 3691 627 3734 427.
660 3703 757 3744 sqq.
787 3705 950 3738 numm.
984 3696 1121 3739 CCII.
1154 3698 1313 3741 CCIII.

295 3787 378 3827 ‘Ex
418 3788 667 3844 archetypo
706 3791 753 3831 in
783 3792 916 3834 Arch.
951 3796 1162 3838 seminar.
1194 3798 1392 3840 Protest.
1432 3805 1669 3844 asservato
1706 3803 1791 3844 has
1831 3805 2015 3845 enotavi
2044 3804 2321 3846 emendatio-

181 3858 294 3899 nes’.
353 3872 493 3901 BAUM.
