<?xml version="1.0" encoding="UTF-8"?>
<!DOCTYPE html PUBLIC "-//W3C//DTD XHTML 1.0 Transitional//EN"
    "http://www.w3.org/TR/xhtml1/DTD/xhtml1-transitional.dtd">
<html xmlns="http://www.w3.org/1999/xhtml" xml:lang="en" lang="en">
 <head>
  <title>
</title>
<meta http-equiv="Content-Type" content="text/html;charset=utf-8" />
  <meta name='ocr-system' content='tesseract 3.04.00' />
  <meta name='ocr-capabilities' content='ocr_page ocr_carea ocr_par ocr_line ocrx_word'/>
</head>
<body>
  <div class='ocr_page' id='page_1' title='image "./supoperaquaerepe01huttuoft_0177.png"; bbox 0 0 2456 4264; ppageno 0'>
   <div class='ocr_carea' id='block_1_1' title="bbox 95 270 2253 341">
    <p class='ocr_par' dir='ltr' id='par_1_1' title="bbox 95 270 2253 341">
     <span class='ocr_line' id='line_1_1' title="bbox 95 270 2253 341; baseline 0.001 -20"><span class='ocrx_word' id='word_1_1' title='bbox 95 291 367 341; x_wconf 60' lang='lat' dir='ltr'><em>sumamma:</em></span> <span class='ocrx_word' id='word_1_2' title='bbox 387 289 612 320; x_wconf 72' lang='lat' dir='ltr'><em>rAcvvr&#39;r.</em></span> <span class='ocrx_word' id='word_1_3' title='bbox 637 291 804 322; x_wconf 68' lang='lat' dir='ltr'><em>trason.</em></span> <span class='ocrx_word' id='word_1_4' title='bbox 828 291 1063 324; x_wconf 75' lang='lat' dir='ltr'><em>mu‘nom).</em></span> <span class='ocrx_word' id='word_1_5' title='bbox 1087 292 1144 322; x_wconf 72' lang='grc' dir='ltr'><em>ΕΤ</em></span> <span class='ocrx_word' id='word_1_6' title='bbox 1167 291 1373 321; x_wconf 67' lang='grc' dir='ltr'><strong>ΜοονΝΤ.</strong></span> <span class='ocrx_word' id='word_1_7' title='bbox 1397 292 1442 322; x_wconf 87' lang='lat' dir='ltr'><em>n.</em></span> <span class='ocrx_word' id='word_1_8' title='bbox 1465 286 1499 321; x_wconf 85' lang='grc'><em>3.</em></span> <span class='ocrx_word' id='word_1_9' title='bbox 1525 292 1651 321; x_wconf 65' lang='lat' dir='ltr'><em>sarr.</em></span> <span class='ocrx_word' id='word_1_10' title='bbox 1675 293 1732 322; x_wconf 71' lang='lat' dir='ltr'><em>ET</em></span> <span class='ocrx_word' id='word_1_11' title='bbox 1761 288 1811 322; x_wconf 82' lang='grc'><em>13.</em></span> <span class='ocrx_word' id='word_1_12' title='bbox 1827 288 2098 324; x_wconf 75' lang='grc' dir='ltr'><strong>οοτ.Α.ι513.</strong></span> <span class='ocrx_word' id='word_1_13' title='bbox 2139 270 2253 329; x_wconf 76' lang='grc'><em>137</em></span> 
     </span>
    </p>
   </div>
   <div class='ocr_carea' id='block_1_2' title="bbox 0 422 2313 3053">
    <p class='ocr_par' dir='ltr' id='par_1_2' title="bbox 0 422 2313 3053">
     <span class='ocr_line' id='line_1_2' title="bbox 92 422 2257 486; baseline 0 -12"><span class='ocrx_word' id='word_1_14' title='bbox 92 435 241 486; x_wconf 77' lang='lat' dir='ltr'><em>quam</em></span> <span class='ocrx_word' id='word_1_15' title='bbox 278 422 628 472; x_wconf 82' lang='lat' dir='ltr'><em>consultationi</em></span> <span class='ocrx_word' id='word_1_16' title='bbox 658 436 746 483; x_wconf 90' lang='lat' dir='ltr'><em>sue</em></span> <span class='ocrx_word' id='word_1_17' title='bbox 774 426 826 471; x_wconf 88' lang='lat' dir='ltr'><em>et</em></span> <span class='ocrx_word' id='word_1_18' title='bbox 849 423 1080 485; x_wconf 86' lang='lat' dir='ltr'><em>premisit</em></span> <span class='ocrx_word' id='word_1_19' title='bbox 1110 426 1159 471; x_wconf 94' lang='lat' dir='ltr'><em>et</em></span> <span class='ocrx_word' id='word_1_20' title='bbox 1179 422 1456 483; x_wconf 74' lang='lat' dir='ltr'><strong><em>subnexuit,</em></strong></span> <span class='ocrx_word' id='word_1_21' title='bbox 1496 423 1673 472; x_wconf 82' lang='lat' dir='ltr'><em>bonum</em></span> <span class='ocrx_word' id='word_1_22' title='bbox 1705 437 1768 473; x_wconf 91' lang='lat' dir='ltr'><em>ac</em></span> <span class='ocrx_word' id='word_1_23' title='bbox 1789 425 2087 474; x_wconf 88' lang='lat' dir='ltr'><em>catholicum</em></span> <span class='ocrx_word' id='word_1_24' title='bbox 2114 427 2257 475; x_wconf 90' lang='lat' dir='ltr'><em>chri-</em></span> 
     </span>
     <span class='ocr_line' id='line_1_3' title="bbox 32 495 2256 570; baseline 0.001 -11"><span class='ocrx_word' id='word_1_25' title='bbox 32 564 35 565; x_wconf 9' lang='grc'><em>7</em></span> <span class='ocrx_word' id='word_1_26' title='bbox 89 509 326 570; x_wconf 59' lang='lat' dir='ltr'><em>dionunt,</em></span> <span class='ocrx_word' id='word_1_27' title='bbox 361 520 415 556; x_wconf 91' lang='lat' dir='ltr'><em>se</em></span> <span class='ocrx_word' id='word_1_28' title='bbox 447 495 638 568; x_wconf 83' lang='lat' dir='ltr'><em>suaque</em></span> <span class='ocrx_word' id='word_1_29' title='bbox 673 507 899 567; x_wconf 79' lang='lat' dir='ltr'><em>Romane</em></span> <span class='ocrx_word' id='word_1_30' title='bbox 935 509 1140 567; x_wconf 89' lang='lat' dir='ltr'><em>ecclesie</em></span> <span class='ocrx_word' id='word_1_31' title='bbox 1171 509 1574 558; x_wconf 74' lang='lat' dir='ltr'><em>determinationi</em></span> <span class='ocrx_word' id='word_1_32' title='bbox 1606 509 1876 559; x_wconf 77' lang='lat' dir='ltr'><em>humillime</em></span> <span class='ocrx_word' id='word_1_33' title='bbox 1911 511 2256 568; x_wconf 85' lang='lat' dir='ltr'><em>subiicientem,</em></span> 
     </span>
     <span class='ocr_line' id='line_1_4' title="bbox 85 586 2259 658; baseline 0.001 -15"><span class='ocrx_word' id='word_1_34' title='bbox 85 591 367 654; x_wconf 80' lang='lat' dir='ltr'><em>sorensium</em></span> <span class='ocrx_word' id='word_1_35' title='bbox 388 586 899 654; x_wconf 70' lang='lat' dir='ltr'><em>philosophorumque</em></span> <span class='ocrx_word' id='word_1_36' title='bbox 934 605 1070 641; x_wconf 90' lang='lat' dir='ltr'><em>more</em></span> <span class='ocrx_word' id='word_1_37' title='bbox 1107 593 1276 642; x_wconf 84' lang='lat' dir='ltr'><em>liberis</em></span> <span class='ocrx_word' id='word_1_38' title='bbox 1317 594 1476 643; x_wconf 84' lang='lat' dir='ltr'><em>verbis</em></span> <span class='ocrx_word' id='word_1_39' title='bbox 1510 609 1653 644; x_wconf 87' lang='lat' dir='ltr'><em>usum</em></span> <span class='ocrx_word' id='word_1_40' title='bbox 1667 630 1680 652; x_wconf 92' lang='lat'>‚</span> <span class='ocrx_word' id='word_1_41' title='bbox 1718 609 1810 644; x_wconf 90' lang='lat' dir='ltr'><em>nec</em></span> <span class='ocrx_word' id='word_1_42' title='bbox 1841 596 1914 644; x_wconf 91' lang='lat' dir='ltr'><em>ad</em></span> <span class='ocrx_word' id='word_1_43' title='bbox 1945 597 2050 646; x_wconf 89' lang='lat' dir='ltr'><em>divi</em></span> <span class='ocrx_word' id='word_1_44' title='bbox 2079 595 2259 658; x_wconf 65' lang='grc' dir='ltr'><em>Λαρτι-</em></span> 
     </span>
     <span class='ocr_line' id='line_1_5' title="bbox 89 677 2309 743; baseline 0.001 -15"><span class='ocrx_word' id='word_1_45' title='bbox 89 677 211 728; x_wconf 76' lang='lat' dir='ltr'><em>stini</em></span> <span class='ocrx_word' id='word_1_46' title='bbox 244 678 616 739; x_wconf 78' lang='lat' dir='ltr'><em>preceptionem</em></span> <span class='ocrx_word' id='word_1_47' title='bbox 666 682 857 726; x_wconf 89' lang='lat' dir='ltr'><em>certam</em></span> <span class='ocrx_word' id='word_1_48' title='bbox 901 678 1142 739; x_wconf 88' lang='lat' dir='ltr'><em>loquendi</em></span> <span class='ocrx_word' id='word_1_49' title='bbox 1184 682 1411 740; x_wconf 65' lang='lat' dir='ltr'><em>reculam</em></span> <span class='ocrx_word' id='word_1_50' title='bbox 1451 694 1546 741; x_wconf 83' lang='lat' dir='ltr'><em>que</em></span> <span class='ocrx_word' id='word_1_51' title='bbox 1599 679 1895 741; x_wconf 73' lang='lat' dir='ltr'><em>Theoloqum</em></span> <span class='ocrx_word' id='word_1_52' title='bbox 1942 688 1991 730; x_wconf 95' lang='lat' dir='ltr'><em>et</em></span> <span class='ocrx_word' id='word_1_53' title='bbox 2029 683 2097 743; x_wconf 70' lang='lat' dir='ltr'><em>de</em></span> <span class='ocrx_word' id='word_1_54' title='bbox 2138 683 2263 742; x_wconf 77' lang='lat' dir='ltr'><em>fidei</em></span> <span class='ocrx_word' id='word_1_55' title='bbox 2301 703 2309 710; x_wconf 92' lang='lat'>·</span> 
     </span>
     <span class='ocr_line' id='line_1_6' title="bbox 52 750 2294 828; baseline 0 -13"><span class='ocrx_word' id='word_1_56' title='bbox 52 764 328 825; x_wconf 58' lang='lat' dir='ltr'><em>»misteriis</em></span> <span class='ocrx_word' id='word_1_57' title='bbox 355 763 429 811; x_wconf 85' lang='lat' dir='ltr'><em>ad</em></span> <span class='ocrx_word' id='word_1_58' title='bbox 453 763 825 824; x_wconf 73' lang='lat' dir='ltr'><em>intelliqendum</em></span> <span class='ocrx_word' id='word_1_59' title='bbox 856 750 1175 822; x_wconf 81' lang='lat' dir='ltr'><em>difficillimis</em></span> <span class='ocrx_word' id='word_1_60' title='bbox 1211 765 1361 812; x_wconf 81' lang='lat' dir='ltr'><em>verba</em></span> <span class='ocrx_word' id='word_1_61' title='bbox 1391 765 1652 824; x_wconf 88' lang='lat' dir='ltr'><em>facturum</em></span> <span class='ocrx_word' id='word_1_62' title='bbox 1689 766 1890 815; x_wconf 82' lang='lat' dir='ltr'><em>deceret</em></span> <span class='ocrx_word' id='word_1_63' title='bbox 1921 767 2141 828; x_wconf 89' lang='lat' dir='ltr'><em>undique</em></span> <span class='ocrx_word' id='word_1_64' title='bbox 2169 768 2259 816; x_wconf 84' lang='lat' dir='ltr'><em>ob-</em></span> <span class='ocrx_word' id='word_1_65' title='bbox 2288 822 2294 826; x_wconf 45' lang='lat'>‚</span> 
     </span>
     <span class='ocr_line' id='line_1_7' title="bbox 8 846 2258 912; baseline 0 -12"><span class='ocrx_word' id='word_1_66' title='bbox 8 846 11 858; x_wconf 66' lang='lat'>²</span> <span class='ocrx_word' id='word_1_67' title='bbox 87 860 336 908; x_wconf 75' lang='lat' dir='ltr'><em>servasse,</em></span> <span class='ocrx_word' id='word_1_68' title='bbox 379 852 430 897; x_wconf 89' lang='lat' dir='ltr'><em>et</em></span> <span class='ocrx_word' id='word_1_69' title='bbox 476 861 628 909; x_wconf 90' lang='lat' dir='ltr'><em>quum</em></span> <span class='ocrx_word' id='word_1_70' title='bbox 671 850 949 910; x_wconf 88' lang='lat' dir='ltr'><em>superioris</em></span> <span class='ocrx_word' id='word_1_71' title='bbox 987 861 1050 896; x_wconf 92' lang='lat' dir='ltr'><em>ac</em></span> <span class='ocrx_word' id='word_1_72' title='bbox 1087 849 1341 898; x_wconf 88' lang='lat' dir='ltr'><em>ordinarii</em></span> <span class='ocrx_word' id='word_1_73' title='bbox 1377 852 1459 899; x_wconf 91' lang='lat' dir='ltr'><em>sui</em></span> <span class='ocrx_word' id='word_1_74' title='bbox 1494 851 1789 899; x_wconf 90' lang='lat' dir='ltr'><em>auctoritate</em></span> <span class='ocrx_word' id='word_1_75' title='bbox 1824 854 2113 912; x_wconf 87' lang='lat' dir='ltr'><em>requisitus,</em></span> <span class='ocrx_word' id='word_1_76' title='bbox 2161 867 2258 901; x_wconf 91' lang='lat' dir='ltr'><em>non</em></span> 
     </span>
     <span class='ocr_line' id='line_1_8' title="bbox 16 921 2264 1000; baseline 0 -15"><span class='ocrx_word' id='word_1_77' title='bbox 16 921 17 927; x_wconf 31' lang='lat'>¹</span> <span class='ocrx_word' id='word_1_78' title='bbox 88 946 183 985; x_wconf 76' lang='lat' dir='ltr'><em>sua</em></span> <span class='ocrx_word' id='word_1_79' title='bbox 211 937 384 995; x_wconf 83' lang='lat' dir='ltr'><em>sponte</em></span> <span class='ocrx_word' id='word_1_80' title='bbox 417 947 524 982; x_wconf 90' lang='lat' dir='ltr'><em>sese</em></span> <span class='ocrx_word' id='word_1_81' title='bbox 559 935 834 995; x_wconf 65' lang='lat' dir='ltr'><em>incesserit,</em></span> <span class='ocrx_word' id='word_1_82' title='bbox 873 948 965 983; x_wconf 93' lang='lat' dir='ltr'><em>nec</em></span> <span class='ocrx_word' id='word_1_83' title='bbox 985 947 1081 995; x_wconf 88' lang='lat' dir='ltr'><em>per</em></span> <span class='ocrx_word' id='word_1_84' title='bbox 1111 935 1308 983; x_wconf 88' lang='lat' dir='ltr'><em>modum</em></span> <span class='ocrx_word' id='word_1_85' title='bbox 1344 935 1769 983; x_wconf 81' lang='lat' dir='ltr'><em>determinationis</em></span> <span class='ocrx_word' id='word_1_86' title='bbox 1803 936 1855 983; x_wconf 89' lang='lat' dir='ltr'><em>in</em></span> <span class='ocrx_word' id='word_1_87' title='bbox 1878 936 2146 1000; x_wconf 84' lang='lat' dir='ltr'><em>publicum,</em></span> <span class='ocrx_word' id='word_1_88' title='bbox 2172 939 2264 986; x_wconf 90' lang='lat' dir='ltr'><em>sed</em></span> 
     </span>
     <span class='ocr_line' id='line_1_9' title="bbox 11 1013 2256 1082; baseline 0 -12"><span class='ocrx_word' id='word_1_89' title='bbox 11 1013 18 1078; x_wconf 68' lang='grc' dir='ltr'>ἶ</span> <span class='ocrx_word' id='word_1_90' title='bbox 88 1019 460 1070; x_wconf 69' lang='lat' dir='ltr'><em>consumationis</em></span> <span class='ocrx_word' id='word_1_91' title='bbox 496 1019 569 1067; x_wconf 91' lang='lat' dir='ltr'><em>ad</em></span> <span class='ocrx_word' id='word_1_92' title='bbox 595 1021 879 1082; x_wconf 88' lang='lat' dir='ltr'><em>principem</em></span> <span class='ocrx_word' id='word_1_93' title='bbox 914 1020 1340 1068; x_wconf 88' lang='lat' dir='ltr'><em>clementissimum</em></span> <span class='ocrx_word' id='word_1_94' title='bbox 1376 1027 1663 1081; x_wconf 88' lang='lat' dir='ltr'><em>conceptum</em></span> <span class='ocrx_word' id='word_1_95' title='bbox 1688 1034 1831 1068; x_wconf 85' lang='lat' dir='ltr'><em>suum</em></span> <span class='ocrx_word' id='word_1_96' title='bbox 1856 1021 1946 1068; x_wconf 82' lang='lat' dir='ltr'><em>sub</em></span> <span class='ocrx_word' id='word_1_97' title='bbox 1975 1021 2143 1081; x_wconf 74' lang='lat' dir='ltr'><em>Siqilti</em></span> <span class='ocrx_word' id='word_1_98' title='bbox 2164 1022 2256 1070; x_wconf 88' lang='lat' dir='ltr'><em>de-</em></span> 
     </span>
     <span class='ocr_line' id='line_1_10' title="bbox 12 1087 2260 1167; baseline 0 -13"><span class='ocrx_word' id='word_1_99' title='bbox 12 1105 21 1166; x_wconf 60' lang='lat'><em>&#39;5</em></span> <span class='ocrx_word' id='word_1_100' title='bbox 88 1107 226 1154; x_wconf 72' lang='lat' dir='ltr'><em>creto</em></span> <span class='ocrx_word' id='word_1_101' title='bbox 257 1104 517 1164; x_wconf 80' lang='lat' dir='ltr'><em>emisisset,</em></span> <span class='ocrx_word' id='word_1_102' title='bbox 564 1106 727 1160; x_wconf 87' lang='lat' dir='ltr'><em>minus</em></span> <span class='ocrx_word' id='word_1_103' title='bbox 759 1107 988 1154; x_wconf 79' lang='lat' dir='ltr'><em>extimuit</em></span> <span class='ocrx_word' id='word_1_104' title='bbox 1020 1087 1107 1153; x_wconf 91' lang='lat' dir='ltr'><em>seu</em></span> <span class='ocrx_word' id='word_1_105' title='bbox 1140 1105 1383 1167; x_wconf 85' lang='lat' dir='ltr'><em>previdit,</em></span> <span class='ocrx_word' id='word_1_106' title='bbox 1438 1107 1722 1166; x_wconf 79' lang='lat' dir='ltr'><em>quempiam</em></span> <span class='ocrx_word' id='word_1_107' title='bbox 1758 1119 1826 1154; x_wconf 94' lang='lat' dir='ltr'><em>ex</em></span> <span class='ocrx_word' id='word_1_108' title='bbox 1863 1106 2008 1155; x_wconf 90' lang='lat' dir='ltr'><em>dictis</em></span> <span class='ocrx_word' id='word_1_109' title='bbox 2035 1108 2137 1154; x_wconf 90' lang='lat' dir='ltr'><em>suis</em></span> <span class='ocrx_word' id='word_1_110' title='bbox 2170 1121 2260 1155; x_wconf 81' lang='lat' dir='ltr'><em>er-</em></span> 
     </span>
     <span class='ocr_line' id='line_1_11' title="bbox 0 1174 2261 1267; baseline 0 -28"><span class='ocrx_word' id='word_1_111' title='bbox 0 1174 251 1267; x_wconf 42' lang='lat' dir='ltr'><em>{beraudi</em></span> <span class='ocrx_word' id='word_1_112' title='bbox 272 1195 586 1252; x_wconf 84' lang='lat' dir='ltr'><em>sumpturum</em></span> <span class='ocrx_word' id='word_1_113' title='bbox 619 1191 951 1253; x_wconf 86' lang='lat' dir='ltr'><em>occasionem,</em></span> <span class='ocrx_word' id='word_1_114' title='bbox 990 1194 1079 1238; x_wconf 91' lang='lat' dir='ltr'><em>aut</em></span> <span class='ocrx_word' id='word_1_115' title='bbox 1111 1190 1507 1239; x_wconf 88' lang='lat' dir='ltr'><em>scandatisatum</em></span> <span class='ocrx_word' id='word_1_116' title='bbox 1536 1191 1616 1239; x_wconf 90' lang='lat' dir='ltr'><em>iri.</em></span> <span class='ocrx_word' id='word_1_117' title='bbox 1694 1190 1736 1238; x_wconf 68' lang='lat'><em>(1</em></span> <span class='ocrx_word' id='word_1_118' title='bbox 1771 1190 2087 1253; x_wconf 79' lang='lat' dir='ltr'><em>Quapropter</em></span> <span class='ocrx_word' id='word_1_119' title='bbox 2111 1205 2261 1253; x_wconf 90' lang='lat' dir='ltr'><em>quum</em></span> 
     </span>
     <span class='ocr_line' id='line_1_12' title="bbox 89 1271 2262 1337; baseline 0 -12.961"><span class='ocrx_word' id='word_1_120' title='bbox 89 1288 159 1325; x_wconf 83' lang='lat' dir='ltr'><em>ex</em></span> <span class='ocrx_word' id='word_1_121' title='bbox 184 1273 343 1324; x_wconf 83' lang='lat' dir='ltr'><em>verbis</em></span> <span class='ocrx_word' id='word_1_122' title='bbox 373 1271 572 1324; x_wconf 81' lang='lat' dir='ltr'><em>incaute</em></span> <span class='ocrx_word' id='word_1_123' title='bbox 590 1276 804 1337; x_wconf 88' lang='lat' dir='ltr'><em>prolatis</em></span> <span class='ocrx_word' id='word_1_124' title='bbox 838 1289 954 1337; x_wconf 82' lang='lat' dir='ltr'><em>sepe</em></span> <span class='ocrx_word' id='word_1_125' title='bbox 988 1288 1136 1324; x_wconf 91' lang='lat' dir='ltr'><em>error</em></span> <span class='ocrx_word' id='word_1_126' title='bbox 1165 1277 1360 1324; x_wconf 89' lang='lat' dir='ltr'><em>oriatur</em></span> <span class='ocrx_word' id='word_1_127' title='bbox 1393 1283 1440 1324; x_wconf 93' lang='lat' dir='ltr'><em>et</em></span> <span class='ocrx_word' id='word_1_128' title='bbox 1470 1275 1673 1336; x_wconf 89' lang='lat' dir='ltr'><em>heresis,</em></span> <span class='ocrx_word' id='word_1_129' title='bbox 1709 1282 1758 1325; x_wconf 88' lang='lat' dir='ltr'><em>et</em></span> <span class='ocrx_word' id='word_1_130' title='bbox 1782 1277 1974 1326; x_wconf 86' lang='lat' dir='ltr'><em>libellus</em></span> <span class='ocrx_word' id='word_1_131' title='bbox 2011 1289 2262 1326; x_wconf 93' lang='lat' dir='ltr'><em>memora-</em></span> 
     </span>
     <span class='ocr_line' id='line_1_13' title="bbox 0 1356 2262 1424; baseline 0.001 -14"><span class='ocrx_word' id='word_1_132' title='bbox 0 1356 27 1417; x_wconf 57' lang='grc' dir='ltr'><em>ἑξ</em></span> <span class='ocrx_word' id='word_1_133' title='bbox 86 1364 168 1417; x_wconf 63' lang='lat' dir='ltr'><em>tus</em></span> <span class='ocrx_word' id='word_1_134' title='bbox 201 1373 302 1410; x_wconf 84' lang='lat' dir='ltr'><em>non</em></span> <span class='ocrx_word' id='word_1_135' title='bbox 338 1360 661 1422; x_wconf 80' lang='lat' dir='ltr'><em>undiquaque</em></span> <span class='ocrx_word' id='word_1_136' title='bbox 698 1363 821 1410; x_wconf 90' lang='lat' dir='ltr'><em>satis</em></span> <span class='ocrx_word' id='word_1_137' title='bbox 858 1361 1078 1422; x_wconf 76' lang='lat' dir='ltr'><em>diqestus</em></span> <span class='ocrx_word' id='word_1_138' title='bbox 1113 1361 1400 1422; x_wconf 85' lang='lat' dir='ltr'><em>sobriusque</em></span> <span class='ocrx_word' id='word_1_139' title='bbox 1435 1366 1486 1410; x_wconf 94' lang='lat' dir='ltr'><em>et</em></span> <span class='ocrx_word' id='word_1_140' title='bbox 1512 1362 1820 1411; x_wconf 87' lang='lat' dir='ltr'><em>adamussim</em></span> <span class='ocrx_word' id='word_1_141' title='bbox 1840 1356 2055 1411; x_wconf 40' lang='lat' dir='ltr'><em>*libratus</em></span> <span class='ocrx_word' id='word_1_142' title='bbox 2088 1377 2262 1424; x_wconf 87' lang='lat' dir='ltr'><em>appa-</em></span> 
     </span>
     <span class='ocr_line' id='line_1_14' title="bbox 0 1439 2262 1509; baseline -0.001 -10"><span class='ocrx_word' id='word_1_143' title='bbox 0 1439 21 1454; x_wconf 61' lang='lat'><em>&#39;&#39;</em></span> <span class='ocrx_word' id='word_1_144' title='bbox 89 1453 224 1507; x_wconf 62' lang='lat' dir='ltr'><em>real,</em></span> <span class='ocrx_word' id='word_1_145' title='bbox 262 1446 399 1508; x_wconf 78' lang='lat' dir='ltr'><em>quod</em></span> <span class='ocrx_word' id='word_1_146' title='bbox 424 1447 589 1495; x_wconf 86' lang='lat' dir='ltr'><em>minus</em></span> <span class='ocrx_word' id='word_1_147' title='bbox 620 1448 932 1508; x_wconf 86' lang='lat' dir='ltr'><em>pertinenter</em></span> <span class='ocrx_word' id='word_1_148' title='bbox 971 1459 1329 1508; x_wconf 91' lang='lat' dir='ltr'><em>nonnunquam</em></span> <span class='ocrx_word' id='word_1_149' title='bbox 1366 1461 1519 1496; x_wconf 90' lang='lat' dir='ltr'><em>sacra</em></span> <span class='ocrx_word' id='word_1_150' title='bbox 1557 1448 1772 1496; x_wconf 88' lang='lat' dir='ltr'><em>citentur</em></span> <span class='ocrx_word' id='word_1_151' title='bbox 1806 1450 2029 1509; x_wconf 74' lang='lat' dir='ltr'><em>euloqia,</em></span> <span class='ocrx_word' id='word_1_152' title='bbox 2069 1451 2262 1497; x_wconf 88' lang='lat' dir='ltr'><em>minus-</em></span> 
     </span>
     <span class='ocr_line' id='line_1_15' title="bbox 16 1526 2260 1599; baseline 0 -17"><span class='ocrx_word' id='word_1_153' title='bbox 16 1526 22 1588; x_wconf 68' lang='grc' dir='ltr'>ἑ</span> <span class='ocrx_word' id='word_1_154' title='bbox 87 1546 185 1596; x_wconf 74' lang='lat' dir='ltr'><em>que</em></span> <span class='ocrx_word' id='word_1_155' title='bbox 213 1536 500 1582; x_wconf 82' lang='lat' dir='ltr'><em>reverenter</em></span> <span class='ocrx_word' id='word_1_156' title='bbox 535 1533 984 1582; x_wconf 88' lang='lat' dir='ltr'><em>ecclesiasticorum</em></span> <span class='ocrx_word' id='word_1_157' title='bbox 1019 1546 1170 1594; x_wconf 94' lang='lat' dir='ltr'><em>quam</em></span> <span class='ocrx_word' id='word_1_158' title='bbox 1212 1533 1560 1582; x_wconf 85' lang='lat' dir='ltr'><em>hebraicorum</em></span> <span class='ocrx_word' id='word_1_159' title='bbox 1599 1533 1854 1582; x_wconf 91' lang='lat' dir='ltr'><em>doctorum</em></span> <span class='ocrx_word' id='word_1_160' title='bbox 1885 1536 1980 1594; x_wconf 78' lang='lat' dir='ltr'><em>fiat</em></span> <span class='ocrx_word' id='word_1_161' title='bbox 2006 1536 2260 1599; x_wconf 85' lang='lat' dir='ltr'><em>memoria,</em></span> 
     </span>
     <span class='ocr_line' id='line_1_16' title="bbox 14 1611 2261 1703; baseline -0 -33"><span class='ocrx_word' id='word_1_162' title='bbox 14 1611 159 1703; x_wconf 52' lang='grc' dir='ltr'><strong><em>ἴημα·</em></strong></span> <span class='ocrx_word' id='word_1_163' title='bbox 187 1619 334 1668; x_wconf 66' lang='lat' dir='ltr'><em>uineis</em></span> <span class='ocrx_word' id='word_1_164' title='bbox 364 1619 631 1680; x_wconf 71' lang='lat' dir='ltr'><em>eenerales</em></span> <span class='ocrx_word' id='word_1_165' title='bbox 667 1622 717 1667; x_wconf 86' lang='lat' dir='ltr'><em>el</em></span> <span class='ocrx_word' id='word_1_166' title='bbox 750 1620 1060 1668; x_wconf 82' lang='lat' dir='ltr'><em>uniuersales</em></span> <span class='ocrx_word' id='word_1_167' title='bbox 1094 1620 1147 1667; x_wconf 91' lang='lat' dir='ltr'><em>in</em></span> <span class='ocrx_word' id='word_1_168' title='bbox 1184 1631 1241 1667; x_wconf 91' lang='lat' dir='ltr'><em>eo</em></span> <span class='ocrx_word' id='word_1_169' title='bbox 1276 1621 1510 1679; x_wconf 82' lang='lat' dir='ltr'><em>nonnulle</em></span> <span class='ocrx_word' id='word_1_170' title='bbox 1547 1621 1862 1668; x_wconf 92' lang='lat' dir='ltr'><em>continentur</em></span> <span class='ocrx_word' id='word_1_171' title='bbox 1882 1621 2261 1682; x_wconf 87' lang='lat' dir='ltr'><em>propositiones,</em></span> 
     </span>
     <span class='ocr_line' id='line_1_17' title="bbox 0 1703 2263 1767; baseline -0.002 -9"><span class='ocrx_word' id='word_1_172' title='bbox 0 1713 22 1734; x_wconf 87' lang='grc'><em>··“</em></span> <span class='ocrx_word' id='word_1_173' title='bbox 86 1717 157 1758; x_wconf 63' lang='grc' dir='ltr'><em>ατ</em></span> <span class='ocrx_word' id='word_1_174' title='bbox 189 1704 368 1767; x_wconf 75' lang='lat' dir='ltr'><em>quibus</em></span> <span class='ocrx_word' id='word_1_175' title='bbox 401 1705 496 1754; x_wconf 86' lang='lat' dir='ltr'><em>etsi</em></span> <span class='ocrx_word' id='word_1_176' title='bbox 527 1704 659 1753; x_wconf 90' lang='lat' dir='ltr'><em>citra</em></span> <span class='ocrx_word' id='word_1_177' title='bbox 695 1706 919 1754; x_wconf 92' lang='lat' dir='ltr'><em>auctoris</em></span> <span class='ocrx_word' id='word_1_178' title='bbox 954 1706 1269 1753; x_wconf 85' lang='lat' dir='ltr'><em>intentionem</em></span> <span class='ocrx_word' id='word_1_179' title='bbox 1294 1703 1440 1764; x_wconf 88' lang='lat' dir='ltr'><em>falsa</em></span> <span class='ocrx_word' id='word_1_180' title='bbox 1478 1718 1542 1754; x_wconf 92' lang='lat' dir='ltr'><em>ac</em></span> <span class='ocrx_word' id='word_1_181' title='bbox 1577 1705 1798 1764; x_wconf 88' lang='lat' dir='ltr'><em>heretica</em></span> <span class='ocrx_word' id='word_1_182' title='bbox 1832 1707 1949 1754; x_wconf 89' lang='lat' dir='ltr'><em>elici</em></span> <span class='ocrx_word' id='word_1_183' title='bbox 1985 1706 2263 1767; x_wconf 88' lang='lat' dir='ltr'><em>deducique</em></span> 
     </span>
     <span class='ocr_line' id='line_1_18' title="bbox 85 1789 2263 1854; baseline 0 -14"><span class='ocrx_word' id='word_1_184' title='bbox 85 1794 285 1854; x_wconf 76' lang='lat' dir='ltr'><em>possent</em></span> <span class='ocrx_word' id='word_1_185' title='bbox 319 1789 558 1851; x_wconf 62' lang='lat' dir='ltr'><em>docmata</em></span> <span class='ocrx_word' id='word_1_186' title='bbox 575 1828 588 1852; x_wconf 90' lang='lat'>,</span> <span class='ocrx_word' id='word_1_187' title='bbox 624 1792 876 1852; x_wconf 86' lang='lat' dir='ltr'><em>simplices</em></span> <span class='ocrx_word' id='word_1_188' title='bbox 916 1789 1191 1838; x_wconf 80' lang='lat' dir='ltr'><em>Christiani</em></span> <span class='ocrx_word' id='word_1_189' title='bbox 1223 1790 1599 1851; x_wconf 84' lang='lat' dir='ltr'><em>scandalizari,</em></span> <span class='ocrx_word' id='word_1_190' title='bbox 1627 1791 1818 1852; x_wconf 78' lang='lat' dir='ltr'><em>persidi</em></span> <span class='ocrx_word' id='word_1_191' title='bbox 1850 1791 2003 1851; x_wconf 88' lang='lat' dir='ltr'><em>Iudei</em></span> <span class='ocrx_word' id='word_1_192' title='bbox 2037 1793 2088 1840; x_wconf 88' lang='lat' dir='ltr'><em>in</em></span> <span class='ocrx_word' id='word_1_193' title='bbox 2126 1793 2263 1851; x_wconf 86' lang='lat' dir='ltr'><em>ceci-</em></span> 
     </span>
     <span class='ocr_line' id='line_1_19' title="bbox 89 1874 2262 1942; baseline -0 -16"><span class='ocrx_word' id='word_1_194' title='bbox 89 1881 188 1926; x_wconf 81' lang='lat' dir='ltr'><em>tate</em></span> <span class='ocrx_word' id='word_1_195' title='bbox 220 1889 316 1924; x_wconf 87' lang='lat' dir='ltr'><em>sua</em></span> <span class='ocrx_word' id='word_1_196' title='bbox 346 1874 646 1936; x_wconf 88' lang='lat' dir='ltr'><em>confortari,</em></span> <span class='ocrx_word' id='word_1_197' title='bbox 681 1877 884 1936; x_wconf 87' lang='lat' dir='ltr'><em>aliaque</em></span> <span class='ocrx_word' id='word_1_198' title='bbox 924 1875 1197 1935; x_wconf 80' lang='lat' dir='ltr'><em>christiane</em></span> <span class='ocrx_word' id='word_1_199' title='bbox 1233 1879 1397 1934; x_wconf 90' lang='lat' dir='ltr'><em>nostre</em></span> <span class='ocrx_word' id='word_1_200' title='bbox 1428 1876 1663 1942; x_wconf 76' lang='lat' dir='ltr'><em>retiqioni</em></span> <span class='ocrx_word' id='word_1_201' title='bbox 1692 1877 1890 1925; x_wconf 85' lang='lat' dir='ltr'><em>evenire</em></span> <span class='ocrx_word' id='word_1_202' title='bbox 1926 1877 2234 1925; x_wconf 89' lang='lat' dir='ltr'><em>incommoda</em></span> <span class='ocrx_word' id='word_1_203' title='bbox 2247 1894 2262 1925; x_wconf 91' lang='lat'><em>:</em></span> 
     </span>
     <span class='ocr_line' id='line_1_20' title="bbox 88 1959 2262 2030; baseline -0.001 -18"><span class='ocrx_word' id='word_1_204' title='bbox 88 1962 370 2030; x_wconf 82' lang='lat' dir='ltr'><em>iudicamus</em></span> <span class='ocrx_word' id='word_1_205' title='bbox 398 1974 516 2023; x_wconf 91' lang='lat' dir='ltr'><em>sepe</em></span> <span class='ocrx_word' id='word_1_206' title='bbox 545 1959 715 2021; x_wconf 89' lang='lat' dir='ltr'><em>fatum</em></span> <span class='ocrx_word' id='word_1_207' title='bbox 746 1960 963 2010; x_wconf 86' lang='lat' dir='ltr'><em>libellum</em></span> <span class='ocrx_word' id='word_1_208' title='bbox 1001 1961 1156 2020; x_wconf 86' lang='lat' dir='ltr'><em>(citra</em></span> <span class='ocrx_word' id='word_1_209' title='bbox 1193 1965 1358 2009; x_wconf 90' lang='lat' dir='ltr'><em>tamen</em></span> <span class='ocrx_word' id='word_1_210' title='bbox 1391 1962 1610 2009; x_wconf 90' lang='lat' dir='ltr'><em>auctoris</em></span> <span class='ocrx_word' id='word_1_211' title='bbox 1645 1962 1726 2009; x_wconf 86' lang='lat' dir='ltr'><em>sui</em></span> <span class='ocrx_word' id='word_1_212' title='bbox 1755 1966 1922 2010; x_wconf 91' lang='lat' dir='ltr'><em>notam</em></span> <span class='ocrx_word' id='word_1_213' title='bbox 1959 1974 2023 2010; x_wconf 91' lang='lat' dir='ltr'><em>ac</em></span> <span class='ocrx_word' id='word_1_214' title='bbox 2048 1963 2262 2022; x_wconf 72' lang='lat' dir='ltr'><em>iqnomi-</em></span> 
     </span>
     <span class='ocr_line' id='line_1_21' title="bbox 20 2043 2260 2112; baseline 0 -18"><span class='ocrx_word' id='word_1_215' title='bbox 20 2043 247 2112; x_wconf 50' lang='lat' dir='ltr'><em>huniam,</em></span> <span class='ocrx_word' id='word_1_216' title='bbox 285 2061 350 2096; x_wconf 85' lang='lat' dir='ltr'><em>ne</em></span> <span class='ocrx_word' id='word_1_217' title='bbox 385 2047 520 2108; x_wconf 74' lang='lat' dir='ltr'><em>reyis</em></span> <span class='ocrx_word' id='word_1_218' title='bbox 544 2046 752 2106; x_wconf 86' lang='lat' dir='ltr'><em>Idumee</em></span> <span class='ocrx_word' id='word_1_219' title='bbox 780 2059 892 2095; x_wconf 91' lang='lat' dir='ltr'><em>ossa</em></span> <span class='ocrx_word' id='word_1_220' title='bbox 929 2048 981 2095; x_wconf 91' lang='lat' dir='ltr'><em>in</em></span> <span class='ocrx_word' id='word_1_221' title='bbox 1013 2048 1205 2095; x_wconf 91' lang='lat' dir='ltr'><em>cineres</em></span> <span class='ocrx_word' id='word_1_222' title='bbox 1231 2060 1385 2108; x_wconf 87' lang='lat' dir='ltr'><em>usque</em></span> <span class='ocrx_word' id='word_1_223' title='bbox 1409 2050 1792 2109; x_wconf 88' lang='lat' dir='ltr'><em>consumantur)</em></span> <span class='ocrx_word' id='word_1_224' title='bbox 1832 2048 2260 2109; x_wconf 88' lang='lat' dir='ltr'><em>supprimendum,</em></span> 
     </span>
     <span class='ocr_line' id='line_1_22' title="bbox 22 2131 2263 2197; baseline -0.001 -13.996"><span class='ocrx_word' id='word_1_225' title='bbox 22 2164 67 2195; x_wconf 67' lang='lat' dir='ltr'>v</span> <span class='ocrx_word' id='word_1_226' title='bbox 87 2133 386 2193; x_wconf 62' lang='lat' dir='ltr'><em>tollendurm</em></span> <span class='ocrx_word' id='word_1_227' title='bbox 431 2146 462 2182; x_wconf 90' lang='lat' dir='ltr'><em>e</em></span> <span class='ocrx_word' id='word_1_228' title='bbox 507 2132 669 2181; x_wconf 86' lang='lat' dir='ltr'><em>medio</em></span> <span class='ocrx_word' id='word_1_229' title='bbox 710 2131 1002 2197; x_wconf 84' lang='lat' dir='ltr'><em>delendum,</em></span> <span class='ocrx_word' id='word_1_230' title='bbox 1047 2145 1111 2180; x_wconf 92' lang='lat' dir='ltr'><em>ac</em></span> <span class='ocrx_word' id='word_1_231' title='bbox 1153 2133 1402 2181; x_wconf 87' lang='lat' dir='ltr'><em>communi</em></span> <span class='ocrx_word' id='word_1_232' title='bbox 1430 2132 1680 2180; x_wconf 89' lang='lat' dir='ltr'><em>hominum</em></span> <span class='ocrx_word' id='word_1_233' title='bbox 1715 2133 2013 2194; x_wconf 88' lang='lat' dir='ltr'><em>simplicium</em></span> <span class='ocrx_word' id='word_1_234' title='bbox 2044 2133 2263 2181; x_wconf 80' lang='lat' dir='ltr'><em>maxime</em></span> 
     </span>
     <span class='ocr_line' id='line_1_23' title="bbox 22 2217 2257 2280; baseline -0.001 -11"><span class='ocrx_word' id='word_1_235' title='bbox 22 2251 24 2255; x_wconf 32' lang='grc' dir='ltr'><em>ψ</em></span> <span class='ocrx_word' id='word_1_236' title='bbox 87 2223 136 2269; x_wconf 87' lang='lat' dir='ltr'><em>et</em></span> <span class='ocrx_word' id='word_1_237' title='bbox 164 2231 335 2269; x_wconf 85' lang='lat' dir='ltr'><em>eorum</em></span> <span class='ocrx_word' id='word_1_238' title='bbox 365 2218 575 2280; x_wconf 85' lang='lat' dir='ltr'><em>quorum</em></span> <span class='ocrx_word' id='word_1_239' title='bbox 600 2223 772 2280; x_wconf 86' lang='lat' dir='ltr'><em>posset</em></span> <span class='ocrx_word' id='word_1_240' title='bbox 805 2222 931 2266; x_wconf 90' lang='lat' dir='ltr'><em>esset</em></span> <span class='ocrx_word' id='word_1_241' title='bbox 966 2217 1258 2278; x_wconf 87' lang='lat' dir='ltr'><em>offensivus,</em></span> <span class='ocrx_word' id='word_1_242' title='bbox 1301 2219 1416 2266; x_wconf 92' lang='lat' dir='ltr'><em>usui</em></span> <span class='ocrx_word' id='word_1_243' title='bbox 1445 2230 1658 2279; x_wconf 91' lang='lat' dir='ltr'><em>prorsus</em></span> <span class='ocrx_word' id='word_1_244' title='bbox 1693 2218 2118 2278; x_wconf 87' lang='lat' dir='ltr'><em>intercidendum,</em></span> <span class='ocrx_word' id='word_1_245' title='bbox 2163 2219 2257 2267; x_wconf 85' lang='lat' dir='ltr'><em>mi-</em></span> 
     </span>
     <span class='ocr_line' id='line_1_24' title="bbox 87 2303 2261 2370; baseline -0.001 -16"><span class='ocrx_word' id='word_1_246' title='bbox 87 2305 219 2370; x_wconf 75' lang='lat' dir='ltr'><em>nime</em></span> <span class='ocrx_word' id='word_1_247' title='bbox 250 2303 496 2365; x_wconf 82' lang='lat' dir='ltr'><em>obstante,</em></span> <span class='ocrx_word' id='word_1_248' title='bbox 541 2304 677 2365; x_wconf 87' lang='lat' dir='ltr'><em>quod</em></span> <span class='ocrx_word' id='word_1_249' title='bbox 719 2305 955 2353; x_wconf 88' lang='lat' dir='ltr'><em>universa</em></span> <span class='ocrx_word' id='word_1_250' title='bbox 1000 2305 1157 2366; x_wconf 91' lang='lat' dir='ltr'><em>ipsius</em></span> <span class='ocrx_word' id='word_1_251' title='bbox 1195 2304 1330 2352; x_wconf 90' lang='lat' dir='ltr'><em>dicta</em></span> <span class='ocrx_word' id='word_1_252' title='bbox 1361 2305 1531 2364; x_wconf 73' lang='lat' dir='ltr'><em>qlosas</em></span> <span class='ocrx_word' id='word_1_253' title='bbox 1566 2308 1655 2353; x_wconf 91' lang='lat' dir='ltr'><em>aut</em></span> <span class='ocrx_word' id='word_1_254' title='bbox 1685 2304 2014 2365; x_wconf 75' lang='lat' dir='ltr'><em>expositiones</em></span> <span class='ocrx_word' id='word_1_255' title='bbox 2051 2305 2261 2364; x_wconf 86' lang='lat' dir='ltr'><em>aliquas,</em></span> 
     </span>
     <span class='ocr_line' id='line_1_25' title="bbox 21 2373 2261 2452; baseline -0.002 -11"><span class='ocrx_word' id='word_1_256' title='bbox 21 2373 29 2380; x_wconf 58' lang='grc'><strong>’</strong></span> <span class='ocrx_word' id='word_1_257' title='bbox 88 2391 167 2441; x_wconf 82' lang='lat' dir='ltr'><em>vel</em></span> <span class='ocrx_word' id='word_1_258' title='bbox 197 2403 371 2440; x_wconf 83' lang='lat' dir='ltr'><em>sensus</em></span> <span class='ocrx_word' id='word_1_259' title='bbox 402 2391 639 2451; x_wconf 72' lang='lat' dir='ltr'><em>loqicates</em></span> <span class='ocrx_word' id='word_1_260' title='bbox 668 2402 810 2438; x_wconf 88' lang='lat' dir='ltr'><em>veros</em></span> <span class='ocrx_word' id='word_1_261' title='bbox 855 2389 1042 2439; x_wconf 84' lang='lat' dir='ltr'><em>habere</em></span> <span class='ocrx_word' id='word_1_262' title='bbox 1086 2390 1284 2452; x_wconf 89' lang='lat' dir='ltr'><em>possint</em></span> <span class='ocrx_word' id='word_1_263' title='bbox 1328 2394 1417 2437; x_wconf 87' lang='lat' dir='ltr'><em>aut</em></span> <span class='ocrx_word' id='word_1_264' title='bbox 1450 2390 1513 2438; x_wconf 88' lang='lat' dir='ltr'><em>de</em></span> <span class='ocrx_word' id='word_1_265' title='bbox 1550 2390 1600 2437; x_wconf 87' lang='lat' dir='ltr'><em>vi</em></span> <span class='ocrx_word' id='word_1_266' title='bbox 1626 2390 1955 2449; x_wconf 66' lang='lat' dir='ltr'><em>¹qrammatice</em></span> <span class='ocrx_word' id='word_1_267' title='bbox 1994 2390 2069 2437; x_wconf 83' lang='lat' dir='ltr'><em>vel</em></span> <span class='ocrx_word' id='word_1_268' title='bbox 2104 2390 2261 2449; x_wconf 71' lang='lat' dir='ltr'><em>loqice</em></span> 
     </span>
     <span class='ocr_line' id='line_1_26' title="bbox 32 2474 2264 2539; baseline 0 -18"><span class='ocrx_word' id='word_1_269' title='bbox 32 2477 314 2539; x_wconf 61' lang='lat' dir='ltr'><em>”aliquam</em></span> <span class='ocrx_word' id='word_1_270' title='bbox 348 2477 576 2538; x_wconf 89' lang='lat' dir='ltr'><em>recipere</em></span> <span class='ocrx_word' id='word_1_271' title='bbox 614 2474 968 2535; x_wconf 85' lang='lat' dir='ltr'><em>defensionem,</em></span> <span class='ocrx_word' id='word_1_272' title='bbox 1011 2480 1100 2524; x_wconf 88' lang='lat' dir='ltr'><em>aut</em></span> <span class='ocrx_word' id='word_1_273' title='bbox 1133 2476 1179 2524; x_wconf 89' lang='lat' dir='ltr'><em>si</em></span> <span class='ocrx_word' id='word_1_274' title='bbox 1212 2488 1433 2524; x_wconf 90' lang='lat' dir='ltr'><em>seorsum</em></span> <span class='ocrx_word' id='word_1_275' title='bbox 1455 2479 1784 2537; x_wconf 87' lang='lat' dir='ltr'><em>ponerentur,</em></span> <span class='ocrx_word' id='word_1_276' title='bbox 1827 2474 1899 2522; x_wconf 91' lang='lat' dir='ltr'><em>ad</em></span> <span class='ocrx_word' id='word_1_277' title='bbox 1929 2487 2125 2523; x_wconf 92' lang='lat' dir='ltr'><em>sensum</em></span> <span class='ocrx_word' id='word_1_278' title='bbox 2161 2475 2264 2522; x_wconf 92' lang='lat' dir='ltr'><em>ali-</em></span> 
     </span>
     <span class='ocr_line' id='line_1_27' title="bbox 33 2560 2261 2625; baseline -0.002 -14"><span class='ocrx_word' id='word_1_279' title='bbox 33 2603 43 2620; x_wconf 77' lang='lat'><strong><em>.</em></strong></span> <span class='ocrx_word' id='word_1_280' title='bbox 89 2574 233 2625; x_wconf 80' lang='lat' dir='ltr'><em>quem</em></span> <span class='ocrx_word' id='word_1_281' title='bbox 256 2566 464 2624; x_wconf 84' lang='lat' dir='ltr'><em>possent</em></span> <span class='ocrx_word' id='word_1_282' title='bbox 498 2561 638 2610; x_wconf 88' lang='lat' dir='ltr'><em>trahi</em></span> <span class='ocrx_word' id='word_1_283' title='bbox 671 2574 858 2610; x_wconf 87' lang='lat' dir='ltr'><em>verum.</em></span> <span class='ocrx_word' id='word_1_284' title='bbox 931 2561 998 2609; x_wconf 93' lang='lat' dir='ltr'><em>In</em></span> <span class='ocrx_word' id='word_1_285' title='bbox 1032 2574 1242 2622; x_wconf 92' lang='lat' dir='ltr'><em>quorum</em></span> <span class='ocrx_word' id='word_1_286' title='bbox 1273 2561 1452 2621; x_wconf 76' lang='lat' dir='ltr'><em>fidem,</em></span> <span class='ocrx_word' id='word_1_287' title='bbox 1502 2561 1658 2610; x_wconf 83' lang='lat' dir='ltr'><em>robur</em></span> <span class='ocrx_word' id='word_1_288' title='bbox 1699 2574 1762 2609; x_wconf 94' lang='lat' dir='ltr'><em>ac</em></span> <span class='ocrx_word' id='word_1_289' title='bbox 1802 2560 2005 2608; x_wconf 81' lang='lat' dir='ltr'><em>evidens</em></span> <span class='ocrx_word' id='word_1_290' title='bbox 2043 2560 2261 2608; x_wconf 89' lang='lat' dir='ltr'><em>testimo-</em></span> 
     </span>
     <span class='ocr_line' id='line_1_28' title="bbox 24 2639 2264 2708; baseline -0.002 -10"><span class='ocrx_word' id='word_1_291' title='bbox 24 2639 41 2646; x_wconf 41' lang='lat'><em>*</em></span> <span class='ocrx_word' id='word_1_292' title='bbox 89 2649 227 2699; x_wconf 78' lang='lat' dir='ltr'><em>nium</em></span> <span class='ocrx_word' id='word_1_293' title='bbox 262 2647 504 2697; x_wconf 86' lang='lat' dir='ltr'><em>duximus</em></span> <span class='ocrx_word' id='word_1_294' title='bbox 540 2647 635 2696; x_wconf 91' lang='lat' dir='ltr'><em>has</em></span> <span class='ocrx_word' id='word_1_295' title='bbox 671 2652 869 2696; x_wconf 89' lang='lat' dir='ltr'><em>nostras</em></span> <span class='ocrx_word' id='word_1_296' title='bbox 904 2648 1097 2696; x_wconf 88' lang='lat' dir='ltr'><em>litteras</em></span> <span class='ocrx_word' id='word_1_297' title='bbox 1126 2652 1358 2708; x_wconf 88' lang='lat' dir='ltr'><em>patentes</em></span> <span class='ocrx_word' id='word_1_298' title='bbox 1394 2646 1566 2707; x_wconf 77' lang='lat' dir='ltr'><em>Siqilli</em></span> <span class='ocrx_word' id='word_1_299' title='bbox 1583 2651 1748 2705; x_wconf 89' lang='lat' dir='ltr'><em>nostre</em></span> <span class='ocrx_word' id='word_1_300' title='bbox 1773 2645 2040 2705; x_wconf 85' lang='lat' dir='ltr'><em>facultatis</em></span> <span class='ocrx_word' id='word_1_301' title='bbox 2064 2658 2264 2706; x_wconf 91' lang='lat' dir='ltr'><em>appen-</em></span> 
     </span>
     <span class='ocr_line' id='line_1_29' title="bbox 87 2729 2264 2794; baseline -0.002 -11"><span class='ocrx_word' id='word_1_302' title='bbox 87 2734 223 2783; x_wconf 71' lang='lat' dir='ltr'><em>sione</em></span> <span class='ocrx_word' id='word_1_303' title='bbox 252 2733 567 2782; x_wconf 85' lang='lat' dir='ltr'><em>muniendas.</em></span> <span class='ocrx_word' id='word_1_304' title='bbox 630 2732 816 2782; x_wconf 86' lang='lat' dir='ltr'><em>-Actum</em></span> <span class='ocrx_word' id='word_1_305' title='bbox 842 2732 1134 2794; x_wconf 88' lang='lat' dir='ltr'><em>Erphordie</em></span> <span class='ocrx_word' id='word_1_306' title='bbox 1171 2735 1223 2781; x_wconf 92' lang='lat' dir='ltr'><em>in</em></span> <span class='ocrx_word' id='word_1_307' title='bbox 1247 2733 1632 2793; x_wconf 75' lang='lat' dir='ltr'><em>conqreqatione</em></span> <span class='ocrx_word' id='word_1_308' title='bbox 1669 2737 1856 2780; x_wconf 87' lang='lat' dir='ltr'><em>nostra.</em></span> <span class='ocrx_word' id='word_1_309' title='bbox 1934 2729 2077 2779; x_wconf 84' lang='lat' dir='ltr'><em>Anno</em></span> <span class='ocrx_word' id='word_1_310' title='bbox 2099 2731 2264 2791; x_wconf 74' lang='lat' dir='ltr'><em>qratie</em></span> 
     </span>
     <span class='ocr_line' id='line_1_30' title="bbox 88 2817 2262 2880; baseline -0.002 -11"><span class='ocrx_word' id='word_1_311' title='bbox 88 2817 347 2869; x_wconf 70' lang='lat' dir='ltr'><strong><em>M.D.1111.</em></strong></span> <span class='ocrx_word' id='word_1_312' title='bbox 375 2819 459 2868; x_wconf 84' lang='lat' dir='ltr'><em>die</em></span> <span class='ocrx_word' id='word_1_313' title='bbox 494 2831 611 2868; x_wconf 88' lang='lat' dir='ltr'><em>vero</em></span> <span class='ocrx_word' id='word_1_314' title='bbox 668 2820 815 2867; x_wconf 93' lang='lat' dir='ltr'><em>tertia</em></span> <span class='ocrx_word' id='word_1_315' title='bbox 858 2820 1039 2867; x_wconf 90' lang='lat' dir='ltr'><em>mensis</em></span> <span class='ocrx_word' id='word_1_316' title='bbox 1075 2818 1399 2880; x_wconf 84' lang='lat' dir='ltr'><em>Septembris,</em></span> <span class='ocrx_word' id='word_1_317' title='bbox 1450 2818 1512 2866; x_wconf 90' lang='lat' dir='ltr'><em>de</em></span> <span class='ocrx_word' id='word_1_318' title='bbox 1547 2818 1786 2865; x_wconf 89' lang='lat' dir='ltr'><em>mandato</em></span> <span class='ocrx_word' id='word_1_319' title='bbox 1824 2817 2134 2866; x_wconf 87' lang='lat' dir='ltr'><em>dominorum</em></span> <span class='ocrx_word' id='word_1_320' title='bbox 2167 2817 2262 2865; x_wconf 91' lang='lat' dir='ltr'><em>de-</em></span> 
     </span>
     <span class='ocr_line' id='line_1_31' title="bbox 33 2901 2263 2966; baseline -0.002 -11"><span class='ocrx_word' id='word_1_321' title='bbox 33 2906 210 2955; x_wconf 54' lang='lat' dir='ltr'><em>ficam&#39;</em></span> <span class='ocrx_word' id='word_1_322' title='bbox 248 2908 620 2966; x_wconf 85' lang='lat' dir='ltr'><em>ceterorumque</em></span> <span class='ocrx_word' id='word_1_323' title='bbox 665 2906 1018 2966; x_wconf 76' lang='lat' dir='ltr'><em>maqistrorum</em></span> <span class='ocrx_word' id='word_1_324' title='bbox 1059 2904 1326 2965; x_wconf 84' lang='lat' dir='ltr'><em>facultatis</em></span> <span class='ocrx_word' id='word_1_325' title='bbox 1365 2902 1656 2964; x_wconf 75' lang='lat' dir='ltr'><em>Theoloqice</em></span> <span class='ocrx_word' id='word_1_326' title='bbox 1689 2903 1843 2951; x_wconf 89' lang='lat' dir='ltr'><em>studii</em></span> <span class='ocrx_word' id='word_1_327' title='bbox 1876 2901 2263 2963; x_wconf 86' lang='lat' dir='ltr'><em>Erphordensis.</em></span> 
     </span>
     <span class='ocr_line' id='line_1_32' title="bbox 34 2971 2313 3053; baseline -0.006 -6"><span class='ocrx_word' id='word_1_328' title='bbox 34 3021 47 3047; x_wconf 66' lang='grc' dir='ltr'><strong><em>ο</em></strong></span> <span class='ocrx_word' id='word_1_329' title='bbox 1029 2990 1379 3039; x_wconf 88' lang='lat' dir='ltr'><em>Hammannus</em></span> <span class='ocrx_word' id='word_1_330' title='bbox 1405 2987 1583 3049; x_wconf 84' lang='lat' dir='ltr'><em>fruoff</em></span> <span class='ocrx_word' id='word_1_331' title='bbox 1601 2990 1827 3037; x_wconf 90' lang='lat' dir='ltr'><em>notarius</em></span> <span class='ocrx_word' id='word_1_332' title='bbox 1858 2987 2163 3048; x_wconf 79' lang='lat' dir='ltr'><em>subscripsit.</em></span> <span class='ocrx_word' id='word_1_333' title='bbox 2190 2984 2213 3053; x_wconf 79' lang='grc' dir='ltr'><strong>Η</strong></span> <span class='ocrx_word' id='word_1_334' title='bbox 2310 2971 2313 2973; x_wconf 38' lang='grc'><strong><em>’</em></strong></span> 
     </span>
    </p>
   </div>
   <div class='ocr_carea' id='block_1_3' title="bbox 16 3114 2378 3905">
    <p class='ocr_par' dir='ltr' id='par_1_3' title="bbox 338 3114 2378 3339">
     <span class='ocr_line' id='line_1_33' title="bbox 343 3114 2378 3178; baseline -0.002 -11"><span class='ocrx_word' id='word_1_335' title='bbox 343 3117 387 3167; x_wconf 71' lang='lat'><em>«1</em></span> <span class='ocrx_word' id='word_1_336' title='bbox 423 3116 762 3168; x_wconf 90' lang='lat' dir='ltr'><em>Sententia</em></span> <span class='ocrx_word' id='word_1_337' title='bbox 811 3117 1165 3178; x_wconf 87' lang='lat' dir='ltr'><em>facultatis</em></span> <span class='ocrx_word' id='word_1_338' title='bbox 1222 3118 1577 3178; x_wconf 74' lang='lat' dir='ltr'><em>theoloqice</em></span> <span class='ocrx_word' id='word_1_339' title='bbox 1630 3116 1828 3165; x_wconf 90' lang='lat' dir='ltr'><em>studii</em></span> <span class='ocrx_word' id='word_1_340' title='bbox 1865 3114 1998 3163; x_wconf 90' lang='lat' dir='ltr'><em>Mo-</em></span> <span class='ocrx_word' id='word_1_341' title='bbox 2262 3117 2378 3173; x_wconf 61' lang='lat' dir='ltr'><em>Jiijb</em></span> 
     </span>
     <span class='ocr_line' id='line_1_34' title="bbox 338 3202 2007 3266; baseline -0.002 -13"><span class='ocrx_word' id='word_1_342' title='bbox 338 3204 598 3266; x_wconf 71' lang='lat' dir='ltr'><em>quntini</em></span> <span class='ocrx_word' id='word_1_343' title='bbox 648 3205 995 3266; x_wconf 87' lang='lat' dir='ltr'><em>pronunciata</em></span> <span class='ocrx_word' id='word_1_344' title='bbox 1055 3208 1283 3253; x_wconf 86' lang='lat' dir='ltr'><em>contra</em></span> <span class='ocrx_word' id='word_1_345' title='bbox 1345 3203 1686 3265; x_wconf 88' lang='lat' dir='ltr'><em>Speculum</em></span> <span class='ocrx_word' id='word_1_346' title='bbox 1745 3202 2007 3249; x_wconf 88' lang='lat' dir='ltr'><em>oculare</em></span> 
     </span>
     <span class='ocr_line' id='line_1_35' title="bbox 571 3287 1766 3339; baseline -0.004 -1"><span class='ocrx_word' id='word_1_347' title='bbox 571 3289 838 3338; x_wconf 90' lang='lat' dir='ltr'><em>Ioannis</em></span> <span class='ocrx_word' id='word_1_348' title='bbox 873 3289 1184 3339; x_wconf 83' lang='lat' dir='ltr'><em>Reuchlin</em></span> <span class='ocrx_word' id='word_1_349' title='bbox 1221 3303 1248 3338; x_wconf 95' lang='lat' dir='ltr'><em>e</em></span> <span class='ocrx_word' id='word_1_350' title='bbox 1284 3289 1445 3337; x_wconf 91' lang='lat' dir='ltr'><em>medio</em></span> <span class='ocrx_word' id='word_1_351' title='bbox 1483 3287 1766 3336; x_wconf 87' lang='lat' dir='ltr'><em>tollendum.</em></span> 
     </span>
    </p>

    <p class='ocr_par' dir='ltr' id='par_1_4' title="bbox 16 3385 2264 3905">
     <span class='ocr_line' id='line_1_36' title="bbox 36 3385 2264 3477; baseline -0.003 -38"><span class='ocrx_word' id='word_1_352' title='bbox 36 3399 81 3477; x_wconf 50' lang='grc'><strong>9</strong></span> <span class='ocrx_word' id='word_1_353' title='bbox 233 3387 277 3438; x_wconf 68' lang='grc' dir='ltr'>ί</span> <span class='ocrx_word' id='word_1_354' title='bbox 320 3386 571 3439; x_wconf 86' lang='lat' dir='ltr'><em>Universis</em></span> <span class='ocrx_word' id='word_1_355' title='bbox 605 3394 654 3438; x_wconf 93' lang='lat' dir='ltr'><em>et</em></span> <span class='ocrx_word' id='word_1_356' title='bbox 687 3390 896 3451; x_wconf 74' lang='lat' dir='ltr'><em>sinqulis</em></span> <span class='ocrx_word' id='word_1_357' title='bbox 928 3394 1184 3451; x_wconf 85' lang='lat' dir='ltr'><em>presentes</em></span> <span class='ocrx_word' id='word_1_358' title='bbox 1221 3392 1417 3437; x_wconf 90' lang='lat' dir='ltr'><em>nostras</em></span> <span class='ocrx_word' id='word_1_359' title='bbox 1453 3387 1750 3449; x_wconf 87' lang='lat' dir='ltr'><em>inspecturis</em></span> <span class='ocrx_word' id='word_1_360' title='bbox 1780 3387 1857 3434; x_wconf 83' lang='lat' dir='ltr'><em>vel</em></span> <span class='ocrx_word' id='word_1_361' title='bbox 1879 3385 2130 3434; x_wconf 89' lang='lat' dir='ltr'><em>audituris</em></span> <span class='ocrx_word' id='word_1_362' title='bbox 2167 3385 2264 3433; x_wconf 85' lang='lat' dir='ltr'><em>Nos</em></span> 
     </span>
     <span class='ocr_line' id='line_1_37' title="bbox 16 3454 2263 3548; baseline -0.003 -23"><span class='ocrx_word' id='word_1_363' title='bbox 16 3454 73 3548; x_wconf 51' lang='grc' dir='ltr'><em>ἦς’</em></span> <span class='ocrx_word' id='word_1_364' title='bbox 93 3468 313 3526; x_wconf 56' lang='lat' dir='ltr'><em>decani&amp;</em></span> <span class='ocrx_word' id='word_1_365' title='bbox 346 3474 664 3534; x_wconf 85' lang='lat' dir='ltr'><em>ordinarius,</em></span> <span class='ocrx_word' id='word_1_366' title='bbox 713 3476 962 3536; x_wconf 84' lang='lat' dir='ltr'><em>ceterique</em></span> <span class='ocrx_word' id='word_1_367' title='bbox 1006 3474 1274 3535; x_wconf 57' lang='lat' dir='ltr'><em>theologice</em></span> <span class='ocrx_word' id='word_1_368' title='bbox 1312 3473 1647 3535; x_wconf 89' lang='lat' dir='ltr'><em>professionis</em></span> <span class='ocrx_word' id='word_1_369' title='bbox 1696 3473 1927 3533; x_wconf 71' lang='lat' dir='ltr'><em>maqistri</em></span> <span class='ocrx_word' id='word_1_370' title='bbox 1959 3476 2007 3519; x_wconf 92' lang='lat' dir='ltr'><em>el</em></span> <span class='ocrx_word' id='word_1_371' title='bbox 2040 3471 2263 3519; x_wconf 89' lang='lat' dir='ltr'><em>doctores</em></span> 
     </span>
     <span class='ocr_line' id='line_1_38' title="bbox 37 3554 2263 3622; baseline -0.004 -11"><span class='ocrx_word' id='word_1_372' title='bbox 37 3554 45 3574; x_wconf 61' lang='lat'><strong>³</strong></span> <span class='ocrx_word' id='word_1_373' title='bbox 91 3560 387 3611; x_wconf 73' lang='lat' dir='ltr'><em>universalis</em></span> <span class='ocrx_word' id='word_1_374' title='bbox 419 3561 673 3622; x_wconf 80' lang='lat' dir='ltr'><em>qymnasii</em></span> <span class='ocrx_word' id='word_1_375' title='bbox 707 3558 991 3620; x_wconf 75' lang='lat' dir='ltr'><em>Moquntini</em></span> <span class='ocrx_word' id='word_1_376' title='bbox 1019 3561 1069 3608; x_wconf 91' lang='lat' dir='ltr'><em>in</em></span> <span class='ocrx_word' id='word_1_377' title='bbox 1107 3561 1339 3608; x_wconf 91' lang='lat' dir='ltr'><em>noticiam</em></span> <span class='ocrx_word' id='word_1_378' title='bbox 1377 3558 1564 3607; x_wconf 87' lang='lat' dir='ltr'><em>deduci</em></span> <span class='ocrx_word' id='word_1_379' title='bbox 1597 3560 1816 3607; x_wconf 83' lang='lat' dir='ltr'><em>volumus</em></span> <span class='ocrx_word' id='word_1_380' title='bbox 1845 3557 2148 3619; x_wconf 85' lang='lat' dir='ltr'><em>presentium</em></span> <span class='ocrx_word' id='word_1_381' title='bbox 2186 3560 2263 3604; x_wconf 88' lang='lat' dir='ltr'><em>le-</em></span> 
     </span>
     <span class='ocr_line' id='line_1_39' title="bbox 93 3640 2267 3713; baseline -0.004 -18.191"><span class='ocrx_word' id='word_1_382' title='bbox 93 3656 228 3713; x_wconf 65' lang='lat' dir='ltr'><em>nore.</em></span> <span class='ocrx_word' id='word_1_383' title='bbox 264 3659 354 3695; x_wconf 86' lang='lat' dir='ltr'><em>nos</em></span> <span class='ocrx_word' id='word_1_384' title='bbox 391 3647 542 3694; x_wconf 82' lang='lat' dir='ltr'><em>veluti</em></span> <span class='ocrx_word' id='word_1_385' title='bbox 574 3658 721 3706; x_wconf 85' lang='lat' dir='ltr'><em>sacre</em></span> <span class='ocrx_word' id='word_1_386' title='bbox 754 3643 1011 3706; x_wconf 72' lang='lat' dir='ltr'><em>Theoloqie</em></span> <span class='ocrx_word' id='word_1_387' title='bbox 1042 3651 1090 3693; x_wconf 90' lang='lat' dir='ltr'><em>el</em></span> <span class='ocrx_word' id='word_1_388' title='bbox 1120 3646 1341 3693; x_wconf 86' lang='lat' dir='ltr'><em>veritatis</em></span> <span class='ocrx_word' id='word_1_389' title='bbox 1371 3643 1686 3707; x_wconf 89' lang='lat' dir='ltr'><em>professores</em></span> <span class='ocrx_word' id='word_1_390' title='bbox 1715 3658 1818 3705; x_wconf 86' lang='lat' dir='ltr'><em>pro</em></span> <span class='ocrx_word' id='word_1_391' title='bbox 1852 3642 2124 3700; x_wconf 83' lang='lat' dir='ltr'><em>orthodoxe</em></span> <span class='ocrx_word' id='word_1_392' title='bbox 2143 3640 2267 3700; x_wconf 83' lang='lat' dir='ltr'><em>fidei</em></span> 
     </span>
     <span class='ocr_line' id='line_1_40' title="bbox 39 3724 2262 3792; baseline -0.003 -13"><span class='ocrx_word' id='word_1_393' title='bbox 39 3726 53 3751; x_wconf 62' lang='grc'><strong>“</strong></span> <span class='ocrx_word' id='word_1_394' title='bbox 93 3724 292 3781; x_wconf 83' lang='lat' dir='ltr'><em>tuitione</em></span> <span class='ocrx_word' id='word_1_395' title='bbox 320 3745 384 3780; x_wconf 91' lang='lat' dir='ltr'><em>ac</em></span> <span class='ocrx_word' id='word_1_396' title='bbox 421 3730 710 3791; x_wconf 88' lang='lat' dir='ltr'><em>defensione</em></span> <span class='ocrx_word' id='word_1_397' title='bbox 746 3732 975 3792; x_wconf 89' lang='lat' dir='ltr'><em>requisiti</em></span> <span class='ocrx_word' id='word_1_398' title='bbox 1012 3730 1262 3791; x_wconf 88' lang='lat' dir='ltr'><em>quendam</em></span> <span class='ocrx_word' id='word_1_399' title='bbox 1300 3730 1516 3780; x_wconf 83' lang='lat' dir='ltr'><em>libellum</em></span> <span class='ocrx_word' id='word_1_400' title='bbox 1556 3731 1828 3779; x_wconf 80' lang='lat' dir='ltr'><em>vernacula</em></span> <span class='ocrx_word' id='word_1_401' title='bbox 1872 3730 2046 3787; x_wconf 74' lang='lat' dir='ltr'><em>linqua</em></span> <span class='ocrx_word' id='word_1_402' title='bbox 2080 3725 2262 3774; x_wconf 87' lang='lat' dir='ltr'><em>editum</em></span> 
     </span>
     <span class='ocr_line' id='line_1_41' title="bbox 40 3795 2261 3905; baseline -0.004 -39"><span class='ocrx_word' id='word_1_403' title='bbox 40 3795 186 3905; x_wconf 48' lang='lat' dir='ltr'><em>‘per</em></span> <span class='ocrx_word' id='word_1_404' title='bbox 207 3815 449 3866; x_wconf 79' lang='lat' dir='ltr'><em>Ioannem</em></span> <span class='ocrx_word' id='word_1_405' title='bbox 474 3816 717 3867; x_wconf 83' lang='lat' dir='ltr'><em>Reuchlin</em></span> <span class='ocrx_word' id='word_1_406' title='bbox 754 3830 1021 3867; x_wconf 90' lang='lat' dir='ltr'><em>sacrarum</em></span> <span class='ocrx_word' id='word_1_407' title='bbox 1059 3818 1222 3878; x_wconf 73' lang='lat' dir='ltr'><em>lequm</em></span> <span class='ocrx_word' id='word_1_408' title='bbox 1254 3817 1501 3866; x_wconf 88' lang='lat' dir='ltr'><em>doctorem</em></span> <span class='ocrx_word' id='word_1_409' title='bbox 1539 3818 1612 3864; x_wconf 86' lang='lat' dir='ltr'><em>uti</em></span> <span class='ocrx_word' id='word_1_410' title='bbox 1642 3820 1936 3877; x_wconf 82' lang='lat' dir='ltr'><em>prenotatur</em></span> <span class='ocrx_word' id='word_1_411' title='bbox 1966 3815 2261 3871; x_wconf 63' lang='lat' dir='ltr'><em>consistunt</em></span> 
     </span>
    </p>
   </div>
   <div class='ocr_carea' id='block_1_4' title="bbox 93 3906 423 3917">
    <p class='ocr_par' dir='ltr' id='par_1_5' title="bbox 93 3906 423 3917">
     <span class='ocr_line' id='line_1_42' title="bbox 93 3906 423 3917; baseline 0 347"><span class='ocrx_word' id='word_1_412' title='bbox 93 3906 423 3917; x_wconf 95' lang='lat' dir='ltr'><em> </em></span> 
     </span>
    </p>
   </div>
   <div class='ocr_carea' id='block_1_5' title="bbox 203 3941 2005 4007">
    <p class='ocr_par' dir='ltr' id='par_1_6' title="bbox 203 3941 2005 4007">
     <span class='ocr_line' id='line_1_43' title="bbox 203 3941 2005 4007; baseline -0.006 -20"><span class='ocrx_word' id='word_1_413' title='bbox 203 3944 222 3972; x_wconf 79' lang='lat'>⁸</span> <span class='ocrx_word' id='word_1_414' title='bbox 252 3945 439 3987; x_wconf 75' lang='lat' dir='ltr'><em>decreto</em></span> <span class='ocrx_word' id='word_1_415' title='bbox 470 3944 571 3998; x_wconf 87' lang='lat' dir='ltr'><em>(non</em></span> <span class='ocrx_word' id='word_1_416' title='bbox 603 3944 802 3997; x_wconf 80' lang='lat' dir='ltr'><em>secreto)</em></span> <span class='ocrx_word' id='word_1_417' title='bbox 836 3947 875 3986; x_wconf 90' lang='lat'><em>1.</em></span> <span class='ocrx_word' id='word_1_418' title='bbox 910 3949 951 3986; x_wconf 84' lang='lat' dir='ltr'><em>et</em></span> <span class='ocrx_word' id='word_1_419' title='bbox 981 3941 1777 4007; x_wconf 70' lang='lat' dir='ltr'><em>Prenotamenta.³⁸&#39;ll1col&#39;ophie</em></span> <span class='ocrx_word' id='word_1_420' title='bbox 1811 3941 1834 3979; x_wconf 86' lang='grc' dir='ltr'><em>Ι</em></span> <span class='ocrx_word' id='word_1_421' title='bbox 1839 3942 2005 3980; x_wconf 82' lang='lat' dir='ltr'><em>’renoll.</em></span> 
     </span>
    </p>
   </div>
  </div>
 </body>
</html>
