2456 4264
201 244 219 300 1
241 244 316 301 72
493 267 586 295 IOA.
612 267 924 295 PEPERICORNI
946 265 1174 296 DEFENSIO
1199 262 1381 293 CONTRA
1401 262 1608 291 FAMOSAS
1632 264 1674 290 Ο.
1699 263 1742 291 V.
1766 262 2036 291 EPISTOLAS.

84 401 367 456 ebiijcinata
401 396 575 455 fuisse.
652 396 737 444 Sic
762 396 891 443 enim
927 395 1100 443 scribit
1129 393 1263 453 folio
1299 401 1404 435 XVI.
1444 391 1716 440 ‘Attendite
1753 405 1780 439 o
1818 405 1903 441 vos
1930 392 2226 453 philosophi
2250 392 2338 440 Co-

194 486 461 541 lonienseS,
512 495 574 529 ne
619 481 730 540 lupi
771 492 987 539 rapaces
1031 480 1285 526 introeant
1331 479 1381 525 in
1430 477 1556 524 ovile
1601 480 1816 524 vestrum
1862 477 1995 524 Nam
2040 477 2341 537 temporibus

196 569 371 616 vestris
406 569 656 624 exurqent
692 576 822 610 nova
859 566 907 609 et
943 562 1177 609 inaudita
1214 563 1266 609 in
1302 561 1523 609 ecclesiis
1559 561 1734 608 vestris
1759 574 1852 620 que
1877 562 2173 622 almipotens
2199 574 2339 608 aver-

196 656 283 699 tat.
325 650 414 707 hec
452 650 549 696 ille.
630 647 975 707 Quapropter,
1020 659 1047 693 o
1085 645 1364 693 beatissime
1390 649 1562 705 pater,
1605 648 1697 702 tue
1722 645 1819 691 erit
1854 645 2140 693 sanctitatis
2170 645 2340 704 provi—

196 737 315 782 dere
338 746 401 781 ne
425 733 560 779 mala
586 733 731 779 malis
754 731 1086 787 cumulentur,
1111 743 1231 776 neve
1245 729 1560 790 perfidorum
1585 741 1821 777 numerus
1845 729 2064 789 quotidie
2088 731 2376 788 auyeaturs

197 833 258 867 ac
283 818 484 866 tandem
505 817 619 877 plus
643 828 770 876 equo
796 815 1086 862 invalescat.
1153 813 1284 860 Nam
1311 812 1604 860 incredibile
1628 813 1768 860 dictu
1792 817 1866 860 est
1889 816 2082 873 quanta
2106 813 2242 860 mala
2268 813 2341 859 in-

198 905 302 951 dies
338 902 499 961 maqis
535 913 597 947 ac
634 901 795 960 maqis
830 902 1102 958 exurqant.
1158 898 1294 958 quod
1328 910 1391 945 ne
1421 894 1461 953 f
1456 897 1562 944 also
1597 897 1859 957 scripsisse
1896 897 2088 944 videar.
2166 895 2343 956 Nuper

197 989 343 1046 enim,
386 998 516 1034 nova
553 985 765 1045 quedam
790 987 970 1044 preter
1007 983 1096 1030 illa
1134 996 1226 1042 que
1264 983 1315 1029 in
1354 981 1577 1030 obscuris
1611 980 1874 1039 habentur,
1915 993 2078 1042 nuper
2101 981 2343 1041 impressa

198 1073 405 1132 lecimus
441 1072 491 1118 in
528 1070 703 1130 quibus
735 1069 839 1126 filio
885 1071 933 1114 et
975 1068 1178 1128 spiritui
1221 1070 1396 1114 sancto
1441 1065 1736 1112 histrionica
1780 1066 2080 1125 coqnomina
2129 1065 2344 1125 turpiter

201 1159 527 1218 imponuntur
563 1159 609 1201 et
646 1154 811 1201 omnia
851 1153 940 1199 illa
977 1151 1462 1199 contumeliosissime
1490 1163 1590 1210 per
1614 1150 1863 1207 hereticas
1897 1150 2088 1209 aliquot
2124 1150 2176 1196 in
2201 1148 2339 1196 theu·
2362 1164 2401 1197 10

202 1242 365 1289 tonico
397 1239 680 1300 pravitates
718 1237 1024 1295 deridentur,
1067 1249 1160 1296 que
1198 1237 1248 1283 in
1284 1238 1518 1295 suqqesto
1556 1247 1588 1280 a
1624 1234 1982 1282 concionatore
2017 1233 2157 1282 verbi
2190 1233 2350 1280 divini

205 1327 275 1373 ad
317 1325 525 1372 salutem
572 1321 970 1379 christifidelium
1013 1322 1132 1379 sieri
1171 1321 1347 1368 solent.
1423 1318 1554 1367 Sunt
1589 1323 1755 1366 autem
1793 1332 1887 1378 que
1922 1330 2077 1366 novus
2114 1318 2195 1364 ille
2224 1329 2344 1378 pro-

202 1411 450 1458 clamator
488 1408 575 1466 (de
611 1406 786 1467 quibus
822 1420 955 1453 nunc
991 1406 1193 1465 loquor)
1233 1405 1454 1465 imprimi
1480 1402 1626 1462 fecit,
1669 1407 1770 1450 tam
1807 1403 1980 1463 turpia
2017 1405 2065 1449 et
2100 1401 2344 1459 enormia,

203 1499 256 1542 ut
293 1495 424 1541 inter
460 1492 593 1538 mille
631 1489 941 1538 Christianos
978 1490 1064 1537 vix
1103 1502 1227 1537 unus
1263 1489 1350 1547 sit,
1404 1489 1491 1548 qui
1524 1488 1617 1535 illa
1655 1488 1842 1548 absque
1875 1487 2121 1535 scandalo
2159 1486 2347 1533 audeat
2452 1543 2456 1552 Ἰ

193 1578 557 1639 pronunciare.
633 1574 742 1621 Hoc
780 1579 942 1622 autem
980 1586 1149 1622 verum
1187 1586 1291 1621 esse
1327 1577 1433 1621 tota
1470 1576 1680 1620 testatur
1718 1571 1923 1620 Colonia
1961 1576 2026 1619 .et
2044 1585 2088 1619 c.
2363 1586 2405 1620 15
2444 1555 2456 1575 ⁷

525 1716 565 1761 (Ι
606 1715 810 1772 Quare
846 1714 1031 1772 Iudei
1065 1726 1182 1761 non
1219 1711 1613 1771 efficiantur
1651 1712 2020 1760 Christiani.

343 1829 382 1878 O
417 1829 694 1877 beatissime
721 1832 890 1888 pater,
932 1827 1115 1873 mirari
1138 1830 1346 1887 possent
1380 1826 1499 1872 boni
1520 1826 1631 1884 viri,
1675 1824 1733 1872 ob
1759 1837 1909 1885 quam
1934 1837 2141 1873 causam
2165 1825 2349 1872 nostris

197 1915 333 1961 hisce
388 1913 690 1973 temporibus
735 1912 886 1969 Iudei
945 1911 1271 1957 christianam
1321 1910 1469 1967 sidem
1527 1922 1624 1956 non
1681 1913 1959 1970 acceptent.
2049 1909 2348 1970 Respondeo

196 1998 362 2046 crucis
400 1996 588 2044 Christi
610 1999 958 2056 persecutores
995 1995 1051 2041 id
1085 1998 1353 2054 acceptare
1397 2006 1497 2041 non
1535 2006 1711 2054 posse,
1764 1994 1901 2054 quod
1943 1995 2168 2054 nosipsos
2215 1994 2344 2040 deri-

197 2083 318 2130 dere
354 2085 442 2129 aut
467 2081 628 2141 parvi
656 2077 839 2138 facere
876 2080 1193 2139 dionoscunt.
1274 2078 1384 2137 Eoo
1422 2079 1646 2138 inqenue
1667 2075 1872 2136 fateor,
1923 2091 2000 2125 me
2036 2078 2232 2125 auxilio
2271 2078 2343 2125 di·
2357 2087 2400 2122 20
2445 2063 2447 2066 ¹

195 2167 309 2214 vino
347 2165 725 2226 quatuordecim
763 2165 957 2211 animas
1001 2164 1249 2210 salvatori
1292 2167 1462 2211 nostro
1508 2163 1737 2210 obtulisse
1781 2166 1830 2209 et
1877 2163 2096 2223 quinque
2142 2163 2346 2222 insuper
2420 2155 2422 2157 ’

188 2264 285 2311 per
341 2263 417 2297 me
471 2250 660 2297 dudum
715 2262 780 2296 ex
835 2249 1094 2296 Iudaismo
1149 2248 1442 2308 offerendas
1491 2245 1679 2306 fuisse,
1737 2247 1838 2295 nisi
1887 2248 2083 2308 scripta
2114 2246 2346 2295 Ioannis

194 2334 440 2382 Reuchlin
478 2335 655 2381 misere
690 2333 827 2380 nobis
865 2333 1173 2380 obstitissent.
1214 2345 1308 2392 que
1345 2331 1545 2379 tandem
1582 2334 1823 2391 quantum
1859 2332 1978 2380 boni
2009 2332 2109 2380 sint
2144 2332 2347 2390 ecclesie

197 2422 569 2480 procuratura,
635 2418 959 2465 obscurorum
1012 2418 1214 2478 epistole
1268 2421 1315 2463 et
1370 2416 1474 2463 alia
1531 2416 1761 2476 nequiter
1813 2419 2037 2476 conflata
2082 2419 2340 2465 testantur.

195 2504 352 2551 Latro
389 2504 544 2562 iqitur
581 2504 631 2549 in
669 2506 937 2562 conspectu
974 2502 1186 2560 domini,
1229 2501 1374 2549 immo
1414 2500 1813 2548 Christianorum
1850 2501 2075 2549 laniator
2111 2514 2173 2549 ac
2210 2513 2399 2549 men-25

194 2589 456 2635 daciorum
486 2584 642 2645 faber
678 2586 899 2634 Ioannes
934 2585 1205 2644 Reuchlin,
1248 2589 1301 2632 ut
1337 2585 1539 2632 tandem
1574 2586 1677 2633 suis
1712 2584 1874 2632 verbis
1923 2585 2122 2646 (quibus
2158 2598 2234 2633 me
2268 2586 2342 2633 in—

192 2676 377 2719 sontem
425 2672 476 2718 in
523 2684 613 2719 suo
659 2671 916 2733 Hyssopeo
954 2668 1095 2728 false
1141 2670 1455 2731 diffamavit)
1503 2682 1609 2717 sese
1653 2682 1753 2717 non
1806 2669 1998 2718 iniuria
2052 2668 2343 2728 confossum

192 2756 391 2804 sentiat.

370 2896 411 2942 (Ι
448 2897 531 2944 Be
562 2896 1018 2956 predicatione
1055 2907 1231 2954 quam
1269 2907 1381 2954 eqo
1411 2892 1552 2952 feci
1586 2895 1646 2942 in
1674 2893 2176 2954 Franclcfordia.

336 3007 374 3055 0
420 3010 698 3056 beatissime
735 3012 913 3068 pater,
973 3011 1029 3055 ut
1072 3009 1185 3055 luce
1229 3007 1420 3054 clarius
1464 3007 1633 3054 videat
1675 3009 1919 3055 sanctitas
1965 3011 2052 3056 tua
2098 3007 2339 3056 Ioannem
2355 3025 2398 3058 3⁰

194 3092 438 3139 Reuchlin
467 3094 589 3152 plus
624 3106 750 3152 equo
781 3090 966 3150 favere
1001 3091 1200 3157 Iudeis,
1249 3093 1356 3151 ipse
1402 3092 1452 3138 in
1485 3089 1679 3149 fallaci
1710 3105 1803 3139 sua
1841 3090 2134 3152 defensione
2169 3093 2340 3139 littera

194 3182 234 3226 Q
281 3176 512 3222 columna
568 3177 788 3224 secunda
836 3178 888 3224 in
929 3177 1196 3236 pessimam
1235 3180 1439 3235 partem
1487 3176 1855 3236 interpretatur
1904 3176 2040 3236 quod
2084 3190 2176 3235 eqo
2224 3180 2342 3223 ante

193 3259 425 3319 templum
472 3258 581 3316 (ubi
614 3262 721 3317 ceci
754 3265 802 3307 et
839 3262 931 3307 atii
963 3261 1182 3308 mendici
1201 3260 1476 3318 ‚cantando
1512 3261 1680 3320 sepius
1725 3261 2036 3321 obstrepunt)
2083 3260 2235 3308 verba
2272 3258 2344 3306 ad

188 3342 430 3404 populum
476 3347 656 3389 contra
701 3344 885 3402 Iudeos
929 3345 1205 3392 habuerim.
1286 3343 1393 3400 Oua
1430 3348 1649 3404 propter
1694 3349 1748 3392 ut
1784 3346 1972 3404 paucis
2014 3345 2213 3402 siniam,
2263 3355 2341 3390 me

190 3426 518 3474 christianum
556 3426 797 3475 hominem
834 3429 1004 3476 eodem
1041 3429 1092 3476 in
1128 3430 1239 3476 loco
1264 3428 1471 3486 Iudcum
1510 3442 1644 3488 aqua
1682 3430 1887 3476 tinctum
1924 3428 2132 3487 indiqne
2165 3427 2334 3488 appel·
2350 3439 2394 3474 35

81 3511 330 3574 wiijblans
355 3503 376 3574 Η
405 3510 570 3557 omnia
597 3523 688 3568 que
722 3512 900 3559 ibidem
927 3513 978 3559 in
1014 3526 1090 3559 me
1124 3513 1340 3573 scripsit,
1381 3514 1612 3572 nequiter
1647 3516 1720 3560 est
1753 3513 2000 3560 mentitus.
2076 3510 2190 3559 Non
2222 3524 2336 3571 pre·
2404 3578 2408 3582 ι

193 3593 365 3641 dicavi
397 3605 488 3652 eqo
515 3594 879 3652 pontificaliter
916 3596 978 3642 de
1015 3596 1162 3643 verbo
1200 3597 1284 3643 dei
1316 3600 1363 3643 et
1394 3597 1497 3653 fide
1532 3596 1839 3655 christiana,
1891 3596 1980 3643 sed
2015 3596 2116 3642 tria
2152 3595 2338 3643 solum:

191 3676 375 3734 Iudeos
412 3675 484 3722 ad
516 3675 712 3722 labores
748 3690 811 3722 ne
848 3691 1053 3725 usuram
1091 3680 1403 3738 acciperent,
1457 3683 1503 3725 et
1549 3680 1618 3725 ad
1665 3680 1973 3727 audiendum
2019 3679 2219 3726 verbum
2258 3678 2341 3724 dei

191 3759 570 3820 compellendos,
612 3763 662 3806 et
685 3761 820 3820 quod
840 3760 940 3821 ipsi
972 3761 1125 3808 libros
1159 3774 1273 3809 suos
1299 3763 1541 3822 pessimos
1576 3764 1754 3810 merito
1779 3777 1878 3811 non
1904 3764 2181 3811 retinerent
2204 3765 2273 3810 .et
2288 3774 2333 3809 c.
