2456 4264
1380 270 1402 288 l

244 287 365 348 370
641 311 1031 342 LAuEnmn-mnns
1055 312 1363 343 ossscvnonvu
1386 312 1829 344 REvcnmmsa-Amru
1849 311 1995 344 NovAE.

1272 494 1358 552 10.
1429 551 1431 554 ⁴

955 618 998 664 (Ι
1040 611 1250 669 Sinon
1310 612 1676 669 Ulularius
1747 598 1756 608 ’

973 743 976 745 -
1057 723 1317 772 Plutoni
1349 724 1571 786 Styqio

1196 822 1266 870 .S.
1297 823 1353 870 P.
1383 823 1445 870 D.

648 931 933 981 Occurrunt
968 935 1134 982 animo
1162 935 1420 995 pereundi
1452 936 1585 982 mille
1614 936 1803 995 fiqure,
2405 946 2456 986 δέ

743 1017 871 1079 Spes
907 1018 1039 1066 bona
1075 1019 1291 1066 sollicito
1328 1021 1460 1067 victa
1497 1021 1673 1067 timore
1707 1019 1866 1067 cadit.
2454 1079 2456 1082 .

242 1101 280 1150 Ο
315 1115 434 1161 ceca
479 1105 740 1150 noctntum
786 1103 1030 1150 consilia!
1077 1116 1106 1150 o
1152 1116 1348 1164 semper
1396 1104 1621 1151 timidum
1668 1105 1860 1152 scelus!
1906 1103 2111 1152 Nullum
2162 1104 2241 1162 (ut
2285 1118 2391 1152 sen-

237 1188 331 1247 tio)
378 1188 485 1234 sine
530 1200 714 1246 maqno
752 1191 1129 1235 auctoramento
1165 1192 1236 1235 est
1270 1189 1471 1235 malum.
1551 1186 1590 1235 0
1632 1185 1884 1250 fortuna!
1934 1201 1962 1235 o
1992 1186 2110 1246 fors
2139 1186 2393 1246 fortuna!
2431 1199 2456 1258 (ᾗ

237 1272 437 1331 quantis
473 1271 955 1319 incommoditatibus
991 1276 1040 1319 et
1078 1272 1254 1331 quibus
1289 1273 1554 1320 scandalis
1588 1273 1840 1333 implicati
1873 1286 2040 1329 omnes
2063 1274 2260 1320 sumus!
2300 1272 2397 1329 Qui

236 1356 329 1403 tibi
359 1356 534 1415 servit,
585 1356 714 1403 nulli
738 1354 968 1413 fortasse
1002 1357 1178 1414 servit,
1230 1349 1322 1404 sed
1354 1362 1521 1415 eterne
1559 1357 1642 1415 (ni
1666 1355 1860 1418 fallar)
1897 1357 1995 1405 sibi
2027 1358 2391 1405 maledictionis
2409 1367 2456 1411 ιι

232 1441 554 1501 precipitium
589 1441 753 1488 struit.
829 1440 986 1488 Nemo
1023 1454 1112 1488 nos
1148 1445 1319 1489 nostro
1357 1446 1605 1490 exonerat
1639 1446 1795 1502 metu,
1850 1455 1942 1489 nec
1994 1446 2050 1490 tu
2095 1442 2152 1489 id
2194 1442 2391 1502 quidem
2428 1435 2456 1476 ‘³'

239 1521 351 1584 (qui
368 1521 371 1523 ’
373 1525 617 1585 princeps
652 1537 703 1572 es
738 1525 1058 1572 tenebrarum
1095 1530 1143 1572 et
1170 1523 1501 1574 Obscurorum
1527 1527 1743 1574 omnium
1771 1528 2049 1587 patronus)
2081 1525 2268 1585 facere
2291 1527 2392 1574 ullo

236 1609 382 1655 modo
413 1611 573 1668 potes.
647 1607 710 1656 Si
741 1610 833 1656 tibi
866 1610 1106 1667 machera
1142 1615 1238 1669 est,
1282 1623 1373 1658 nos
1410 1612 1779 1672 quamprimum
1816 1615 1981 1671 tuere,
2032 1615 2176 1671 teque
2212 1612 2262 1658 in
2301 1623 2390 1658 an-

234 1695 399 1752 qelum
446 1694 573 1742 lucis
619 1692 700 1750 (id
742 1693 878 1753 quod
921 1699 967 1741 te
1003 1693 1190 1741 Paulus
1240 1695 1312 1741 ad
1350 1695 1646 1757 Coryntlzios
1690 1693 1873 1752 facere
1916 1697 2111 1743 solitum
2157 1697 2389 1756 testatur)
2439 1748 2442 1753 Δ

122 1778 243 1832 tiiijb
261 1779 546 1837 quantotius
569 1779 897 1837 transsiqura.
928 1773 949 1842 Η
978 1776 1121 1834 Quod
1145 1778 1231 1825 ubi
1258 1776 1466 1837 feceris,
1509 1783 1667 1827 tecum
1705 1781 1778 1827 ad
1799 1778 1996 1838 inferos
2020 1780 2386 1827 descendemus.
2405 1781 2447 1834 13

248 1862 372 1910 Vale
407 1866 462 1909 ut
495 1866 635 1922 potes
671 1866 719 1909 et
754 1863 913 1919 letare
948 1875 1059 1909 cum
1085 1863 1396 1922 Proserpina
1434 1877 1598 1912 uxore
1633 1868 1721 1912 tua
1757 1868 1806 1911 et
1831 1865 2026 1912 Glauca
2063 1869 2241 1912 matre.
2307 1864 2392 1912 Ex
2430 1907 2431 1910 ,

236 1945 581 2006 Noremberqa
619 1945 778 1994 Nonis
813 1960 977 2007 nuper
1013 1945 1400 2007 Septembribus.

860 2265 902 2311 (Ι
946 2257 1300 2315 Henricus
1352 2259 1776 2341 Haversack
2410 2290 2437 2330 44

980 2372 1315 2431 nequitiarum
1351 2373 1644 2420 licenciatus
2401 2376 2445 2419 2·

735 2447 974 2517 ¹*Ioanni
1006 2469 1334 2532 Smoerpot
1360 2473 1745 2533 preceptori
1775 2484 1886 2519 suo

1188 2569 1259 2617 .S.
1288 2570 1344 2617 P.
1373 2569 1436 2618 D.

375 2681 479 2729 Fui
510 2693 675 2742 nuper
711 2680 971 2741 Moquntie
1007 2682 1059 2729 in
1096 2676 1327 2730 consessu
1355 2681 1689 2732 Obscurorum
1725 2684 1964 2743 virorum,
2000 2687 2174 2744 petens
2209 2683 2273 2731 ab
2298 2684 2383 2743 eis,
2406 2707 2434 2755 *ἶ

234 2769 289 2812 ut
324 2779 414 2814 suo
450 2779 527 2813 me
563 2766 676 2814 albo
713 2766 1055 2814 inscriberent.
1132 2766 1321 2824 Quibus
1355 2766 1622 2826 confestim
1660 2768 1995 2816 annuentibus
2044 2767 2221 2828 ovares
2257 2770 2387 2817 enim

233 2863 345 2898 cum
372 2850 590 2910 paribus
618 2849 851 2908 facilime
885 2854 1285 2912 conqreqantur)
1326 2858 1486 2900 artem
1533 2866 1610 2900 me
1645 2854 1800 2913 prius
1844 2852 2191 2900 histrionicam
2237 2862 2456 2909 emer-u}

233 2947 348 2981 cere
383 2934 628 2982 volebant.
714 2935 841 2984 Vino
879 2936 1050 2995 itaque
1086 2940 1325 2984 naturam
1362 2951 1462 2985 non
1490 2950 1682 2998 parum
1720 2937 2022 2997 adiuvante,
2074 2941 2272 2985 tantum
2308 2950 2385 3006 ce·

234 3019 356 3065 teris
396 3016 628 3067 Obscuris
664 3020 715 3067 in
752 3019 849 3067 lzac
886 3024 998 3067 arte
1036 3021 1262 3080 prestiti,
1313 3026 1553 3081 quantum
1602 3023 1746 3076 asino
1790 3035 1978 3083 porcus
2024 3022 2096 3069 ad
2140 3023 2384 3070 edendum
2454 3013 2456 3087 Ξ

234 3103 501 3149 antecellit.
579 3102 904 3165 Quapropter
940 3117 1040 3151 non
1067 3118 1273 3165 possum
1298 3105 1532 3154 liberum
1559 3111 1763 3167 patrem
1802 3106 1970 3166 (quem
2009 3105 2269 3154 Bacchum
2296 3106 2391 3154 alii
2396 3148 2426 3182 Φ

234 3187 519 3246 appellant)
558 3201 658 3235 non
694 3188 926 3248 laudare,
968 3193 1016 3235 et
1053 3190 1105 3236 in
1142 3190 1302 3246 celum
1339 3204 1493 3250 usque
1529 3191 1791 3251 extollere,
1833 3191 1923 3250 qui
1954 3204 2032 3238 me
2067 3192 2274 3249 infinitis
2297 3205 2410 3239 emas

233 3269 418 3316 olutum
454 3272 603 3330 curis,
644 3285 838 3332 semper
860 3273 1010 3330 letum
1047 3286 1151 3320 esse
1186 3275 1291 3321 vult
1325 3279 1373 3321 et
1408 3278 1580 3322 ventre
1617 3258 1897 3323 distentum.
1979 3274 2075 3322 Ubi
2107 3276 2236 3323 enim
2262 3274 2386 3335 quid
2394 3283 2437 3325 io

234 3357 305 3398 est
341 3354 469 3412 vini,
522 3355 664 3402 liaud
706 3369 867 3415 cesso,
919 3370 1172 3417 quousque
1217 3362 1349 3406 totus
1395 3364 1468 3406 est
1510 3360 1752 3419 qurqulio
1790 3372 2055 3420 preqnans
2102 3359 2165 3407 ab
2202 3360 2300 3407 imo
2335 3361 2419 3406 et*

230 3440 380 3483 trans
413 3438 604 3495 qulam.
680 3439 770 3487 Sin
798 3443 1066 3502 paucitas,
1116 3443 1196 3490 vel
1228 3442 1392 3491 lambo
1430 3445 1507 3491 vel
1541 3445 1696 3504 lian,
1738 3444 1856 3492 dum
1894 3443 2024 3491 odor
2057 3456 2227 3504 saqax
2264 3441 2394 3492 olet.‘

234 3519 300 3567 At
335 3532 434 3567 non
473 3519 553 3578 (ut
588 3526 660 3569 est
686 3524 943 3583 plerisque
977 3529 1105 3586 mos)
1153 3528 1206 3574 in
1255 3527 1440 3575 abditis
1475 3533 1523 3575 et
1557 3528 1800 3576 solitariis
1835 3528 1959 3575 locis
1996 3532 2085 3576 aut
2119 3527 2376 3589 specubus,

230 3604 319 3651 sed
355 3617 466 3651 cum
502 3604 640 3652 bonis
676 3608 891 3655 natabus
927 3613 974 3656 et
1009 3611 1265 3658 sodalibus
1301 3616 1349 3658 et
1385 3613 1628 3661 similibus
1674 3613 1785 3660 mei.
1842 3612 1973 3660 *Hoc
2018 3616 2185 3660 tamen
2229 3623 2381 3661 unum
2450 3659 2454 3682 ἶ

232 3700 309 3735 me
343 3688 621 3747 plurimum
667 3692 934 3738 excruciat
976 3697 1025 3739 et
1068 3695 1236 3742 animo
1283 3698 1558 3756 tranquillo
1604 3710 1708 3744 esse
1756 3709 1858 3744 non
1902 3696 2049 3756 sinit,
2101 3697 2237 3757 quod
2282 3692 2456 3749 nisissl

345 3839 362 3863 ⁵
394 3840 510 3881 Ovid.
536 3854 602 3893 ep.
631 3838 754 3890 1031.
843 3841 860 3865 ⁰
889 3842 1003 3881 Ibid.
1029 3842 1179 3893 13‚1·.›4.
1277 3845 1326 3872 7-8
1356 3846 1477 3886 Null.
1502 3845 1599 3898 etc.]
1632 3848 1781 3888 Senec.
1807 3861 1877 3900 ep.
1901 3847 1969 3888 69.
1993 3850 2031 3898 ξ.
2055 3849 2094 3887 4.
2185 3846 2220 3873 ¹4
2248 3849 2376 3890 Paul.

233 3912 294 3951 II.
319 3911 419 3951 Cor.
446 3910 570 3961 ll‚14.
1161 3911 1198 3938 34
1227 3916 1387 3956 natab‘)
1416 3919 1459 3959 2.
1490 3930 1545 3955 an
1575 3917 1789 3957 natibus?
2447 3949 2450 3976 ί

2447 3981 2449 3993 Ι

2446 3995 2449 4028 1

2445 4035 2448 4073 ἲ
