2456 4264
402 926 404 929 ’
458 929 1132 981 REVERENDISSIMIS
1185 935 1256 980 IN
1309 934 1625 982 CHRISTO
1686 936 1939 983 PATRI-

457 1002 567 1055 bus,
611 1001 843 1065 Syluestro
878 1005 1092 1058 Prierati,
1133 1006 1280 1052 Sacrae
1317 1005 1577 1066 Theologiae
1615 1006 1824 1067 Magistro
1862 1022 1934 1054 ce·
2270 1017 2389 1072 (Aib)

457 1073 724 1127 leberrimo,
772 1077 937 1138 sacriq3
981 1077 1230 1138 Apostolici
1278 1077 1454 1124 Pallatii
1499 1077 1711 1138 Magistro
1761 1078 1939 1140 Sacriq3

457 1145 630 1192 ordinis
663 1146 978 1194 Praedicatorfi
1003 1148 1269 1200 ProfeITori‚
1306 1146 1349 1196 ἃ
1390 1162 1472 1209 per
1506 1148 1677 1194 Italiam
1722 1149 1939 1210 haeretice

82 1232 102 1264 5
379 1267 382 1269 ,
456 1217 722 1279 prauitatis,
759 1215 988 1266 &Iacobo
1024 1219 1293 1281 Hogostrat‚
1333 1218 1528 1266 eiusdem
1565 1219 1710 1268 Sacrae
1746 1221 1940 1268 Theolo-

456 1290 546 1350 giae
579 1287 793 1349 Magistro
827 1289 1110 1344 Celeberrio‚
1161 1292 1308 1352 eiusq3
1345 1291 1470 1338 Sacri
1506 1291 1683 1338 Ordinis
1717 1291 1942 1339 Professo-

455 1360 497 1405 ri
530 1357 575 1407 ἀ
600 1372 635 1423 p
664 1359 905 1408 Germania
937 1358 1086 1409 eiusde
1118 1361 1347 1409 haereticae
1392 1363 1632 1423 prauitatis
1662 1363 1941 1425 Inquisitori·

454 1430 555 1483 bus,
591 1430 804 1478 Patribus
839 1433 932 1479 fuis
969 1434 1162 1480 multum
1200 1434 1472 1486 metuendis,
1510 1434 1668 1480 Frater
1692 1435 1840 1482 dictus
1877 1436 1940 1482 la-

455 1503 571 1554 tine,
610 1501 781 1549 λεκτοσ
815 1518 994 1565 graece,
1031 1501 1186 1552 eiusde
1218 1504 1397 1552 Ordinis
1435 1503 1479 1552 ἃ
1514 1505 1759 1554 Facultatis
1796 1507 1941 1554 humi·

58 1585 98 1620 ιο
456 1582 458 1584 ’
909 1574 968 1623 lis
1003 1576 1235 1624 Professor
1271 1576 1488 1624 Salutem.

250 1726 475 1784 Quoniam
510 1746 634 1780 nunc
668 1738 832 1780 nostro
871 1739 1102 1796 tempore,
1151 1749 1243 1796 quo
1282 1735 1540 1796 refrigescit
1576 1735 1788 1783 charitas
1820 1737 2092 1791 multorum,
2141 1739 2278 1786 Reve-

110 1798 367 1848 rendlssimi
403 1802 584 1855 Patres,
630 1811 678 1852 et
715 1804 914 1856 abundat
948 1805 1191 1868 iniquitas,
1241 1805 1384 1853 multa
1419 1807 1649 1868 pullulant
1683 1808 1902 1871 haeretice
1939 1812 2171 1872 pravitatis
2208 1827 2280 1859 se-

112 1870 328 1925 minaria,
375 1872 476 1937 Que
524 1875 632 1922 licet
668 1875 838 1923 Eximia
875 1876 1035 1924 Vestra
1069 1877 1326 1925 Paternitas
1371 1892 1537 1940 magno
1576 1879 1728 1940 favore
1777 1887 1990 1943 satagunt
2021 1889 2082 1928 et
2131 1882 2278 1930 zelant

111 1949 362 2010 extirpare,
409 1959 468 1993 ne
505 1948 677 1995 zizania
712 1962 816 1995 cum
853 1949 1010 1996 tritico
1049 1948 1184 1996 simul
1221 1956 1419 2001 crescat,
1467 1956 1617 1996 tamen
1665 1951 1861 1998 mundus
1908 1958 1979 1999 est
2016 1952 2078 1999 ita
2115 1954 2274 2006 malus,

56 2038 95 2071 ιε,
114 2019 239 2083 quod
272 2031 355 2065 vos
390 2018 438 2064 in
474 2025 633 2066 sancto
671 2033 811 2081 opere
847 2021 938 2066 isto
975 2027 1296 2074 contemnunt,
1335 2027 1472 2083 atque
1508 2024 1638 2083 quasi
1674 2023 1888 2076 irrident,
1928 2030 1973 2071 et
1998 2024 2170 2080 dicunt,
2209 2027 2278 2072 ln-

113 2090 363 2154 quisitores
398 2089 626 2138 haereticae
664 2091 899 2154 pravitatis
936 2105 1019 2139 nec
1057 2092 1313 2145 scientiam,
1351 2107 1435 2140 nec
1471 2094 1652 2140 modum
1681 2109 1817 2141 nosse
1841 2096 2114 2157 inquirendi,
2155 2098 2277 2159 quod

109 2169 183 2211 est
218 2159 521 2210 abominabile
557 2162 718 2209 audiri.
791 2162 895 2210 Ideo
934 2178 1021 2224 ego
1059 2179 1277 2211 accensus
1316 2165 1414 2211 zelo
1451 2166 1679 2218 veritatis,
1719 2173 1903 2214 coactus
1942 2181 2040 2214 sum
2077 2168 2275 2215 scribere

109 2241 253 2282 artem
299 2232 573 2281 et'modum
619 2234 891 2296 inquirendi.
966 2235 1063 2282 Non
1111 2236 1236 2297 quod
1280 2235 1385 2283 volo
1431 2250 1512 2283 vos
1550 2237 1735 2289 docere,
1789 2253 1893 2285 cum
1932 2238 2087 2286 sciatis
2126 2240 2274 2287 omnia

108 2305 272 2354 melius
308 2319 446 2368 quam
481 2317 598 2366 ego,
648 2306 728 2352 sed
775 2313 829 2353 ut
863 2306 1043 2354 videant
1078 2307 1144 2354 illi
1181 2307 1352 2355 indocti
1388 2308 1538 2361 Asini,
1592 2323 1724 2370 quam
1761 2310 1904 2357 multo
1943 2309 2133 2358 meliora
2170 2326 2276 2373 pos·

49 2396 94 2428 το
109 2379 204 2426 sint
225 2376 432 2438 Magistri
468 2379 618 2424 nostri
654 2377 754 2433 alii,
792 2377 1049 2425 Praesertim
1087 2394 1167 2426 vos
1205 2379 1295 2426 duo
1333 2379 1592 2427 Luminaria
1628 2395 1787 2441 magna
1827 2382 1871 2427 in
1899 2381 2062 2428 Ordine
2099 2390 2274 2434 nostro,

108 2460 213 2498 cum
246 2448 427 2496 videant
461 2462 534 2495 me
571 2448 787 2495 humilem
824 2456 871 2496 et
907 2450 1139 2497 minimum
1179 2452 1297 2497 inter
1333 2450 1481 2498 Sacrae
1519 2452 1779 2513 Theologiae
1816 2453 2123 2506 Professores,
2162 2455 2276 2501 hanc

74 2527 251 2569 ‘artem
278 2527 368 2567 tam
392 2519 509 2567 bene
545 2534 707 2573 nosse,
747 2527 799 2567 ut
836 2523 970 2568 etiam
1009 2536 1105 2568 eam
1142 2522 1400 2569 describere
1438 2525 1680 2584 potuerim.
1755 2523 1866 2580 Quia
1904 2525 2149 2572 secundum
2175 2526 2274 2571 Ari·

109 2591 323 2641 stotelem
360 2592 543 2654 signum
580 2593 767 2639 scientis
805 2599 877 2639 est
913 2607 1051 2655 posse
1088 2594 1266 2641 docere.
1340 2594 1443 2640 ldeo
1481 2595 1596 2642 hanc
1634 2601 1776 2642 artem
1815 2610 1838 2642 a
1875 2611 1946 2643 me
1973 2596 2273 2659 compilatam,

106 2665 271 2712 vestris
316 2662 508 2726 pedibus
554 2663 722 2716 offero,
770 2670 815 2710 et
862 2678 1000 2725 rogo,
1050 2667 1087 2712 si
1127 2680 1218 2727 quo
1255 2664 1358 2713 loco
1397 2668 1564 2718 erravi,
1612 2667 1884 2719 emendetis,
1932 2675 1978 2715 et
2015 2670 2059 2715 in
2099 2683 2272 2715 omnem

53 2753 93 2786 τε»
110 2742 277 2783 terram
314 2748 399 2797 per
434 2734 759 2797 impressuram
797 2737 1013 2789 mittatis,
1051 2743 1104 2783 ut
1139 2737 1316 2784 videant
1353 2743 1399 2784 et
1435 2737 1604 2790 sciant,
1644 2739 1855 2799 quoniam
1895 2746 2002 2786 sunt
2036 2741 2153 2801 apud
2191 2755 2274 2786 nos

109 2806 265 2860 multi,
313 2807 391 2868 qui
436 2813 635 2868 possunt
680 2806 901 2854 mirabilia
948 2807 1170 2860 scribere,
1220 2809 1300 2855 sed
1345 2823 1483 2856 causa
1518 2809 1785 2857 humilitatis
1824 2810 1982 2858 volunt
2019 2811 2173 2873 potius
2212 2811 2274 2858 la-

109 2885 220 2926 tere.
292 2878 413 2926 Bene
448 2876 595 2925 valete
631 2879 794 2940 optimi
831 2878 1013 2932 Patres,
1053 2887 1099 2927 et
1136 2893 1208 2926 me
1245 2881 1606 2928 commendatum
1645 2881 1864 2928 habeatis.

733 2988 966 3032 INCIPIT
1006 2989 1363 3033 TRACTATVS
1402 2991 1643 3043 QVIDAM
2291 2993 2366 3048 Aij

107 3049 322 3103 solennis,
358 3049 415 3097 de
451 3056 550 3097 arte
588 3056 635 3097 et
670 3050 805 3098 modo
843 3052 1103 3113 inquirendi
1142 3058 1188 3098 et
1225 3051 1464 3099 damnandi
1489 3052 1761 3106 HaereticOS,
1801 3053 2048 3100 secundum
2085 3069 2278 3101 consue-

49 3121 307 3169 ·'wtudinem
353 3121 566 3170 Romanae
614 3121 784 3174 Curiae,
833 3129 1144 3185 comportatas
1190 3137 1273 3185 per
1320 3124 1543 3185 quendam
1590 3125 1799 3171 eximium
1838 3124 1975 3187 Sacre
2015 3125 2274 3187 Theologiae

110 3193 281 3241 dictum
318 3191 650 3240 Professorem.
723 3190 766 3239 (I
802 3193 1023 3251 Quoniam
1071 3208 1203 3241 omne
1239 3194 1475 3257 multiplex
1513 3195 1823 3243 indistinctum
1860 3198 2115 3245 necessario
2155 3197 2275 3260 parit

106 3264 445 3316 confusionem,
485 3271 532 3311 et
568 3266 740 3311 erroris
775 3272 921 3313 mater
958 3272 1029 3313 est
1065 3266 1363 3328 aequivocatio
1402 3281 1602 3329 semper,
1652 3268 1823 3315 ldcirco
1863 3275 1913 3315 ut
1951 3268 2080 3316 istam
2119 3270 2272 3316 Artem

106 3335 369 3383 distinctius
406 3342 454 3382 et
491 3335 706 3383 subtilius
754 3343 802 3384 et
849 3336 1027 3385 facilius
1071 3338 1246 3400 possim
1294 3338 1556 3391 enucleare,
1603 3338 1705 3387 volo
1760 3339 1901 3402 ipsam
1949 3354 2032 3402 per
2077 3340 2304 3403 Regulas‘

215 3517 234 3544 ⁹
265 3518 385 3571 Quid
421 3516 510 3560 hoc
546 3513 707 3566 λεπτὸς
744 3517 834 3559 sibi
880 3517 1018 3570 velit,
1058 3531 1149 3561 non
1187 3518 1346 3568 video,
1385 3520 1476 3562 nisi
1516 3519 1635 3563 forte
1672 3521 1946 3564 vocabulum
1977 3522 2157 3564 dilectus·
2196 3523 2269 3564 hic

90 3589 329 3645 *Magister
358 3593 515 3632 noster
544 3603 600 3632 ex
631 3590 678 3631 di
706 3592 754 3630 et
784 3588 948 3631 Graeco
977 3591 1109 3632 lectos
1140 3591 1442 3645 compositum
1475 3604 1577 3634 esse
1608 3592 1857 3648 significat,
1888 3598 1940 3636 ut
1972 3609 2010 3636 e.
2035 3608 2100 3648 gr.
2125 3595 2188 3636 10.
2211 3594 2267 3635 de

102 3660 252 3705 Ianua
286 3661 337 3703 in
367 3660 611 3703 Catholico
643 3660 833 3703 ‘Lentos
875 3674 1013 3715 grece
1052 3660 1215 3716 plenus
1251 3661 1324 3705 vel
1365 3663 1602 3717 plenitudo
1641 3663 1798 3707 latine.
1859 3666 1919 3708 Et
1947 3666 2056 3707 hinc
2088 3678 2264 3719 compo-

104 3735 273 3775 nunttu·
300 3732 565 3775 desinentia
594 3732 644 3773 in
674 3731 847 3774 lentus:
879 3736 932 3773 ut
950 3732 1233 3787 vinolentus,
1265 3734 1590 3778 somnolentus.
1651 3736 1737 3778 Est
1768 3738 1888 3779 enim
1919 3735 2078 3791 regula
2100 3735 2266 3777 Omnia

104 3803 292 3847 nomina
323 3804 576 3859 composita
607 3803 730 3859 apud
758 3802 931 3845 latinos
963 3804 1011 3845 in
1041 3803 1194 3847 lentus
1226 3804 1486 3849 desinentia
1517 3811 1624 3850 sunt
1655 3808 1908 3863 composita
1941 3821 1994 3848 ex
2016 3805 2261 3860 proceden-

104 3872 228 3916 tibus
257 3874 558 3926 dictionibus,
601 3878 648 3917 et
684 3873 834 3917 lentos
865 3887 1030 3929 grece,
1068 3879 1120 3917 ut
1150 3876 1462 3920 somnolentus
1495 3893 1522 3920 a
1553 3893 1710 3921 somno
1743 3883 1789 3920 ot
1819 3880 1968 3920 lentos
1999 3879 2149 3931 grccc'
2182 3881 2260 3918 etc.

107 3942 143 3971 ¹⁸
172 3945 277 3990 Exi.
295 3945 423 3988 vert.
444 3947 548 3987 Pat.
574 3948 613 3987 1.
702 3944 740 3973 ²²
770 3945 1021 3988 describrre
1053 3949 1093 3988 1.
1181 3947 1337 4004 Arist-J
1370 3950 1626 4004 Peripatet.
1653 3949 1689 3991 l.
1713 3950 1752 3991 7.
