2456 4264
257 230 376 287 270
841 255 1076 281 EPISTOLAE
1100 253 1403 282 ORSCVRORVM
1426 253 1634 281 VIRORVM
1657 254 1804 282 NOVAE.

256 391 420 447 pterea
459 389 651 446 oportet
690 398 766 430 me
807 381 1035 430 velociter
1072 383 1167 431 ire:
1210 382 1324 430 alias
1365 380 1536 429 vellem
1565 381 1698 429 vobis
1723 382 1840 431 dare
1868 397 2049 446 equum
2075 383 2271 431 meum’.
2333 372 2447 459 Etsi¹1

255 470 322 516 sic
361 467 597 530 dereliqui
625 482 750 515 eum.
790 466 916 515 Ecce
956 481 1088 514 nutc
1125 467 1256 515 scitis
1295 465 1537 530 quomodo
1576 471 1684 514 stat.
1761 473 1809 514 et
1833 467 2004 516 videtis
2030 467 2161 531 quod
2187 466 2267 516 ille
2292 483 2392 516 ma·
2417 488 2456 538 ἐκ

254 555 401 615 gister
450 557 614 599 noster
653 555 724 598 est
762 551 810 598 in
848 565 1020 613 magna
1060 550 1270 605 miseria,
1311 556 1570 614 propterea
1611 551 1887 614 procuretis
1924 551 1968 600 ei
2005 552 2278 614 pecuniam,
2317 550 2390 602 vel
2411 543 2456 615 {c

254 636 406 684 Causa
433 634 558 683 male
584 633 742 683 stabit.
784 631 903 689 Quia
928 640 1221 697 procurator
1242 634 1470 682 Iohannis
1496 633 1736 683 Reuchlin
1756 633 1999 684 Iohannes
2024 650 2118 684 von
2145 635 2234 684 der
2253 633 2392 685 Wick

251 720 364 768 facit
402 719 659 767 maximam
687 717 1010 781 diligentiam,
1053 724 1100 766 et
1138 720 1292 767 currit
1329 725 1376 766 et
1412 720 1637 767 recurrit.
1712 720 1772 768 Et
1808 734 1967 783 nuper
2003 720 2234 783 imposuit
2272 736 2403 785 ques

252 804 361 852 dam
388 804 568 866 scripta
597 809 767 852 contra
795 803 1077 866 Magistrum
1105 810 1326 852 nostrum
1353 802 1598 859 Iacobum,
1626 804 1688 852 ita
1716 802 2000 853 scandalosa
2028 804 2157 867 quod
2185 817 2276 866 ego
2302 806 2456 853 Πιί-’·

252 904 335 937 ror
362 889 489 953 quod
518 889 638 937 deus
663 903 761 936 non
800 893 967 952 aperte
1004 887 1166 951 plagat
1205 903 1331 936 eum.
1405 886 1515 951 Ipse
1554 888 1698 936 etiam
1732 903 1892 952 nuper
1919 889 2206 952 vituperavit
2231 888 2418 952 prefa-
2440 890 2456 943 -Ῐ

250 981 353 1023 tum
392 974 676 1037 Magistrum
714 979 934 1021 nostrum
973 973 1020 1020 in
1061 972 1261 1029 faciem,
1302 972 1493 1021 dicens:
1545 972 1664 1036 ‘Ego
1703 973 1909 1022 efficiam
1948 971 2124 1022 auxilio
2164 973 2390 1030 veritatiS,
2426 999 2453 1016 „

252 1058 380 1124 quod
401 1065 461 1107 'tu
487 1059 710 1107 morieris
737 1059 783 1106 in
823 1057 1051 1106 scandalo
1080 1064 1127 1106 et
1151 1057 1342 1106 miseria
1384 1062 1430 1106 et
1454 1057 1671 1113 tristicia,
1702 1063 1749 1106 et
1773 1057 2016 1107 Iohannes
2042 1056 2280 1106 Reuchlin
2306 1058 2410 1106 tri·
2448 1077 2453 1106 2·

252 1143 522 1209 umphabit.
599 1144 658 1192 Et
684 1158 853 1192 ornnes
880 1141 1117 1203 Theologi
1145 1141 1325 1191 debent
1352 1141 1446 1190 hoc
1473 1142 1654 1199 videre,
1696 1143 1839 1191 etiam
1868 1144 1906 1191 si
1933 1142 2170 1192 deberent
2196 1139 2405 1206 rumpis

252 1230 310 1278 Et
357 1230 426 1277 sic
473 1229 611 1277 video
659 1227 786 1292 quod
838 1227 927 1275 iste
966 1226 1216 1290 predictus
1255 1226 1496 1276 lohannes
1534 1227 1594 1276 de
1632 1225 1770 1276 Wick
1811 1228 2058 1291 pretendit
2096 1241 2201 1276 esse
2240 1227 2393 1276 inimi·
2435 1217 2444 1219 *⁷

253 1331 338 1364 cus
376 1315 594 1362 omnium
632 1311 996 1375 Theologorum
1046 1317 1093 1360 et
1140 1316 1214 1360 est.
1264 1311 1412 1360 homo
1464 1310 1599 1361 valde
1638 1312 1811 1361 audax.
1888 1317 1935 1361 et
1973 1318 2046 1361 est
2082 1313 2143 1360 ita
2181 1316 2413 1361 temera·
2446 1347 2450 1362 2

250 1400 352 1448 rius
401 1404 631 1463 quantum
682 1402 753 1446 est
799 1395 1046 1460 possibile.
1122 1396 1224 1458 Ego
1272 1396 1430 1445 audivi
1478 1412 1503 1445 a
1541 1396 1772 1460 Magistro
1819 1402 1988 1446 nostro
2038 1397 2216 1446 Iacobo
2265 1395 2393 1462 quod

252 1484 396 1532 dixit:
450 1483 564 1532 ‘Nisi
604 1483 772 1530 fuisset
807 1482 921 1538 iste,
973 1496 1063 1544 ego
1102 1480 1381 1530 habuissem
1421 1483 1709 1531 sententiam
1749 1497 1840 1546 pro
1878 1497 1956 1531 me
1996 1483 2155 1531 statim
2196 1482 2394 1545 quanda}
2442 1491 2447 1518 ὲ

251 1569 355 1618 veni
383 1567 620 1616 Romam’.
698 1573 744 1615 et
781 1571 853 1615 est
891 1581 1076 1622 verum,
1117 1567 1227 1630 quia
1267 1567 1409 1615 etiam
1448 1565 1508 1615 ab
1548 1566 1652 1615 aliis
1689 1566 1861 1622 audivi,
1902 1566 2031 1631 quod
2071 1567 2266 1631 quaudo
2292 1566 2387 1616 Ma·
2440 1594 2448 1614 ,-

250 1655 399 1717 gister
438 1652 613 1701 Noster
650 1650 855 1700 Iacobus
902 1651 1114 1714 primum
1164 1652 1290 1699 venit
1336 1651 1395 1699 ad
1442 1651 1711 1700 Romanam
1759 1651 1980 1706 Curiam,
2030 1658 2148 1700 tunc
2197 1651 2286 1701 suit
2333 1653 2395 1701 i=

249 1737 478 1787 terribilis
505 1736 634 1801 quod
662 1751 831 1785 omnes
858 1734 1097 1783 Curtisani
1122 1735 1391 1784 timuerunt
1429 1751 1556 1784 eum.
1632 1736 1690 1784 Et
1727 1735 1891 1785 nullus
1927 1743 2223 1799 procurator
2247 1735 2398 1786 volu'
2440 1716 2456 1778 ’κ

249 1839 355 1872 esse
393 1838 481 1887 pio
521 1821 737 1871 Iohanne
775 1819 1038 1876 Reuchlin,
1089 1821 1201 1883 quia
1238 1820 1509 1869 timuerunt
1549 1819 1691 1869 talem
1731 1822 2016 1883 magistrum
2056 1827 2307 1877 nostr,um
2358 1815 2401 1866 ’.ἒ
2437 1804 2453 1865 .³

248 1906 453 1956 Iacobus
491 1907 550 1956 de
577 1904 949 1968 Questenbeigk
990 1905 1071 1969 qui
1109 1911 1182 1954 est
1220 1905 1342 1953 eiam
1369 1905 1566 1954 Amicus
1591 1904 1847 1962 Reuclilin,
1889 1907 2094 1971 quesivit
2131 1922 2219 1970 per
2245 1912 2399 1963 tota„

247 1991 450 2040 Romam
490 1992 704 2040 invenire
742 2005 893 2039 uuum
932 1996 1330 2053 procuratorem:
1371 1996 1418 2038 et
1455 2004 1552 2038 non
1590 1991 1750 2054 potuit
1783 1991 2029 2051 invenire,
2069 1993 2180 2055 quia
2219 1985 2400 2045 omn*
2451 2005 2456 2051 1

247 2077 472 2125 dixerunt
509 2075 637 2140 quod
675 2073 854 2123 vellent
891 2075 935 2123 ei
972 2075 1020 2122 in
1059 2074 1162 2123 aliis
1201 2073 1523 2138 complacere,
1563 2074 1648 2123 sed
1687 2076 1735 2123 in
1774 2077 1982 2140 negocio
2020 2076 2130 2125 fidei
2169 2073 2449 2128 timere

246 2177 307 2211 ne
334 2161 562 2224 Magister
587 2159 765 2210 Noster
789 2159 995 2209 Iacobus
1020 2161 1294 2223 inquireret
1321 2174 1404 2209 eos
1430 2159 1490 2208 ad
1517 2159 1696 2223 ignem.
1771 2159 1879 2209 Istis
1903 2161 1975 2211 sic
1999 2156 2239 2210 stantibus
2264 2161 2411 2217 veni&
2440 2193 2443 2195 <

245 2246 325 2296 ille
365 2246 535 2295 doctor
577 2243 631 2310 (si
669 2250 742 2294 est
779 2245 970 2310 dignus)
1011 2244 1254 2294 Iohannes
1292 2246 1351 2293 de
1389 2243 1525 2294 Wick
1566 2251 1612 2293 et
1650 2245 1771 2294 dixit
1808 2245 1866 2294 ad
1906 2245 2138 2295 Iacobum
2178 2246 2237 2295 de
2265 2243 2389 2303 Οο”
2435 2237 2438 2240 ’

247 2330 502 2394 stenberg:
556 2330 674 2392 ‘Ego
722 2344 828 2378 sum
869 2335 1067 2393 paratus
1096 2329 1294 2379 efferre
1341 2344 1419 2378 me
1467 2337 1637 2379 contra
1685 2330 1906 2380 furorem
1953 2330 2083 2381 illius
2130 2329 2442 2402 monachi-f

247 2416 384 2465 Tunc
422 2416 650 2479 Magister
688 2420 856 2464 noster
893 2414 1100 2463 Iacobus
1137 2422 1302 2478 aperte
1342 2415 1540 2464 minavit
1577 2415 1620 2463 ei
1669 2414 1861 2465 dicens:
1912 2415 2031 2479 ‘Ego
2078 2415 2188 2465 volo
2227 2417 2320 2465 sac·
2371 2426 2406 2481 543
2430 2398 2447 2465 s

249 2501 377 2565 quod
416 2500 651 2564 penitebit
687 2505 734 2549 te
774 2499 903 2564 quod
946 2514 1159 2564 unquam
1198 2499 1356 2549 dixisti
1407 2514 1559 2548 unum
1606 2499 1811 2550 verbum
1860 2515 1950 2565 pro
1988 2500 2260 2551 Reuchlin’.
2364 2486 2430 2557 'J'

248 2586 408 2635 audivi
447 2585 506 2634 ab
547 2599 633 2634 ore
673 2586 779 2634 eius
816 2590 934 2634 tunc
971 2585 1228 2648 temporis
1246 2585 1376 2648 quod
1417 2584 1561 2641 dixit,
1611 2582 1817 2642 Quando
1855 2584 2062 2636 haberet
2099 2580 2373 2636 sententia

248 2676 412 2719 contra
452 2669 717 2727 Reuchlin‚
757 2675 875 2719 tunc
913 2671 1072 2719 statim
1113 2668 1253 2719 vellet
1290 2669 1425 2718 illum
1463 2669 1716 2720 doctorem
1755 2670 1815 2719 de
1857 2669 1994 2720 Wick
2031 2672 2182 2721 citare
2222 2676 2269 2720 et
2305 2663 2413 2720 de

249 2754 433 2803 clarare
494 2770 602 2803 eum
660 2755 955 2819 hereticum:
1013 2756 1123 2819 quia
1180 2770 1239 2803 ex
1295 2754 1455 2804 verbis
1510 2756 1616 2805 eius
1672 2754 1867 2819 collegit
1921 2755 2109 2820 aliquos
2161 2742 2409 2820 arucutnc·

247 2838 546 2888 hereticales.
591 2838 721 2901 ⁴Sed
771 2854 900 2888 nunc
947 2846 1020 2888 est
1067 2838 1210 2888 aliud.
1285 2839 1344 2888 Et
1392 2840 1603 2890 credatis
1650 2839 1771 2889 mihi
1815 2841 1944 2905 quod
1994 2855 2094 2890 non
2132 2840 2259 2890 bene
2297 2854 2320 2889 s

248 2925 530 2987 negocium.
571 2926 683 2988 quia
721 2939 853 2973 nunc
891 2939 1086 2988 semper
1124 2931 1238 2974 sunt
1272 2941 1312 2973 x
1350 2925 1565 2975 fautores
1602 2925 1832 2975 lobannis
1868 2924 2135 2983 Reuchlin,
2174 2925 2258 2975 ubi
2294 2892 2410 2995 ηοᾷ

249 3014 322 3058 est
358 3024 483 3057 unus
510 3008 891 3072 Theologorum.
968 3015 1016 3059 et
1053 3010 1247 3074 quando
1286 3010 1376 3059 luit
1412 3015 1522 3074 post
1558 3010 1858 3075 disputatum
1896 3026 1922 3059 a
1961 3009 2222 3075 Theologis
2262 3014 2395 3075 votq

253 3099 371 3149 tum,
411 3100 527 3142 tunc
565 3094 765 3142 suerunt
790 3105 938 3142 xvul
967 3096 1049 3158 qui
1086 3101 1374 3143 votaverunt
1410 3110 1500 3158 pro
1526 3094 1767 3144 Reuchlin
1805 3102 1853 3145 et
1889 3095 2048 3145 solum
2086 3101 2272 3159 septem

251 3176 527 3238 TheologiS.
602 3178 662 3226 Et
710 3179 769 3228 ad
818 3179 915 3228 huc
961 3179 1032 3227 illi
1080 3185 1265 3244 septem
1306 3168 1412 3228 ‘non
1465 3179 1693 3228 dixerunt
1739 3180 1870 3244 quod
1920 3179 2122 3230 deberet
2169 3179 2343 3229 combu

251 3260 512 3323 Speculum
552 3261 783 3321 Oculare,
835 3265 919 3314 sed
967 3264 1296 3313 limitaverunt
1345 3263 1490 3313 verba
1529 3279 1631 3313 sua.
1706 3264 1836 3328 Ergo
1875 3278 1973 3314 non
2012 3263 2169 3314 habeo
2206 3251 2432 3318 boum-³⁵

249 3347 557 3407 sperantiam.
636 3347 728 3396 Vos
775 3348 966 3398 debetis,
1010 3350 1169 3397 omnia
1222 3349 1383 3398 facere
1434 3365 1525 3413 que
1573 3350 1776 3413 potestis
1829 3349 1960 3413 quod
2015 3350 2252 3398 moriatur
2305 3345 2384 3407 ille

361 3514 374 3540 ⁸
407 3516 557 3555 Ioanis
589 3516 726 3555 Rene.
751 3518 910 3557 Ioanes
942 3531 1028 3558 von
1061 3519 1140 3558 der
1171 3520 1287 3571 wicg
1318 3523 1358 3559 5.
1466 3519 1481 3541 ²'‘
1514 3533 1536 3558 e
1570 3522 1611 3559 4.
1643 3533 1667 3573 e
1699 3524 1739 3560 5.
1846 3519 1862 3543 ‘³
1892 3519 1952 3559 Μ.
1971 3521 2018 3585 .4
2115 3518 2132 3543 ⁷
2165 3533 2188 3558 e
2219 3520 2258 3560 4.
2289 3530 2314 3570 q
2343 3517 2381 3559 5.

249 3585 297 3610 ⁷·⁸
327 3584 386 3625 M.
411 3587 451 3624 4.
558 3584 574 3608 ⁹
606 3586 806 3626 tristitia.
831 3598 846 3628 2
869 3588 996 3628 Ioan.
1019 3589 1160 3628 Reuc.
1183 3593 1224 3629 5.
1331 3590 1395 3630 Io.
1420 3591 1456 3630 4.
1546 3588 1577 3615 ¹¹
1609 3590 1738 3631 Ioan.
1762 3594 1802 3630 5.
1892 3602 1916 3629 c
1948 3590 1988 3629 4.
2020 3602 2046 3642 q
2077 3592 2119 3629 5.
2211 3586 2292 3613 ¹5⁴⁶
2320 3586 2378 3626 M.

248 3656 303 3695 N.
327 3657 417 3696 4.5.
507 3654 540 3679 ¹7
571 3655 703 3695 Iosme
736 3660 775 3696 5.
867 3655 898 3681 ¹⁹
931 3658 1276 3706 Questenberck
1307 3662 1346 3699 5.
1455 3672 1478 3698 e
1512 3662 1552 3699 4.
1586 3674 1610 3713 e
1642 3664 1684 3702 5.
1777 3657 1810 3684 ²¹
1843 3660 2027 3712 negotio
2058 3663 2099 3702 5.
2185 3657 2221 3684 ²²
2250 3654 2380 3699 M.N.

249 3729 341 3766 45.
447 3724 482 3750 ²³
513 3727 575 3766 Io.
602 3728 640 3764 4.
653 3729 692 3765 5.
802 3727 857 3765 de
888 3727 1006 3779 wicg
1038 3732 1077 3766 5.
1195 3730 1318 3770 Iaco.
1344 3731 1384 3767 4.
1403 3732 1444 3768 5.
1552 3729 1879 3782 Questenberg.
1912 3732 1953 3769 4.
2061 3727 2096 3753 ²⁸
2130 3732 2311 3779 contrra
2339 3726 2378 3766 1.

246 3795 282 3822 ²5
312 3797 404 3838 Ma.
426 3809 497 3836 no.
523 3798 563 3835 4.
577 3800 615 3836 5.
733 3797 826 3835 Iac.
851 3798 890 3835 4.
1009 3798 1131 3836 laco.
1156 3802 1195 3836 5.
1311 3797 1346 3823 ²8
1377 3799 1494 3850 wieg
1526 3803 1566 3841 5.
1681 3797 1718 3824 ²⁹
1749 3813 1771 3840 e
1805 3802 1846 3839 4.
1878 3813 1903 3852 ‘2
1935 3803 1977 3839 5.
2093 3798 2129 3823 ³⁰
2161 3812 2183 3838 c
2216 3802 2254 3838 4.
2286 3810 2311 3850 e
2333 3782 2378 3836 ⁴⁸5.

247 3866 278 3892 3¹
312 3867 544 3920 negotium
577 3871 615 3907 5.
707 3880 762 3906 .x.
787 3871 826 3909 5.
916 3868 981 3906 Io.
1006 3869 1096 3906 4.5.
1186 3866 1220 3890 3³
1253 3880 1404 3907 ,xvl11.
1429 3872 1467 3908 5.
1557 3868 1593 3893 3⁴¹
1626 3870 1772 3910 adhuc
1804 3874 1844 3910 5.
2364 3859 2369 3864 ⁵
