2456 4264
226 290 369 322 BBGIS
388 289 608 320 FBAHCIAE
629 291 687 318 ET
709 289 886 319 KABOLI
908 290 1094 320 HISPAN.
1117 290 1258 320 REGIS
1279 290 1342 319 An
1365 291 1557 322 SVMMVM
1579 292 1869 322 PONTIFICEM
1890 295 2118 325 LITTERAE.
2156 271 2275 330 149

367 420 411 468 (t
446 419 692 480 Littere
728 422 920 483 Reqis
954 423 1235 480 Francie
1283 423 1365 470 ad
1399 421 1703 472 Summum
1743 423 2022 485 pontifi—

365 519 492 556 cem
526 504 759 557 eontra
794 507 1002 556 libros
1025 507 1294 555 Ioannis
1317 507 1628 557 ,Reuclzlin
1665 523 1789 570 quos
1822 513 2022 572 suppri-

913 592 1120 640 mendos
1156 605 1263 640 esse
1297 597 1479 641 censet.

252 703 295 752 t
332 703 632 753 Beatissime
658 710 839 766 pater,
891 705 1231 754 intelleximus
1278 707 1329 754 in
1357 708 1736 767 presentiarum
1784 709 1921 768 quod
1962 714 2034 758 est
2072 711 2276 771 quidam

26 795 280 848 ,catus
302 803 576 852 processus
611 790 890 838 laudabilis
928 791 981 838 in
1017 791 1166 839 curia
1191 790 1427 839 Romana
1453 793 1587 839 inter
1612 793 1987 849 universitatem
2016 794 2274 843 Colonien-

109 881 213 927 sem
246 880 296 924 et
331 875 574 936 quosdam
612 876 703 935 qui
738 874 983 934 fecerunt
1027 879 1077 923 et
1121 879 1511 937 composuerunt
1554 881 1719 924 certos
1765 877 1923 926 libros
1969 881 2277 927 continentes

85 961 354 1026 plurimos
399 973 602 1008 errores
647 964 697 1008 et
730 960 929 1019 hereses
974 964 1160 1009 contra
1208 964 1436 1008 nostram
1481 965 1712 1008 sanctam
1763 962 1917 1019 fidem
1972 963 2275 1012 catholicam

114 1044 244 1106 Quos
278 1048 522 1106 tanquam
561 1045 802 1094 obstinati
833 1050 880 1093 et
912 1045 1013 1104 filii
1045 1045 1331 1106 iniquitatis
1367 1043 1650 1103 defendere
1672 1046 1866 1106 volunt,
1910 1046 2024 1095 Non
2051 1047 2278 1096 obstante

110 1129 249 1195 quod
278 1131 380 1179 sint
412 1130 741 1179 condemnati
763 1143 867 1192 per
904 1130 1138 1178 doctores
1174 1131 1228 1178 in
1266 1129 1518 1190 theoloqia
1549 1134 1598 1178 et
1625 1143 1727 1191 per
1763 1131 2085 1192 inquisitores
2110 1138 2276 1193 nostre

0 1240 4 1265 ς
15 1215 235 1277 ‘tenaci
264 1214 514 1273 catholice
551 1218 655 1263 tam
681 1215 735 1263 in
760 1215 900 1264 dicta
938 1215 1268 1263 universitate
1295 1213 1583 1263 Coloniensi
1615 1228 1766 1275 quam
1806 1217 1857 1264 in
1886 1217 2124 1278 pluribus
2161 1219 2277 1266 aliis

111 1297 518 1352 :universitatibus
542 1298 776 1358 Almanie
812 1305 860 1348 et
895 1301 1047 1348 etiam
1085 1300 1137 1347 in
1175 1302 1352 1348 nostra
1390 1299 1718 1348 universitate
1757 1300 2125 1364 Parrbysiensi.
2189 1302 2274 1350 In-

108 1375 264 1450 super
297 1389 346 1434 et
378 1385 611 1435 scivimus
647 1385 787 1446 quod
820 1385 912 1446 qui
938 1383 1047 1444 fuit
1069 1385 1186 1434 Rex
1223 1388 1395 1433 noster
1426 1383 1754 1433 charissimus
1790 1386 2020 1435 dominus
2044 1391 2093 1435 et
2118 1391 2276 1448 pater

110 1469 254 1534 quem
289 1468 412 1520 deus
433 1471 596 1520 salvet
617 1471 682 1519 de
704 1471 782 1519 lzis
806 1471 1032 1519 avisatus
1057 1469 1276 1518 antebac
1300 1469 1562 1532 scripserit
1597 1470 1770 1529 Vestre
1794 1469 2072 1520 Sanctitati
2094 1472 2156 1520 de
2181 1474 2276 1521 ista

109 1556 324 1607 maten’a
359 1555 434 1605 ad
467 1556 772 1605 obviandum
808 1556 910 1604 illis
936 1554 1016 1602 Ea
1042 1559 1263 1618 propter
1286 1559 1336 1603 et
1361 1556 1482 1616 quia
1508 1568 1600 1603 nos
1624 1555 1968 1626 desideramus
1992 1558 2130 1618 quod
2151 1559 2278 1606 tales

54 1653 98 1699 ἰι
110 1654 313 1692 errores
346 1641 450 1691 sint
485 1642 712 1690 totaliter
748 1646 797 1689 et
828 1644 1066 1703 prompte
1102 1641 1318 1690 extincti
1351 1644 1400 1688 et
1445 1640 1626 1689 aboliti
1649 1645 1870 1703 propter
1895 1622 2137 1704 pericula
2185 1657 2278 1705 que

99 1727 331 1791 poterint
363 1727 717 1788 supervenire,
763 1725 865 1776 Nos
889 1727 1233 1788 supplicamus
1268 1727 1500 1775 Vestram
1525 1725 1856 1775 Sanctitatem
1882 1731 2076 1777 tantum
2101 1732 2150 1776 et
2175 1732 2277 1776 tam

18 1848 41 1876 φ.
109 1811 528 1876 affectuosissime
560 1812 693 1860 sicut
718 1825 988 1874 possumus
1012 1816 1069 1860 ut
1091 1811 1189 1859 sibi
1204 1811 1414 1872 placeat
1437 1823 1625 1873 capere
1649 1812 1802 1882 istam,
1820 1814 2087 1862 materiam
2112 1814 2274 1874 cordi,

109 1896 182 1948 Et
214 1901 272 1947 ut
307 1897 461 1947 donet
496 1898 866 1946 ordinationem
904 1901 952 1944 et
982 1897 1324 1958 provisionem
1361 1895 1512 1943 talem
1551 1897 1718 1957 qualis
1764 1898 2046 1958 requiritur
2091 1899 2145 1946 in
2185 1899 2278 1946 isto

19 1992 31 2043 2
108 1995 234 2032 casu
268 1981 502 2030 habendo
538 1987 817 2043 respectum
855 1982 927 2030 ad
959 1982 1234 2030 sententias
1271 1989 1319 2030 et
1353 1982 1797 2030 condemnationes
1822 1983 1972 2030 datas
1987 1995 2090 2044 per
2116 1983 2279 2031 dictas

18 2065 98 2138 [20
113 2067 470 2118 universitates
494 2066 727 2125 Almanie
763 2071 812 2114 et
844 2079 940 2128 per
976 2070 1203 2115 nostram
1230 2067 1419 2116 dictam
1458 2067 1832 2115 universitatem
1859 2067 2277 2130 Parrbysiensem

19 2139 33 2238 ἓ
110 2153 183 2202 Et
214 2158 272 2203 ut
307 2152 616 2202 commendet
651 2157 700 2200 et
737 2151 938 2200 ordinet
958 2153 1078 2211 fieri
1099 2152 1280 2200 bonam
1317 2156 1366 2200 et
1400 2151 1596 2200 brevem
1632 2152 2010 2213 expeditionem
2049 2153 2102 2200 in
2140 2153 2277 2201 dicto

21 2240 30 2287 τ’
100 2250 363 2302 processu.
439 2237 510 2286 Et
543 2242 713 2286 vestra
737 2237 1052 2286 sanctissima
1077 2235 1336 2285 Sanctitas
1372 2237 1512 2285 ultra
1549 2236 1645 2285 lzoc
1683 2237 1820 2297 quod
1848 2236 2016 2296 faciet
2051 2249 2156 2285 rem
2184 2238 2277 2285 deo

22 2389 23 2393 Ἰ
110 2322 512 2386 acceptissimam
550 2321 691 2370 nobis
727 2323 879 2370 etiam
912 2319 1080 2380 faciet
1125 2322 1581 2382 sinqularissimam
1624 2322 1852 2382 qratiam
1901 2326 1948 2369 et
1992 2322 2276 2383 beneplaci-

22 2425 30 2453 ι
110 2413 214 2459 tum
263 2407 339 2457 sic
384 2402 654 2467 faciendo.
735 2406 894 2465 Quam
942 2420 1223 2469 precamur
1271 2404 1603 2455 Sanctitatem
1659 2407 1712 2454 in
1768 2411 1911 2455 tanto
1964 2407 2279 2455 sanctissimo

54 2514 100 2550 25
103 2498 262 2557 patre
296 2493 421 2542 deus
444 2505 598 2554 quam
635 2492 786 2553 lonqe
822 2492 938 2541 velit
963 2505 1272 2553 preservare
1307 2504 1464 2539 manu
1501 2497 1671 2540 tenere
1707 2496 1754 2539 et
1791 2492 2048 2540 custodire
2073 2492 2124 2539 in
2151 2491 2280 2540 bono

22 2631 35 2638 ⁸
111 2579 357 2641 reqimine
390 2581 441 2627 et
473 2577 844 2640 qubernatione
879 2578 1088 2636 ecclesie
1123 2581 1298 2636 sancte
1334 2590 1438 2635 sue.

5 1743 26 1795 ’.Η-ι·
2 1218 43 1730 w‘3wW—ff-va—n·
1 975 43 1216 ῥῆξις-αφ’»-
12 734 34 974 ,κο-,Πικ-
12 703 23 719 =
11 601 30 691 ³·an
0 471 29 590 :sm-‘hu
15 363 22 379 ,v
21 267 35 272 2
12 181 16 186 ·
10 141 17 150 ·
8 0 45 131 νῶν-Ἴ

251 2733 298 2783 1
332 2734 478 2784 Fecit
524 2735 741 2798 idipsum
787 2734 1155 2783 illustrissimus
1202 2745 1266 2782 ac
1303 2733 1657 2782 invictissimus
1685 2733 1932 2794 princeps
1968 2737 2016 2780 et
2054 2733 2284 2781 dominus

114 2821 345 2871 dominus
402 2820 684 2870 Karolus
739 2819 876 2869 Rex
931 2820 1400 2881 Hispaniarum
1456 2818 1749 2878 Arraqonie
1788 2822 1855 2866 ‚et
1879 2831 1924 2866 c.
2013 2816 2283 2866 Archidux

115 2905 318 2965 Austrie
354 2905 465 2955 dux
504 2905 807 2966 Burqundie
843 2908 892 2953 et
930 2905 1213 2964 Brabantie
1248 2904 1646 2966 qratiosissimus
1683 2908 1854 2952 noster
1890 2903 2146 2962 dominus,
2199 2904 2288 2963 qui

58 2992 172 3040 ”in
206 3004 301 3041 sua
338 2991 683 3041 adolescentia
722 2991 1062 3052 (omnipotens
1100 2991 1222 3039 deus
1258 3003 1368 3038 eum
1406 2991 1691 3049 conservet)
1732 2993 1835 3036 tam
1874 2988 2089 3037 viriliter
2124 2991 2285 3035 motus

115 3076 196 3125 ad
227 3088 519 3126 summum
556 3074 944 3138 pontificem
991 3076 1151 3125 libros
1187 3074 1438 3125 Reuclilin
1476 3074 1848 3122 examinandos
1885 3077 1933 3121 et
1968 3073 2282 3134 supprimen-

115 3160 208 3211 dos
239 3162 531 3224 scripsit.
607 3157 629 3227 ΙΙ

255 3315 299 3364 «t
344 3317 644 3366 Beatissime
681 3323 840 3379 pater
888 3317 1271 3365 Clementissime
1316 3317 1537 3374 domine,
1589 3319 1710 3376 post
1764 3319 1941 3376 optata
1989 3319 2278 3362 sanctorum
2300 3326 2385 3380 giij

33 3426 66 3479 ᾖ,
108 3402 297 3463 pedum
333 3403 521 3452 oscula.
600 3403 722 3452 Cum
759 3403 943 3451 divinis
980 3407 1155 3451 nostra
1194 3399 1528 3461 anteferimus
1563 3400 1843 3460 maiorique
1889 3412 2038 3459 quam
2076 3400 2167 3446 illa
2205 3396 2285 3456 as-

116 3483 262 3546 sectu
284 3500 512 3548 curaque
528 3488 904 3549 prosequimur,
946 3492 1093 3535 vocat
1129 3488 1360 3535 dominus
1395 3498 1549 3547 super
1586 3497 1743 3546 opera
1780 3490 1956 3533 nostra
1991 3485 2280 3542 siccitatem,

33 3623 39 3643 ‚
117 3576 181 3622 ut
208 3572 368 3622 multa
403 3585 518 3621 cum
553 3572 987 3631 seminaverimus,
1027 3584 1198 3633 pauca
1227 3571 1599 3634 percipiamu8‚
1644 3569 1790 3619 Cibus
1827 3582 1930 3618 non
1967 3570 2127 3627 satiet,
2171 3580 2285 3628 ope-

33 3638 64 3772 f
116 3657 333 3706 rimenta
368 3670 471 3706 non
507 3655 841 3717 calefaciant.
916 3657 984 3706 Id
1017 3657 1156 3718 quod
1190 3656 1363 3716 Iudeis
1398 3657 1620 3705 evenisse
1655 3668 1721 3703 ex
1749 3654 2067 3716 propheticis
2105 3666 2283 3701 oracu-

40 3798 72 3866 ξ’
228 3796 243 3825 ¹
275 3797 386 3840 Item
405 3798 563 3839 Latine
584 3802 707 3839 extat
730 3800 771 3838 in
792 3797 814 3841 b
834 3814 892 3835 :z
911 3797 1260 3851 Beschyrmung
1282 3795 1363 3839 fol.
1386 3794 1502 3849 tlijb.
1564 3794 1581 3820 ⁵
1612 3793 1754 3848 laud.]
1778 3793 1976 3848 prudens
1997 3793 2032 3835 b.
2096 3790 2129 3817 ¹³
2150 3787 2282 3841 sulm]

50 3866 65 3905 ἓ
121 3866 327 3911 absoluat
346 3869 385 3912 b.
443 3866 482 3895 ²⁰
511 3867 715 3923 parisiefi
739 3867 777 3912 b.
834 3866 872 3894 ²²
902 3868 962 3909 Et
983 3868 1038 3910 V.
1063 3868 1168 3910 rota.
1194 3867 1239 3911 S.
1262 3867 1384 3910 vltra
1415 3869 1456 3908 1.
1480 3873 1521 3908 et
1541 3866 1580 3910 b.
1640 3863 1677 3891 ²⁴
1710 3861 2036 3916 Sanctitatem]
2071 3863 2114 3902 S.
2142 3864 2224 3900 Lat
2248 3860 2281 3901 b.

121 3934 159 3964 ⁸⁸
188 3939 298 3981 Item
326 3941 371 3981 in
399 3939 665 3994 Beschyrm.
691 3939 770 3982 sol.
796 3938 907 3993 aiij.
