2456 4264
612 278 718 307 von.
742 277 776 306 1.
799 277 998 308 arrum).
1058 274 1115 310 46.
1139 266 1211 323 [5.]
1239 280 1435 310 10Amus
1458 282 1745 314 comunem.
2190 266 2262 323 71

7 471 11 474 .
84 394 610 477 ³''aenpedivemnt
657 424 770 459 eum
815 408 882 458 ita
927 407 1130 460 realiter
1176 410 1305 459 sicut
1353 425 1482 460 unus
1518 411 1568 460 in
1607 417 1803 462 centum
1842 416 1983 464 annis
2021 418 2273 481 expeditus

126 469 164 563 f
183 507 211 559 '1
222 514 231 526 ·
263 494 329 550 Et
361 507 494 544 unus
530 494 804 557 expectavit
841 508 952 543 eum
992 498 1106 543 ante
1141 493 1404 545 lectorium
1444 500 1492 545 et
1529 496 1741 547 detraxit
1777 514 1921 548 suum
1959 499 2183 551 baretum
2212 503 2272 552 al)

6 550 22 671 Ξ
140 578 361 647 ⁵1(st
395 592 499 639 non
535 583 743 643 propter
780 578 1052 635 honorem,
1104 579 1191 629 sed
1230 581 1358 630 sicut
1395 580 1621 631 fecerunt
1657 582 1793 647 ludei
1831 585 2026 649 quando
2066 602 2273 637 corona-

0 673 21 732 3
319 662 570 716 Christum
610 668 659 713 et
695 662 965 713 flectebant
1002 664 1179 731 genua)
1221 670 1269 715 et
1306 666 1451 715 dixit:
1494 666 1716 728 ‘Domine
1756 668 1955 727 doctor,
2006 686 2119 720 cum
2158 687 2272 737 sup-

111 742 139 762 ”’”
264 764 399 806 -one,
438 747 870 799 Deusbenedicat
907 747 1045 798 vobis
1082 748 1348 800 balneum’.
1423 750 1575 801 Tunc*
1602 753 1707 816 ipse
1746 753 1888 803 dixit:
1931 755 2047 805 ‘Deo
2074 757 2272 820 gratiaS,

267 831 695 890 oBaccalaurie’,
737 841 786 884 et
822 848 921 882 non
963 833 1085 893 dixit
1122 835 1335 900 amplius
1374 841 1422 885 et
1448 835 1621 886 abivit.
1660 852 1790 887 unus
1817 838 1938 888 dixit
1963 841 2097 898 mihi,
2139 841 2270 906 quod

188 906 207 913 ²
273 923 662 971 mussteterunt
698 917 795 969 sibi
841 918 1043 984 plenum
1093 935 1245 985 aqua,
1295 926 1344 970 et
1391 921 1603 970 credidit
1650 922 1782 986 quod
1831 922 2040 986 ploravit
2087 931 2272 989 postea.

188 1004 397 1075 quando
434 1018 528 1069 ego
565 1004 729 1054 audivi
763 1003 888 1054 tales
928 1005 1234 1062 vexationes,
1282 1011 1400 1055 tunc
1448 1003 1605 1054 doluit
1641 1006 1762 1056 mihi
1808 1009 1858 1056 in
1907 1015 2101 1065 venue,
2152 1015 2199 1058 et
2237 1011 2277 1058 si

198 1091 481 1146 scivissem
519 1089 630 1154 quis
667 1088 753 1139 ille
790 1088 1009 1139 leccator
1048 1089 1244 1149 fuisset,
1297 1103 1388 1153 ego
1427 1091 1783 1155 percussissem
1822 1108 1902 1142 me
1942 1108 2054 1143 cum
2094 1109 2177 1150 eo,
2230 1101 2278 1143 et

11 1158 21 1202 ⁴*
87 1171 186 1192 ”2
217 1175 426 1229 ohoeent
459 1174 581 1225 mihi
618 1181 769 1240 caput
807 1189 920 1224 cum
959 1188 1056 1224 una
1096 1174 1194 1224 dila
1232 1174 1411 1225 abinde
1449 1177 1670 1226 trusisse.
1747 1176 1844 1226 Sed
1884 1178 1990 1242 ipse
2017 1178 2167 1228 habet
2191 1179 2274 1228 ad-

418 1258 754 1325 ·discipulum,
793 1258 875 1310 ille
913 1264 986 1310 est
1023 1260 1145 1309 mihi
1181 1275 1312 1310 unus
1351 1260 1527 1311 doctus
1564 1262 1667 1319 vir,
1718 1267 1767 1313 et
1804 1264 1943 1328 quasi
1975 1262 2091 1327 plus
2129 1279 2274 1328 quam

0 1349 16 1371 t
350 1352 401 1397 et.
448 1347 596 1397 etiam
633 1345 772 1410 quasi
809 1343 921 1410 plus
958 1345 1135 1395 doctus
1172 1361 1321 1410 quam
1360 1360 1478 1396 suus
1516 1352 1802 1412 preceptor,
1856 1349 1945 1397 nisi
1993 1349 2123 1413 quod
2172 1350 2275 1413 ipse

95 1422 129 1448 '³
240 1431 421 1498 '‘plsx
457 1429 811 1482 baccalaureus
849 1430 898 1479 in
937 1430 1112 1481 biblia:
1166 1432 1273 1495 ipse
1321 1431 1418 1480 iam
1467 1432 1718 1496 pauculiS,
1769 1434 1922 1482 immo
1969 1435 2277 1498 paucissimis

0 1533 12 1550 ·’
96 1520 99 1522 ’
145 1512 226 1561 Τπ
255 1516 414 1573 wihus
449 1516 701 1582 preteritis
749 1515 990 1566 intimavit
1036 1516 1164 1567 bene
1212 1517 1381 1582 viginti
1429 1519 1710 1582 questiones
1758 1523 1807 1568 et
1854 1518 2180 1583 sophismata,
2231 1524 2280 1568 et

212 1624 298 1652 «m
338 1608 516 1653 contra
551 1601 839 1659 modernoS,
881 1601 1106 1652 videlicet
1142 1602 1318 1652 Utrum
1356 1603 1478 1653 deus
1515 1603 1578 1652 sit
1602 1603 1651 1652 in
1678 1603 2062 1668 predicamento,
2105 1605 2276 1654 Utrum

228 1711 231 1725 ι
269 1689 299 1730 2:
350 1693 402 1738 et
437 1687 693 1738 existentia
730 1687 829 1736 sint
874 1685 1126 1752 distincte,
1180 1688 1358 1738 Utrum
1404 1686 1691 1739 rollationes
1738 1704 1765 1738 a
1817 1704 1906 1738 suo
1957 1689 2276 1738 fundamento

95 1754 138 1770 ⁹
199 1772 459 1839 distincte
510 1778 560 1823 et
604 1773 782 1824 Utrum
831 1771 1003 1823 decem
1052 1773 1419 1838 predicamenta
1473 1775 1570 1823 sint
1619 1773 1821 1824 realiter
1867 1775 2107 1825 distincta.
2183 1774 2278 1824 Hui

185 1883 188 1900 ι
229 1843 643 1926 ‘respondentesl
682 1872 774 1922 ego
812 1871 910 1906 non
950 1857 1048 1907 vidi
1083 1858 1131 1906 in
1174 1860 1268 1908 vita
1306 1874 1414 1908 mea
1451 1857 1562 1922 plus
1597 1860 1957 1925 respondentes
1981 1861 2032 1909 in
2057 1859 2277 1916 lectori0,

101 1967 103 1969 ¹
178 1945 294 2011 ipse
329 1944 477 1995 etiam
514 1942 736 1994 defendit
780 1957 867 1992 sua
906 1943 1035 1992 dicta
1074 1947 1123 1992 et
1159 1944 1393 2008 imposuit
1429 1943 1698 2001 honorem,
1752 1945 1864 2010 quia
1905 1959 2033 1994 unus
2072 1943 2278 2008 simplex

78 2034 341 2094 *rt-*gnta
373 2027 585 2080 haberet
621 2043 735 2078 cum
774 2043 872 2078 uno
910 2028 1280 2078 sufficientiam:
1321 2043 1412 2093 ego
1438 2029 1612 2078 miravi
1639 2043 1793 2093 quare
1821 2030 2045 2079 Decanus
2071 2028 2278 2085 admisit,

102 2127 201 2179 ego
235 2114 388 2166 credo
426 2103 562 2180 quodv
607 2112 702 2163 suit
732 2114 935 2163 insanus
971 2119 1177 2178 propter
1216 2112 1556 2171 CaniculareS,
1607 2115 1717 2179 quia
1757 2120 1833 2165 est
1870 2118 2041 2164 contra
2082 2119 2274 2164 statuta.

201 2199 402 2266 quando
448 2198 713 2265 disputatio
757 2199 876 2254 fuit,
932 2213 991 2248 ex
1030 2203 1151 2248 tunc
1189 2214 1280 2264 ego
1319 2199 1368 2248 in
1416 2198 1611 2248 laudem
1662 2201 1814 2264 ipsius
1860 2200 2149 2251 metrificavi
2197 2197 2277 2248 illa

0 2325 4 2347 ,
75 2285 89 2315 ²
195 2286 329 2341 Νιι
361 2299 425 2336 ex
459 2290 712 2350 tempore,
752 2283 867 2349 quia
906 2299 998 2348 ego
1040 2299 1135 2349 pro
1172 2288 1314 2349 parte
1352 2300 1464 2334 sum
1502 2284 1806 2335 humanista:

611 2368 705 2419 Hic
742 2374 818 2419 est
853 2383 982 2419 unus
1019 2369 1195 2419 doctus
1231 2369 1491 2433 magister,

619 2452 715 2512 Qui
750 2453 991 2504 intimavit
1026 2453 1103 2504 his
1140 2453 1216 2504 vel
1251 2458 1355 2513 ter,

609 2540 685 2590 An
724 2553 833 2590 esse
869 2540 1080 2604 essentie
1455 2604 1458 2605 ⁷

0 2620 5 2628 '
77 2622 214 2694 ’.μιν
271 2675 276 2677 ,
614 2625 953 2690 Distinguatur
990 2624 1053 2675 ab
1093 2640 1201 2675 esse
1240 2626 1516 2691 existenti&

83 2697 118 2705 ..
614 2709 677 2760 Et
713 2710 775 2760 de
811 2709 1196 2768 Rollationibus‚

75 2822 134 2849 ,;
171 2814 243 2844 ,wra-
284 2822 291 2826 -
343 2781 355 2786 ’
618 2794 679 2844 Et
715 2794 777 2845 de
814 2797 1302 2861 predicamentorum
1341 2796 1760 2854 distinctionibuS‚

50 2885 75 2890 ”’
616 2880 679 2931 Et
714 2886 882 2932 utrum
922 2882 1044 2932 deus
1082 2883 1129 2932 in
1169 2883 1482 2932 firmamento

619 2967 693 3018 Sit
729 2967 780 3017 in
819 2966 982 3032 aliquo
1020 2968 1418 3034 predicamento:

615 3051 758 3112 Quod
795 3067 943 3103 nemo
979 3053 1096 3103 fecit
1132 3058 1245 3104 ante
1283 3070 1395 3104 eum

616 3138 713 3188 Per
751 3139 911 3188 omnia
952 3137 1117 3204 secula
1157 3138 1456 3205 seculorum.

155 3251 158 3254 ’
249 3236 348 3290 Sed
384 3237 448 3289 de
482 3236 580 3288 hoc
616 3237 934 3289 sufficienter.
1010 3254 1142 3291 nunc
1181 3240 1242 3290 de
1280 3240 1436 3304 poetis
1474 3237 1583 3287 volo
1622 3236 1803 3302 ahquid
1843 3236 2007 3286 dicere
2049 3234 2121 3286 vel
2162 3236 2280 3285 scri-

93 3378 96 3380 ,
225 3359 263 3382 ,
300 3327 351 3375 et
387 3323 484 3373 sic:
523 3323 610 3373 Est
646 3323 727 3374 hic
765 3339 894 3374 unus
932 3325 1015 3390 qui
1053 3325 1169 3375 facit
1195 3323 1440 3375 Valerium
1469 3323 1747 3382 Maximum,
1786 3322 1871 3371 sed
1911 3322 2014 3386 ipse
2054 3336 2150 3370 uon
2180 3320 2281 3386 pla—

224 3406 346 3460 mihi
381 3409 436 3459 in·
469 3409 629 3459 media
669 3414 810 3475 parte
848 3415 946 3459 tam
998 3409 1128 3461 bene
1177 3411 1307 3460 sicut
1355 3425 1439 3460 vos
1488 3408 1605 3457 mihi
1654 3406 1905 3473 placuistis
1955 3406 2150 3471 quaudo
2200 3422 2282 3453 vos

156 3494 195 3551 J».
231 3505 288 3536 ⁴⁶-
335 3491 536 3559 Colonie
575 3493 822 3544 Valerium
862 3494 1153 3555 Maximum,
1194 3496 1306 3559 quia
1347 3494 1425 3544 ille
1466 3494 1544 3543 hic
1582 3493 1807 3558 procedit
1843 3490 2157 3557 simpliciter,
2201 3507 2281 3539 vos

176 3562 200 3605 '1
228 3600 267 3621 m
317 3578 516 3646 quando
554 3579 741 3644 legistis
779 3578 846 3629 ibi
884 3580 946 3630 de
985 3578 1214 3643 neglecta
1255 3578 1510 3643 religione,
1552 3579 1612 3628 (le
1653 3579 1881 3637 SomniiS‚
1923 3583 1971 3627 et
2009 3577 2069 3626 de
2107 3576 2279 3639 Auspi-

202 3700 221 3724 ,
253 3667 387 3715 etune
435 3663 681 3729 allegastis
730 3679 922 3715 sacram
971 3665 1295 3730 scripturam,
1348 3663 1569 3715 videlicet
1619 3662 1886 3714 Cathenam
1936 3677 2133 3712 auream
2189 3675 2278 3724 que

143 3789 150 3799 .
263 3763 325 3800 ur
362 3748 659 3800 Contionum
699 3749 828 3800 beati
868 3750 1079 3815 Thomq,
1131 3750 1416 3800 Dur-andum
1458 3754 1507 3800 et
1544 3749 1664 3799 alios
1702 3748 1989 3798 sublimatos
2037 3747 2082 3795 in
2120 3744 2277 3793 'l'lieo-

132 3941 144 3948 -
234 3916 270 3946 *ὃ
297 3918 476 3974 Utrum]
510 3920 565 3963 U.
590 3923 632 3962 3.
655 3925 697 3961 et
726 3921 789 3960 sic
820 3921 863 3960 in
892 3934 986 3975 sqq.
1076 3918 1111 3945 ⁸⁴
1145 3919 1426 3961 sufficienter
1457 3931 1576 3958 nunc
1609 3917 1663 3957 «lc
1698 3915 1843 3969 poetis
1874 3913 1988 3955 Volo
2022 3916 2061 3954 3.
