2456 4264
315 314 422 347 VOL.
445 315 479 344 1.
539 310 595 343 22.
620 313 862 343 ΟΕΒΗΔΒΒῙ
885 314 1210 344 SGHIRRUGLH.
1299 310 1355 350 23,
1378 315 1573 344 IOANNIS
1594 317 1888 346 vlcxnm'nn.
2112 294 2189 352 35

15 454 96 500 ter
137 445 303 496 redire
351 444 412 494 ad
451 443 728 502 Coloniam,
787 446 898 509 quia
949 444 1065 507 quid
1116 442 1274 493 debeo
1324 443 1489 493 facere
1537 460 1648 494 cuin
1697 444 1877 494 talibus
1924 445 2194 498 maledictis

15 522 332 585 he‘minihus?
403 528 575 579 Veniat
611 543 747 578 mors
784 543 936 593 super
971 528 1108 586 illos,
1149 534 1197 577 et
1235 528 1535 578 descendant
1573 531 1632 579 ad
1671 531 1920 580 infernum
1963 533 2193 589 viventes,

14 607 278 681 intinquit
311 613 592 671 Psalmista‚
645 615 757 678 quia
806 620 922 664 sunt
973 614 1059 663 filii
1107 612 1304 664 diaboli.
1381 615 1430 664 Si
1478 616 1669 664 videtur
1707 615 1860 674 vobiS,
1899 622 2017 665 tunc
2054 619 2196 682 prius

2 698 134 753 :mlo
169 701 394 765 accipere
432 699 670 762 gradum:
710 700 751 748 si
787 713 904 755 non,
943 704 1063 748 tunc
1101 699 1210 748 volo
1250 699 1387 750 abire
1427 702 1605 750 statim.
1681 700 1813 764 Ergo
1852 701 2039 751 debetis
2079 701 2196 751 mihi

0 780 120 842 mo
160 784 384 836 scribere
431 790 648 834 mentem
697 790 935 840 vestram;
987 784 1259 834 secundum
1309 784 1443 834 illam
1480 784 1591 833 volo
1631 800 1710 834 me
1747 799 1951 848 regere;
1999 793 2046 835 et
2084 803 2196 836 cum

0 871 118 936 &hoc
152 869 446 922 commendo
482 885 569 919 vos
607 869 809 919 domino
849 869 957 920 deo,
1033 869 1216 920 Valete.
1292 870 1363 920 Ex
1403 870 1668 934 Mogiintia.

1061 1106 1149 1166 23.

662 1224 1000 1285 Ioannes
1039 1221 1568 1305 Vickelphius

924 1438 1134 1489 salutem
1174 1439 1293 1488 dicit

646 1537 976 1608 Magistro
1016 1537 1304 1591 Ortvino
1337 1535 1584 1590 <Gn-atio

777 1645 920 1704 poete
960 1645 1010 1690 et
1047 1638 1316 1703 Theologo,
1358 1643 1451 1688 etc.

169 1750 614 1818 Quoniamquidem
654 1753 771 1803 olim
813 1754 972 1803 fuistis
1010 1752 1255 1819 dicipulus
1293 1768 1434 1803 meus
1463 1753 1513 1801 in
1539 1752 1814 1808 Daventria,
1857 1757 1905 1801 et
1931 1766 2022 1815 ego
2051 1754 2207 1802 amavi

9 1847 26 1877 ’-
76 1839 86 1899 j
164 1843 284 1889 tunc
330 1853 418 1888 vos
472 1845 584 1888 ante
633 1854 806 1889 omnes
854 1838 1132 1897 scholareS,
1183 1840 1297 1904 quia
1344 1837 1585 1888 habuistis
1631 1837 1816 1893 bonum
1869 1838 2122 1901 ingenium
2161 1844 2208 1887 et

34 1981 44 1991 .
79 1921 98 1936 ’“
126 1924 188 1975 tis
236 1922 378 1974 valde
426 1923 764 1990 disciplinatus
803 1924 1014 1982 iuveniS,
1064 1929 1369 1990 quapropter
1406 1938 1540 1972 nunc
1580 1925 1724 1973 etiam
1763 1923 1871 1972 volo
1910 1922 2048 1972 vobis
2088 1923 2206 1972 dare

63 2006 285 2059 'nsilium
323 2007 608 2074 ubicunque
644 2024 864 2074 possum.
940 2009 1036 2060 Sed
1075 2024 1161 2058 vos
1199 2007 1387 2058 debetis
1426 2010 1570 2058 etiam
1607 2007 1741 2057 bono
1768 2009 1931 2057 animo
1959 2009 2204 2072 accipere,

0 2124 1 2132 κ
49 2104 57 2165 ἰ
96 2092 140 2144 ia
178 2093 302 2145 deus
339 2100 415 2144 est
451 2100 699 2144 scrutator
738 2095 962 2145 cordium
1001 2100 1050 2145 ει
1074 2095 1165 2144 scit
1191 2094 1325 2160 quod
1352 2108 1444 2157 ego
1470 2092 1649 2158 loquor
1675 2093 1812 2143 vobis
1840 2108 1896 2144 ex
1927 2092 2203 2150 dilectione,

50 2179 57 2184 ’
120 2194 214 2244 pro
261 2178 419 2230 salute
470 2180 631 2243 anime
671 2187 844 2244 vestre.
919 2180 957 2230 F
962 2186 1143 2230 uerunt
1181 2179 1261 2228 hic
1300 2178 1450 2244 aliqui
1489 2178 1805 2230 Colonienses
1845 2181 1929 2245 qui
1969 2179 2202 2229 dixerunt

38 2330 44 2339 ι
97 2263 162 2315 od
198 2263 391 2315 habetis
429 2263 629 2329 Colonie
666 2281 815 2315 unam
855 2264 1116 2316 mulierem
1157 2281 1251 2329 que
1291 2271 1365 2314 est
1401 2279 1517 2329 sepe
1556 2264 1686 2329 apud
1726 2279 1826 2322 voS,
1868 2270 1916 2314 et
1954 2280 2038 2314 vos
2077 2265 2206 2328 apud

26 2402 49 2421 ⁵,
143 2365 217 2410 m,
266 2355 316 2401 et
361 2349 533 2400 dicunt
581 2352 826 2401 veraciter
873 2351 1006 2415 quod
1056 2350 1248 2400 habetis
1296 2355 1459 2399 actum
1510 2365 1622 2399 cuni
1662 2350 1781 2413 ipsa.
1858 2356 1906 2399 ει
1944 2365 2034 2414 ego
2074 2349 2206 2399 dolui

20 2422 171 2572 {alde
206 2450 319 2485 cum
357 2450 537 2501 magno
576 2443 773 2486 terrore
812 2435 1009 2501 quando
1049 2435 1236 2493 audivi,
1277 2436 1391 2500 quia
1431 2440 1506 2484 est
1542 2448 1777 2497 magnum
1826 2434 2127 2492 scandalum,
2168 2435 2207 2483 si

60 2534 203 2572 crum
241 2526 340 2580 est,
388 2521 500 2586 quia
551 2522 667 2570 estis
715 2521 1009 2586 graduatuS,
1060 2527 1108 2571 et
1145 2535 1237 2585 pro
1278 2526 1502 2585 tempore
1540 2520 1814 2570 ascendetis
1853 2521 1999 2569 etiam
2039 2520 2098 2569 ad
2139 2519 2206 2569 al-

24 2588 184 2664 effora,
219 2603 408 2657 scilicet
443 2605 504 2656 ad
542 2606 747 2670 gradus
764 2608 814 2656 in
852 2622 993 2656 sacra
1031 2605 1330 2670 Theologia:
1370 2611 1419 2656 et
1456 2605 1654 2670 quando
1692 2603 1803 2654 talia
1843 2606 2109 2655 audiuntur
2148 2606 2208 2655 de

24 2676 194 2749 ‘tobim
230 2695 349 2742 tunc
385 2691 506 2742 dant
541 2691 723 2742 malum
764 2690 1046 2757 exemplum
1086 2690 1394 2750 iunioribus,
1435 2691 1519 2756 qui
1545 2692 1833 2757 peior·antui
1862 2691 2053 2740 exinde.
2112 2690 2209 2738 Vos

0 2777 203 2834 viamen
238 2774 367 2827 bene
414 2775 602 2841 legistis
649 2777 696 2826 in
736 2776 1112 2828 Ecclesiastico:
1154 2778 1382 2842 ‘Propter
1428 2778 1645 2842 speciem
1684 2775 1908 2827 mulieris
1946 2774 2085 2825 multi
2122 2791 2205 2841 pe-

29 2844 248 3007 ξενική,
289 2867 427 2913 etex
464 2861 559 2912 hac
598 2863 996 2928 concupiscentia
1037 2863 1178 2928 quasi
1215 2863 1342 2927 ignis
1382 2861 1615 2913 ardesci'.
1696 2862 1758 2911 Et
1798 2864 1849 2911 in
1888 2860 2207 2911 Ecclesiaste.

93 2952 228 2998 verte
265 2945 442 2999 taciem
483 2953 615 2998 tuam
657 2964 682 2998 a
722 2947 929 2999 muliere
969 2954 1191 3014 compta,
1233 2954 1283 2999 ει
1319 2964 1382 2999 ne
1422 2948 1793 3012 circumspicias
1831 2948 2047 3013 speciem
2088 2945 2206 2996 alie-

88 3021 179 3081 “’.
251 3030 315 3083 Et
349 3032 559 3084 ibidem:
601 3032 870 3099 ‘Virginem
907 3050 970 3084 ne
1010 3034 1310 3099 conspiciaS,
1362 3049 1424 3084 ne
1473 3035 1600 3083 forte
1651 3032 1999 3083 scandalizeris
2035 3034 2086 3081 in
2125 3033 2208 3082 de-

127 3131 156 3177 ε
188 3114 352 3174 illius'.
359 3108 364 3112 ¹
426 3117 526 3168 Vos
562 3119 696 3169 scitis
735 3120 882 3170 etiam
922 3120 1054 3185 quod
1093 3121 1360 3170 maximum
1387 3124 1646 3185 peccatum
1675 3123 1750 3168 est
1775 3119 2048 3168 fornicatio.
2110 3118 2206 3168 Sed

0 3190 141 3271 [J‘m
199 3200 296 3253 hoc
341 3203 487 3254 audio
538 3204 669 3270 quod
720 3203 799 3255 illa
849 3205 1028 3256 mulier
1059 3211 1151 3256 *est
1195 3205 1415 3270 legitima
1464 3210 1511 3254 et
1559 3203 1710 3254 habet
1747 3204 1922 3253 virum.
1998 3203 2209 3267 Propter

72 3286 474 3359 wdimittatis
512 3306 648 3347 eam,
702 3296 751 3340 et
794 3291 1068 3357 respiciatis
1106 3292 1287 3341 samam
1335 3295 1567 3340 vestram.
1629 3289 1715 3338 Est
1753 3288 2037 3339 scandalum
2079 3288 2207 3353 quod

91 3395 142 3415 ·==
188 3386 264 3424 cs
300 3373 486 3426 debent
522 3374 688 3425 dicere
727 3376 861 3441 quod
898 3376 1183 3441 Theologus
1223 3382 1297 3427 est
1334 3375 1543 3426 adulter.
1593 3376 1706 3439 quia
1746 3374 1865 3424 alias
1904 3373 2094 3423 habetis
2132 3390 2209 3423 sa-

94 3453 325 3510 'bonam
374 3458 584 3517 samam,
636 3466 685 3511 et
732 3477 906 3512 omnes
954 3461 1125 3511 dicunt
1173 3461 1304 3526 quod
1355 3462 1472 3511 estis
1521 3460 1649 3509 hene
1697 3459 2025 3525 qualificatus,
2087 3460 2211 3507 sicut

48 3549 49 3553 ’
89 3562 93 3594 ·.
153 3564 173 3586 ⁹⁴
223 3558 315 3609 ego
352 3546 475 3595 scio.
551 3544 647 3596 Vos
697 3545 943 3596 deberetis
991 3546 1212 3612 quotidie
1264 3545 1417 3596 semel
1454 3544 1640 3595 habere
1679 3561 1827 3594 unam
1869 3545 2091 3594 devotam
2131 3559 2209 3591 re-

84 3677 89 3679 ,
140 3616 378 3681 ‘ationem
415 3630 657 3696 passionis
697 3630 967 3697 dominice,
1003 3633 1131 3697 quia
1180 3630 1299 3682 illud
1341 3636 1414 3681 est
1450 3645 1684 3695 magnum
1724 3630 1999 3681 remedium
2041 3634 2209 3677 eontra

0 1050 43 1197 ἶ

0 1278 124 1629 ἱ
358 1306 362 1309 -
602 1339 805 1413 bumilis
855 1355 994 1405 sacre
1043 1339 1313 1403 Theologie
1365 1339 1621 1404 professor

63 3846 68 3852 .
153 3808 174 3839 ²
200 3812 518 3857 viuententes:
554 3818 596 3860 3.
685 3815 703 3842 ⁶
737 3830 791 3857 ex
822 3816 1079 3871 Magantia.
1106 3820 1148 3859 3.

63 3879 82 3902 Ψ
160 3877 196 3910 ¹⁰
224 3882 337 3928 S.D.
362 3888 484 3930 1...3.
583 3885 616 3913 ¹¹
649 3886 711 3927 Μ.
735 3890 860 3929 1...3.
958 3886 992 3913 ¹¹
1022 3889 1135 3940 ,Ριῡε
1168 3891 1211 3933 2.
1301 3886 1338 3914 ²⁰
1368 3884 1680 3941 Ecclesiaste]
1718 3888 1835 3927 immo
1867 3882 2206 3926 Ecclesiastico

77 4007 91 4018 ἢ,
145 3949 189 3997 8.
216 3954 361 3998 Eccl'.
386 3959 428 4003 3.
500 3955 554 4012 *³⁴
586 3956 652 4000 ril'
686 3960 731 4004 3.

1764 4033 1793 4083 3
1813 4030 1837 4057 m
