2456 4264
205 256 327 314 256
793 277 1030 305 EPISTOLAE
1053 275 1359 304 OBSCVRORVM
1378 274 1590 304 VIRORVM
1610 273 1762 303 NOVAE.

204 414 363 457 autem
404 415 448 453 ‘o
486 407 653 461 Petre,
702 403 896 467 quando
934 404 1106 451 venitis
1143 403 1374 459 Romam,
1415 400 1570 449 videte
1608 415 1669 449 an
1707 405 1821 450 sunt
1857 401 1969 449 novi
2004 399 2119 449 libri
2157 406 2205 449 et
2240 399 2349 448 mit-

205 494 316 540 tatis
354 490 471 538 mihi
508 488 728 552 aliquos’.
804 485 930 533 Ecce
968 486 1160 534 habetis
1196 501 1351 534 unum
1388 499 1568 534 novum
1604 483 1784 534 librum
1822 485 1904 548 qui
1941 489 2014 532 est
2039 483 2117 532 bic
2143 485 2348 548 impres-

203 589 299 623 sus,
374 573 432 620 Et
469 573 580 635 quia
621 572 734 619 estis
771 575 940 633 poeta,
989 570 1138 618 credo
1187 570 1315 633 quod
1364 570 1563 632 potestis
1602 584 1684 617 vos
1721 567 1937 617 multum
1966 572 2025 616 ex
2061 566 2144 615 illo
2180 566 2348 616 melio·
2435 600 2438 603 Δ

154 651 157 653 ’
204 671 330 704 1310.
406 654 528 711 Quia
567 654 724 702 audivi
761 653 840 702 hic
878 655 927 701 in
964 653 1221 701 Audientia
1259 652 1319 701 ab
1358 667 1456 700 uno
1494 652 1722 709 Notario,
1771 653 1855 715 qui
1900 650 2046 700 debet
2093 665 2198 700 esse
2234 666 2348 715 per-

203 742 357 789 fectus
395 740 442 787 in
480 737 564 786 tali
602 743 730 795 arte,
771 738 900 801 quod
938 738 1028 785 iste
1063 735 1190 785 liber
1229 742 1302 785 est
1337 737 1446 784 fons
1482 738 1698 801 poetrie,
1737 742 1786 785 et
1822 740 1965 784 autor
2001 736 2106 784 eius
2142 736 2227 798 qui
2263 751 2382 785 vo-5
2444 790 2447 792 .

203 829 340 872 catur
388 823 632 871 Homerus
690 827 761 870 est
816 827 954 885 pater
1012 821 1227 868 omnium
1283 825 1564 884 poetarum:
1623 825 1672 869 et
1718 819 1836 868 dixit
1890 819 2022 883 quod
2071 825 2144 869 est
2191 819 2350 868 adhuc

203 907 327 956 alius
362 906 605 955 Homerus
653 906 700 953 in
751 919 916 969 greco,
990 909 1108 953 tunc
1156 904 1279 952 dixi:
1331 904 1445 968 quid
1491 904 1609 953 mihi
1658 919 1769 953 cum
1808 904 1987 967 greco?
2031 902 2112 952 ille
2149 903 2349 953 Latinus

204 997 279 1041 est
302 990 501 1040 melior:
543 990 654 1052 quia
692 988 799 1038 volo
839 1005 951 1038 eum
988 990 1037 1036 in
1064 988 1334 1037 Almaniam
1371 989 1563 1038 mittere
1600 988 1832 1052 Magistro
1872 986 2090 1045 Ortvin0‚
2130 989 2213 1052 qui
2250 1002 2349 1037 non

204 1080 344 1124 curat
381 1073 486 1123 illas
524 1087 697 1137 grecas
734 1073 991 1122 fantasias’.
1068 1072 1128 1120 Et
1164 1073 1461 1135 interrogavi
1512 1088 1621 1122 eum
1673 1071 1807 1135 ‘quid
1853 1073 2132 1121 continetur
2178 1073 2228 1121 in
2265 1071 2350 1121 tali

203 1159 375 1208 libro‘?’
413 1157 684 1222 Respondit
720 1157 849 1220 quod
889 1161 1064 1206 tractat
1098 1157 1157 1206 de
1196 1156 1490 1220 quibusdam
1530 1157 1642 1206 viris
1680 1158 1763 1221 qui
1788 1161 2025 1206 vocantur
2051 1157 2223 1220 Greci:
2263 1157 2348 1221 qui
2368 1170 2404 1204 ιο

203 1242 511 1292 bellaverunt
549 1257 659 1290 cum
699 1240 804 1290 aliis
843 1241 957 1289 viris
996 1242 1078 1305 qui
1115 1246 1351 1290 vocantur
1389 1241 1611 1299 Troiani,
1663 1256 1786 1305 quos
1833 1241 1974 1290 etiam
2013 1241 2175 1291 audivi
2210 1243 2350 1306 prius
2415 1293 2421 1296 ,

203 1329 473 1375 nominare.
548 1325 609 1374 Et
662 1326 741 1374 isti
793 1325 990 1374 Troiani
1044 1325 1323 1375 habuerunt
1376 1330 1524 1375 unani
1581 1339 1808 1388 magnam
1857 1325 2131 1384 Civitatem,
2190 1331 2237 1376 et
2281 1325 2351 1375 illi

203 1412 348 1475 Greci
392 1414 667 1475 posuerunt
713 1423 766 1458 se
811 1416 923 1458 ante
962 1409 1210 1458 Civitatem
1259 1415 1306 1458 et
1349 1411 1606 1459 iacuerunt
1652 1409 1719 1458 ibi
1766 1409 1892 1459 bene
1930 1422 1967 1457 x
2007 1425 2184 1460 annos:
2232 1416 2351 1460 tunc

203 1495 401 1544 Troiani
437 1493 696 1558 aliquando
736 1495 988 1542 exiverunt
1025 1494 1086 1543 ad
1125 1508 1223 1550 eoS,
1266 1499 1313 1543 et
1350 1499 1702 1558 percusserunt
1737 1509 1790 1543 se
1827 1493 2026 1544 realiter
2063 1511 2176 1544 cum
2215 1496 2348 1560 ipsis,

204 1585 252 1628 et
288 1578 641 1627 interfecerunt
677 1593 729 1627 se
767 1577 1056 1626 mirabiliter
1095 1578 1155 1626 ad
1193 1578 1424 1634 invicem,
1463 1579 1529 1627 ita
1567 1579 1697 1642 quod
1735 1584 1865 1628 totus
1903 1578 2114 1644 Campus
2152 1580 2403 1642 sangui-1⁸

203 1664 356 1712 navit:
396 1669 443 1711 et
479 1662 569 1711 suit
604 1661 673 1710 ibi
711 1662 921 1725 quedam
960 1676 1109 1725 aqua,
1160 1677 1253 1726 que
1300 1663 1391 1711 fuit
1429 1661 1647 1711 colorata
1694 1678 1785 1728 per
1829 1664 2118 1726 sanguinem
2168 1670 2216 1714 et
2262 1664 2352 1714 fuit

201 1762 290 1811 per
326 1752 482 1795 totum
518 1744 769 1803 rubicata,
819 1746 882 1794 ita
932 1746 1063 1809 quod
1101 1745 1242 1795 fluxit
1278 1747 1403 1795 sicut
1440 1748 1480 1795 si
1516 1753 1644 1796 esset
1679 1731 1905 1811 sanguis:
1955 1754 2003 1797 et
2041 1747 2228 1797 clamor
2265 1764 2351 1798 au-

202 1831 428 1879 diebatur
464 1830 513 1877 in
552 1828 691 1893 Celo,
731 1834 778 1878 et
818 1843 942 1878 unus
979 1830 1185 1892 proiecit
1221 1845 1373 1879 unum
1412 1830 1626 1894 lapidem
1664 1846 1811 1895 quem
1849 1843 1932 1880 ΧΠ
1972 1823 2062 1881 viri
2099 1847 2199 1882 non
2235 1848 2348 1897 pos-

201 1921 307 1963 sent
333 1913 537 1969 elevare,
578 1919 625 1962 et
648 1928 777 1962 unus
815 1928 970 1976 equus
1007 1914 1191 1978 incepit
1228 1914 1362 1979 loqui
1400 1923 1447 1964 et
1485 1915 1852 1980 prophetizavit.
1929 1916 2025 1966 Sed
2060 1932 2162 1966 non
2199 1918 2348 1968 credo

198 1997 335 2055 talia,
385 1998 498 2060 quia
538 1997 758 2046 videntur
797 1997 916 2047 1111111
952 1997 1296 2062 impossibilia:
1347 2005 1394 2048 et
1440 2004 1602 2049 tamen
1652 2003 1819 2050 nescio
1867 2016 1929 2050 311
1966 2000 2075 2051 talis
2110 2001 2236 2051 liber
2275 2008 2407 2052 est-zo
2454 1990 2456 2046 ἱ

198 2082 403 2132 multum
443 2083 730 2131 autenticus,
806 2081 944 2144 Rogo
983 2083 1208 2132 scribatis
1245 2084 1367 2132 mihi
1404 2085 1464 2134 de
1503 2100 1579 2142 eo,
1620 2091 1668 2134 et
1706 2084 1895 2134 faciatis
1933 2101 2012 2146 me
2050 2101 2348 2150 cognoscere

199 2166 315 2230 quid
353 2167 569 2215 tenetis·
616 2166 676 2215 Et
713 2181 825 2215 cum
863 2166 957 2215 hoc
996 2167 1176 2217 Valete.
1251 2168 1426 2219 Datum
1462 2168 1637 2234 Rome.
2454 2138 2456 2216 3

1229 2365 1316 2424 45.

691 2527 693 2529 .
745 2491 787 2538 {1
831 2479 1222 2542 Iohannes
1271 2480 1805 2544 Gerilambius

803 2590 1130 2660 Magistro
1168 2592 1450 2646 Ortvino
1488 2594 1738 2647 Gratio.
2357 2573 2423 2628 25'

340 2701 474 2750 Sicut
510 2702 742 2753 scribitur
781 2705 994 2754 ‘Amicus
1030 2707 1079 2754 in
1118 2710 1407 2758 necessitate
1444 2708 1711 2773 probatur’‚
1752 2707 1862 2758 volo
1901 2710 2044 2759 etiam
2082 2709 2249 2759 videre
2287 2724 2346 2758 an

200 2784 357 2834 adhuc
396 2785 587 2835 habetis
624 2790 916 2839 memoriam
949 2791 1060 2839 mei.
1136 2791 1196 2840 Et
1232 2807 1433 2856 possum
1475 2793 1637 2843 videre
1675 2795 1759 2843 tali
1807 2793 1995 2843 medio:
2044 2795 2346 2858 presentium

197 2866 321 2916 lator
369 2875 442 2918 est
491 2874 887 2934 consanguineus
932 2889 1072 2923 meus
1121 2881 1167 2924 et
1214 2875 1362 2926 habet
1408 2876 1594 2926 bonum
1632 2879 1880 2942 ingenium
1920 2885 1967 2927 et
2003 2878 2210 2927 intendit
2246 2883 2345 2927 stu·
2390 2864 2396 2891 ²

199 2951 316 3000 dere
354 2954 403 3001 in
441 2954 653 3011 artibus;
693 2961 811 3005 tunc
847 2963 987 3021 pater
1026 2973 1143 3008 suus
1180 2960 1330 3009 voluit
1368 2976 1479 3010 eum
1518 2961 1615 3010 huc
1653 2962 1817 3012 facere
1857 2962 1917 3010 ad
1954 2964 2342 3012 universitatem:

199 3041 247 3083 et
284 3051 372 3099 ego
411 3037 642 3096 dissuasi,
683 3041 796 3103 quia
834 3040 942 3089 volo
980 3043 1111 3106 quod
1149 3043 1310 3093 studet
1348 3045 1398 3093 in
1436 3046 1511 3094 via
1548 3045 1899 3111 Antiquorum‚
1951 3047 2076 3096 sicut
2113 3061 2203 3110 ego
2242 3053 2340 3094 stu·
2357 3045 2398 3109 39

200 3118 298 3167 dui.
372 3120 432 3167 Et
467 3136 589 3184 rogo
628 3125 759 3187 quod
797 3126 996 3176 mittatis
1034 3142 1147 3176 eum
1184 3127 1321 3176 vobis
1357 3143 1465 3178 esse
1503 3130 1913 3179 commendatum.
1989 3130 2216 3189 Quamvis
2254 3144 2343 3193 ego

200 3217 308 3250 sum
345 3203 621 3263 Albertista,
661 3223 759 3256 non
799 3224 919 3258 curo
957 3216 1122 3260 tamen
1160 3212 1290 3276 quod
1329 3212 1514 3262 faciatis
1552 3229 1665 3263 eum
1703 3214 1764 3263 ad
1801 3213 2003 3262 bursam
2029 3214 2221 3272 MontiS,
2259 3212 2342 3263 ubi

200 3285 395 3334 student
430 3289 479 3335 in
515 3290 587 3338 via
625 3291 827 3356 Thome.
904 3293 1024 3351 Quia
1062 3294 1141 3344 ille
1179 3301 1343 3345 rector
1381 3302 1453 3345 est
1490 3298 1826 3361 superiorista.
1867 3303 1915 3347 et
1953 3299 2098 3348 etiam
2135 3313 2236 3347 non
2272 3302 2344 3348 est

199 3384 375 3433 magna
414 3370 684 3422 differentia
730 3377 858 3425 inter
896 3378 1173 3429 Thomistas
1221 3386 1268 3429 et
1303 3380 1614 3439 AlbertistaS‚
1665 3383 1757 3431 nisi
1805 3382 1937 3446 quod
1972 3382 2233 3446 Albertiste
2272 3387 2341 3430 te-

199 3459 318 3502 nent
355 3455 484 3518 quod
521 3457 755 3507 adiectiva
793 3461 1063 3526 appellant,
1116 3470 1164 3513 et
1210 3465 1341 3529 quod
1389 3481 1570 3530 corpus
1616 3465 1798 3516 mobile
1847 3471 1919 3516 est
1966 3466 2240 3517 subiectum
2287 3463 2395 3531 11135
2454 3499 2456 3503 .

2444 3565 2450 3598 ι

2444 3599 2447 3623 1

312 3636 359 3663 ¹*2
390 3642 554 3692 mutat3
584 3643 624 3679 5.
713 3638 762 3664 4⁵
792 3640 940 3692 <1110019
972 3642 1238 3699 (profectus)
1271 3650 1312 3687 4.
1344 3621 1528 3700 ζ91001115
1558 3651 1682 3690 etiam
1703 3652 1744 3690 5.
1772 3646 1878 3701 fert.
1897 3652 2055 3691 rectius
2083 3634 2340 3703 provectus.

199 3706 216 3733 ⁷
248 3722 271 3748 e
303 3711 345 3749 4.
379 3707 440 3759 (ut
469 3711 511 3748 in
540 3709 654 3762 sqq.)
770 3710 786 3736 8
815 3711 878 3751 Μ.
900 3716 940 3752 5.
1033 3712 1066 3738 ¹⁰
1094 3713 1222 3757 libzo.
1247 3719 1340 3757 4.5.
1448 3717 1483 3743 ¹³
1514 3732 1567 3761 .X.
1590 3722 1630 3759 5.
1727 3718 1761 3744 ¹⁶
1793 3720 1938 3772 qued}
1966 3722 2008 3761 4.
2098 3719 2133 3745 ¹⁷
2164 3753 2174 3763 .
2196 3720 2269 3759 Ita
2299 3719 2340 3757 4.

199 3777 233 3803 ¹⁸
266 3791 367 3820 ‚x11.
388 3782 429 3819 5.
488 3777 524 3804 ²²
552 3779 684 3821 Vale.
704 3783 745 3821 5.
832 3781 988 3822 Rome.
1012 3785 1054 3822 4.

309 3845 347 3874 ²4
376 3848 572 3891 Ioannes
601 3852 647 3894 5.
723 3848 760 3877 ²⁵
788 3850 849 3891 M.
874 3853 966 3893 4.5.
1042 3850 1079 3877 ²⁹
1110 3853 1245 3895 artib)
1274 3856 1354 3896 1ῡο
1376 3858 1469 3897 4.5.
1547 3856 1585 3883 ³⁸
1618 3871 1642 3898 e
1665 3861 1705 3900 4.
1735 3861 1780 3900 in
1806 3873 1901 3913 sqq.
1923 3860 1994 3901 ubi
2021 3872 2104 3901 non
2132 3861 2264 3902 adnot
2285 3871 2340 3913 ΛΞ.
2441 3911 2443 3914 p
