2456 4264
7 285 33 358 ξι
328 318 333 322 ’
477 322 866 353 ΒΔΧΕΗΤΔΤῙΟΝΕΒ
889 322 1198 354 OBSGVBORVH
1219 325 1666 355 stcnmmS'rARvn
1686 325 1836 354 NOVAE.
2112 300 2232 359 367

6 437 30 446 ’
86 448 195 519 Hec
237 459 356 508 sumt
400 454 556 505 verba
602 455 709 504 divi
762 457 1000 518 Veryilii,
1048 457 1223 518 patris
1267 458 1431 505 nostri
1472 462 1520 505 et
1554 461 1826 518 poetarum
1884 459 2098 506 omnium
2138 470 2235 520 pa-

85 542 264 603 rentis,
313 553 459 604 quem
503 544 557 589 tu
591 542 791 590 minime
836 543 1094 604 intelliqis.
1172 542 1320 591 Hunc
1365 543 1512 590 etiam
1559 543 1723 591 locum
1770 547 1941 591 noster
1981 556 2239 605 exponens

23 614 32 642 ⁵
57 646 67 650 ·
88 626 398 679 Ollilambius
432 626 603 675 divino
630 627 866 688 preditus
901 629 1128 688 inqenio,
1179 628 1309 676 libro
1340 635 1474 671 ,1th
1508 629 1571 681 de
1617 634 1807 677 natura
1853 629 2154 677 rusticorum
2191 632 2239 676 et

61 713 383 771 ··-monum
419 725 484 760 ac
526 713 726 775 pseudo
770 712 1162 762 christianorum
1199 711 1459 773 vafriciis,
1518 713 1621 761 vult
1664 726 1767 774 per
1812 713 2106 762 Coridonem
2158 713 2241 773 (id

69 794 223 872 quod
253 800 669 860 commentatores
704 798 755 846 in
792 798 926 846 hunc
962 812 1114 859 usque
1150 799 1279 847 diem
1305 796 1634 860 iqnora'runt)
1673 798 1951 847 umbrosum
1976 799 2137 858 Diane
2161 799 2236 847 in-

56 867 243 945 ’ΜΨ
272 886 585 943 venatorem,
626 883 716 943 qui
747 884 799 931 in
838 882 1031 946 Cyntho
1066 889 1115 932 et
1151 884 1419 944 Helicone,
1469 883 1632 932 sacris
1668 883 1933 932 Musarum
1970 884 2232 944 montibuS,

47 985 95 1023 m,
133 974 157 1010 “s
178 988 211 1012 r.
269 968 441 1018 volens
483 969 744 1018 cuniculos
789 981 976 1030 capere
991 1005 1006 1028 ,
1057 981 1236 1018 corvos
1282 982 1346 1018 ac
1391 968 1740 1031 nycticoraces
1784 969 1932 1031 cepit.
2011 968 2112 1027 Que
2157 983 2238 1017 res

86 1038 123 1115 ]
265 1054 333 1103 sit
366 1053 592 1102 iucunda
640 1053 845 1114 auditu,
895 1066 1038 1102 nemo
1073 1067 1293 1115 prorsus
1338 1053 1614 1114 iynorabit.
1692 1052 2011 1116 Quapropter
2056 1059 2104 1102 te
2148 1067 2238 1102 oro

62 1142 124 1175 ⁸
222 1156 226 1162 ¹
269 1138 502 1200 obsecro,
541 1143 597 1188 ut
631 1152 717 1198 ere
752 1140 903 1187 etiam
939 1139 1241 1202 calchotypo
1276 1139 1502 1200 imprimi
1535 1142 1756 1188 actutum
1785 1137 1988 1199 facias,
2038 1153 2099 1187 ne
2136 1145 2238 1187 tam

79 1279 93 1282 ⁴.
132 1244 218 1267 ..a
236 1224 371 1273 aria
391 1225 614 1285 *coqnitu
649 1229 842 1273 ceteros
876 1228 1046 1283 nostre
1079 1224 1230 1272 sortis
1265 1224 1489 1272 homines
1526 1228 1839 1285 pretereant.
1915 1223 2047 1272 Nam
2085 1237 2236 1285 arqu—

58 1295 71 1349 Ᾰ
108 1364 117 1365 Π
136 1309 176 1364 ,·
204 1309 429 1372 quidam,
469 1322 715 1358 novarum
751 1322 922 1357 rerum
959 1309 1079 1370 (que
1114 1322 1362 1370 nusquam
1397 1311 1535 1371 sunt)
1575 1310 1919 1370 indayatores,
1961 1311 2078 1358 dum
2103 1323 2233 1359 nova

83 1408 89 1409 ⁷
144 1416 165 1434 Ὶν
196 1414 199 1418 >
235 1408 266 1444 e
292 1395 587 1458 posteritati
616 1398 884 1456 satagunt,
934 1395 987 1443 in
1026 1395 1198 1443 aliena
1234 1396 1380 1443 nimis
1415 1399 1464 1442 et
1493 1393 1678 1453 sutilia
1716 1395 2023 1444 dilabuntur.
2110 1396 2235 1444 Vale

191 1500 201 1523 r
255 1481 304 1530 ·.
341 1494 410 1530 ex
433 1479 727 1530 Phebadum
749 1481 994 1542 spelunca
1028 1481 1361 1529 sacerdotum.
1443 1479 1512 1528 Te
1542 1481 1812 1542 plurimum
1849 1482 2036 1529 salutat
2058 1485 2233 1530 nostra

75 1552 145 1615 {1
138 1619 150 1622 ⁷,
149 1566 358 1630 iopea.
430 1565 623 1616 Iterum
658 1566 786 1616 vale.

1131 1703 1182 1763 6.

797 1829 840 1877 (Ι
890 1824 1198 1884 Coridon
1247 1823 1507 1884 Luscus

772 1999 776 2002 ι
850 1938 1120 1988 Nicolao
1158 1939 1485 2001 Loripedi*

21 2059 27 2078 ,η
1034 2039 1106 2089 ..S
1135 2040 1191 2088 P.
1220 2040 1283 2088 B.

0 2003 29 2197 3
87 2102 155 2214 ἱ
207 2130 355 2194 Sunt
385 2138 652 2201 complura
689 2140 742 2188 in
779 2146 1002 2190 nostrum
1041 2141 1306 2213 Maronem
1343 2141 1734 2201 commentaria,
1775 2144 1889 2189 sunt
1924 2141 2111 2200 infiniti
2135 2155 2234 2203 per

7 2204 33 2284 ξ’·
79 2218 125 2268 f
113 2195 162 2222 L
220 2238 400 2288 pene
433 2229 688 2274 terrarum
727 2226 894 2274 orbem
933 2205 1259 2288 interpretes,
1312 2233 1366 2274 at
1402 2238 1544 2274 nemo
1581 2226 1717 2275 illum
1744 2227 1900 2288 plene
1936 2222 2234 2292 intelliqet,}1

9 2304 22 2332 “’
81 2315 158 2371 2ss
208 2314 259 2360 et
295 2323 432 2361 nova
471 2308 805 2360 obscurorum
841 2311 1324 2373 Reuchlinistarum,
1377 2313 1770 2361 doctissimorum
1817 2313 2014 2373 quidem
2060 2313 2113 2361 in
2143 2310 2231 2372 fa·
2247 2321 2344 2376 tiijb

134 2396 208 2461 is
239 2397 481 2460 virorum,
517 2397 825 2459 qlossemata
857 2398 1259 2459 perlustraverit.
1337 2397 1403 2446 At
1437 2397 1562 2446 mihi
1595 2411 1759 2459 nuper
1796 2402 1881 2446 tua
1917 2399 2119 2447 multum
2145 2412 2231 2447 ex-

67 2465 102 2538 ’,«
127 2502 173 2522 w
227 2494 322 2532 one
354 2482 667 2532 iactabundo
712 2497 776 2531 ac
805 2483 966 2545 plane
1010 2485 1295 2546 importuno
1338 2482 1615 2544 Theoloqus
1664 2483 1869 2544 quidam
1917 2488 1965 2532 et
2008 2484 2236 2533 eruditus

94 2536 436 2630 vehemens,
474 2582 582 2618 sese
617 2569 671 2618 in
708 2567 970 2633 Sibyllinis
1000 2567 1148 2629 soliis
1185 2570 1340 2618 aliam
1367 2569 1754 2631 deprehendisse
1777 2570 2052 2631 respondit.
2113 2570 2233 2618 Car-

0 2643 198 2774 tfmefl
234 2653 448 2717 (inquit)
486 2653 617 2704 illud
659 2655 1032 2718 Vergilianum,
1088 2654 1233 2704 ‘Alba
1280 2656 1500 2717 liqustra
1537 2654 1745 2705 cadunt'
1784 2661 1833 2704 et
1870 2656 1977 2704 alia
2015 2670 2128 2717 quoe
2162 2669 2234 2704 se-

49 2743 328 2843 ¹5metantur,
369 2740 611 2803 vulqares
636 2746 790 2803 poete
825 2754 925 2790 non
963 2741 1260 2802 intelligunt.
1337 2741 1547 2790 Divinus
1582 2742 1713 2789 enim
1749 2741 1836 2790 ille
1871 2742 2119 2803 Veryilius
2156 2741 2237 2801 (ut

50 2830 183 2876 «παπ
216 2826 440 2892 remulco
473 2826 567 2876 sed
589 2827 750 2889 plena
787 2833 907 2876 utar
942 2828 1300 2888 velificatione)
1339 2825 1707 2886 infelicissimos
1743 2831 2025 2876 nostrorum
2050 2833 2234 2889 tempo-

51 2894 193 2987 {nan
228 2911 351 2974 dies,
390 2924 459 2962 ex
492 2913 748 2975 sinqulari
780 2913 1000 2975 quadam
1037 2913 1202 2972 native
1239 2914 1439 2962 virtutis
1474 2913 1726 2961 industria
1761 2914 1874 2962 luce
1897 2913 2088 2962 clarius
2114 2926 2235 2974 pre-

0 3015 1 3018 *
38 2953 233 3062 {vidia
272 2996 452 3060 quibus
486 2999 564 3048 vel
600 2998 763 3047 Paulo
800 3002 944 3059 teste,
999 2998 1203 3048 obscuri
1236 3011 1299 3047 ac
1337 2999 1607 3060 deqeneres
1643 2999 1847 3059 quidam
1877 3002 2023 3059 poete
2058 3011 2235 3047 sanam

69 3070 376 3132 'domanam
399 3096 499 3133 non
524 3084 850 3146 sustinebunt,
891 3085 983 3133 sed
1017 3085 1089 3132 ad
1122 3098 1215 3133 sua
1253 3085 1507 3133 desideria
1543 3083 1914 3133 coacervabunt
1946 3083 2044 3132 sibi
2076 3083 2234 3144 maci-

57 3156 60 3164 ’
126 3179 214 3217 ros
236 3169 531 3232 prurientes
565 3170 787 3219 auribus.
864 3170 1102 3219 Auditum
1138 3171 1289 3219 etiam
1325 3182 1468 3219 suum
1506 3183 1538 3217 a
1576 3171 1785 3218 veritate
1820 3173 2047 3218 avertent
2081 3173 2128 3217 et
2165 3169 2237 3217 ad

111 3250 290 3305 abulat
322 3259 696 3306 convertentur.
772 3255 1028 3306 Postremo
1063 3254 1323 3305 subiunxit
1360 3255 1489 3304 idem
1526 3255 1611 3303 ille
1656 3254 1939 3316 theoloqus,
1996 3252 2141 3302 ‘Alba
2177 3254 2234 3303 li-

87 3328 89 3331 ’
196 3336 276 3387 ra’
313 3338 439 3400 (hoc
474 3345 548 3390 est
570 3342 784 3391 omnium
812 3355 949 3403 pene
971 3345 1260 3390 sanctorum
1285 3341 1477 3403 scripta
1502 3339 1777 3401 doctorum,
1819 3352 1924 3389 una
1948 3352 2061 3389 cum
2086 3352 2234 3389 evan-

102 3427 106 3489 j
164 3423 228 3474 iis
261 3422 451 3475 Christi
482 3430 530 3475 et
567 3427 909 3488 apostolorum
945 3426 1247 3487 canonibus)
1291 3423 1513 3475 ‘cadunt'
1541 3424 1623 3484 (id
1644 3431 1715 3474 est
1733 3426 1892 3488 parvi
1912 3425 1976 3475 ab
2004 3424 2237 3476 Obscuris

259 3513 379 3560 ntur
413 3515 463 3559 et
500 3510 559 3559 ob
595 3512 717 3574 styli
751 3516 900 3573 atque
936 3511 1181 3559 orationis
1217 3509 1544 3558 humilitatem
1582 3524 1682 3559 non
1729 3510 1979 3562 habentur
2024 3512 2075 3561 in
2117 3525 2232 3573 pre-

138 3594 189 3656 )
227 3593 428 3658 ‘Niara’
465 3608 583 3645 vero
624 3595 885 3645 ‘vaccinia'
924 3594 1046 3657 (hoc
1070 3600 1143 3645 est
1172 3593 1367 3655 fabule,
1408 3597 1643 3657 convitia,
1683 3595 2058 3658 infamationes,
2099 3610 2231 3646 men-

247 3716 265 3742 ,
303 3678 632 3744 blasphemie,
673 3680 894 3742 hereses,
935 3686 983 3730 et
1019 3682 1075 3731 id
1103 3695 1266 3743 qenus
1302 3682 1401 3742 alie
1437 3682 1670 3732 vitiorum
1702 3688 1879 3746 pestes,
1917 3680 2099 3743 festive
2133 3683 2230 3731 sal-

213 3768 263 3814 et
295 3765 553 3827 eleganter
587 3767 880 3829 composite)
924 3764 1185 3829 ‘leyuntur'
1234 3768 1317 3828 (id
1359 3772 1432 3817 est
1476 3767 1538 3817 ab
1585 3768 1810 3819 omnibus
1839 3766 1957 3829 fere
1991 3768 2228 3828 colliyun-

179 3885 196 3911 ,
234 3850 612 3913 desiderantur,
663 3857 712 3901 et
747 3853 800 3901 in
828 3854 1007 3915 precio
1042 3852 1319 3915 habentur,
1371 3867 1434 3903 ac
1467 3856 1717 3917 preclaris
1753 3860 1853 3903 tum
1891 3854 2227 3914 theoloqorum

198 3973 235 4004 ¹⁸
262 3978 410 4034 Paul]
444 3993 515 4035 ep.
535 3979 596 4021 11.
620 3979 692 4021 ad.
716 3979 831 4021 Tim.
854 3980 931 4024 IV.
952 3979 994 4026 3.
1015 3992 1083 4036 sq.
