2456 4264
916 294 970 330 12.
993 301 1238 329 wrnnnmss
1261 300 1400 330 LAuP.
2110 281 2233 339 209

51 414 280 501 “mvi
312 441 461 478 renoe
498 428 679 478 vadens
717 428 908 480 occulte
946 429 1008 479 ad
1044 428 1389 495 prostibulum.
1465 430 1563 480 Sed
1612 437 1782 495 postea
1820 431 1881 482 de
1918 439 2063 484 nocte
2101 436 2238 485 oravi

71 514 224 568 m
255 511 320 564 de
354 511 497 564 beata
534 514 723 578 virgine
760 529 851 580 pro
889 520 1092 579 peccato
1129 513 1228 564 illo.
1303 515 1527 565 Fuerunt
1561 515 1630 565 ibi
1666 515 1818 582 multe
1845 509 2236 582 gentes‚‘volen-

56 589 151 654 ’ὼ
179 599 258 650 ire
291 596 353 648 ad
391 596 651 657 Veronam,
691 605 741 648 et
778 596 942 650 facere
978 599 1046 649 ibi
1083 598 1342 651 mirabilia.
1405 600 1467 650 Et
1502 600 1795 651 dicebantur
1832 601 1976 651 nobis
2012 603 2232 667 grandia,

7 710 23 721 ·
72 681 324 754 mdo
374 682 652 749 imperator
709 682 820 734 velit
867 685 1116 749 captivare
1152 684 1421 735 Venetiam.
1497 685 1557 735 Et
1605 686 1812 736 vidimus
1849 685 2149 738 bombardas
2185 694 2235 737 et

21 765 166 822 §fi
200 765 355 818 multa
391 767 554 832 qualia
592 783 691 818 non
730 768 827 830 vidi
863 769 912 818 in
951 768 1125 819 diebus
1162 770 1255 834 w'te
1292 785 1415 834 mee.
1491 769 1552 819 Et
1599 785 1695 820 una
1734 770 2062 822 Sabbatorum
2103 773 2234 822 veni-

61 856 182 905 ¹-
216 850 279 903 ad
318 851 580 903 Veronam.
655 852 739 903 llla
778 860 853 904 est
889 852 1095 918 pulchra
1133 853 1311 904 Civitas
1358 854 1547 904 habens
1595 870 1790 912 muros,
1842 862 2001 906 castra
2050 864 2099 906 et
2136 858 2234 907 sor·

54 934 242 989 Q.
312 936 375 987 Et
411 937 621 988 vidimus
657 937 724 988 ibi
762 938 963 988 domum
1005 938 1192 989 Ditheri
1230 938 1292 989 de
1329 939 1477 995 Rern,
1516 938 1600 988 ubi
1649 940 1756 1003 ipse
1793 939 2041 990 habitavit.
2083 947 2132 990 et
2168 941 2234 991 ibi

60 1022 321 1087 superam
356 1028 407 1072 et
441 1023 757 1091 mortificavit
791 1022 973 1072 multos
1009 1024 1231 1088 gigantes
1268 1024 1351 1088 qui
1388 1021 1699 1073 bellaverunt
1736 1038 1848 1072 cum
1874 1024 1998 1089 ipso.
2060 1026 2233 1076 Postea

54 1104 291 1156 ‘volentes
326 1106 631 1172 procedere,
670 1106 754 1156 diu
792 1122 891 1156 non
929 1108 1180 1172 potuimus
1217 1112 1423 1171 propter
1460 1112 1644 1157 metum
1683 1107 2080 1167 Venetianorum,
2121 1111 2235 1174 quia

7 1179 332 1242 ’dicebatur
366 1190 500 1257 quod
538 1197 701 1242 efflent
735 1193 786 1241 in
824 1206 1015 1256 campo.
1090 1191 1151 1241 Et
1198 1191 1287 1241 suit
1333 1206 1522 1242 verum.
1562 1191 1683 1251 Quia
1723 1197 1892 1257 postea
1931 1193 2062 1259 apud
2099 1194 2235 1244 Man·

69 1281 206 1326 ιιιδιιι
251 1263 528 1327 audirimus
575 1290 662 1326 eos
708 1275 1070 1332 bombardare,
1120 1277 1233 1340 quia
1280 1275 1510 1326 iacebant
1556 1283 1670 1326 ante
1708 1276 1941 1327 Brixiam.
2017 1278 2079 1327 Et
2116 1278 2236 1328 dixit

69 1361 238 1412 nodus
271 1374 439 1411 meus:
476 1359 584 1410 ‘nic
620 1366 764 1410 natus
799 1361 891 1410 suit
915 1359 1178 1425 Virgilius'.
1252 1360 1527 1426 Respondi.
1568 1360 1712 1421 ‘Quid
1753 1376 1873 1411 curo
1910 1360 2046 1412 illum
2085 1377 2234 1428 paga·

47 1444 222 1515 nm!
268 1444 372 1496 Nos
403 1443 630 1495 volumus
665 1443 740 1494 ire
776 1444 837 1494 ad
876 1443 1163 1494 Carmelitas
1201 1451 1250 1495 et
1286 1445 1451 1495 videre
1487 1446 1755 1511 Baptistam
1794 1447 2113 1497 Mantuanum
2151 1449 2234 1512 qui

44 1528 125 1582 '-
157 1528 309 1596 duplo
345 1535 423 1580 est
456 1528 632 1580 melior
668 1544 816 1594 quam
855 1529 1112 1593 VirgiliuS,
1160 1530 1287 1580 sicut
1324 1545 1416 1595 ego
1454 1530 1614 1580 audivi
1651 1530 1779 1581 bene
1817 1531 1983 1582 decies
2021 1531 2082 1582 ab
2122 1531 2234 1582 Ort-

18 1613 216 1674 ‘fio'-
288 1620 339 1665 et
372 1614 474 1666 dixi
511 1616 580 1673 ei,
629 1614 878 1680 quomodo
924 1613 1077 1665 semel
1114 1614 1502 1680 reprehendistis
1539 1615 1808 1674 Donatum,
1858 1616 2055 1681 quando
2094 1616 2235 1666 dicit:

69 1696 410 1751 mulus
445 1707 704 1766 poetarum
744 1699 836 1750 l'uit
870 1699 1101 1764 Virgilius
1139 1699 1214 1750 vel
1260 1701 1477 1765 optimus
1525 1699 1713 1765 plebis’.
1790 1700 1851 1750 Et
1897 1701 2083 1751 dixistis
2122 1701 2232 1751 ‘Sed

25 1788 201 1867 <nd
233 1782 453 1835 Donatus
489 1784 595 1842 bic,
645 1799 738 1849 ego
787 1783 961 1835 sellem
1009 1786 1054 1835 ei
1100 1784 1151 1834 in
1199 1784 1376 1836 faciem
1425 1785 1591 1836 dicere
1638 1785 1770 1849 quod
1809 1787 2069 1837 mentitur:
2120 1787 2232 1851 quia

25 1843 285 1935 busta
309 1868 606 1919 Mantuanus
642 1875 717 1919 est
753 1883 904 1934 super
930 1868 1216 1934 Virgilium.
1290 1869 1351 1920 Et
1388 1870 1584 1935 quando
1621 1871 1842 1921 venimus
1879 1870 1940 1920 ad
1966 1870 2232 1921 claustrum

55 1952 459 2011 moliturum,
497 1952 753 2004 dicebatur
790 1953 935 2003 nobis
973 1953 1104 2019 quod
1131 1953 1349 2020 Baptista
1376 1953 1668 2005 Mantuanus
1694 1962 1767 2006 est
1791 1962 2030 2005 mortuus.
2094 1955 2233 2005 Tunc

13 2028 172 2094 “xi
218 2038 531 2106 ‘Requiescat
575 2039 626 2088 in
674 2038 827 2104 pace'.
902 2038 1088 2089 Deinde
1126 2040 1353 2092 venimus
1397 2039 1456 2088 ad
1496 2039 1798 2097 Bononiam,
1846 2039 1932 2089 ubi
1984 2039 2072 2090 suit
2110 2040 2232 2089 San-

45 2117 316 2186 fflmus
349 2129 402 2174 et
436 2124 585 2174 etiam
624 2138 710 2173 rex
749 2123 976 2188 Francie.
1051 2122 1123 2173 lbi
1161 2123 1435 2175 διιάἰιίιιιιιε
1473 2124 1668 2174 missam
1709 2123 1967 2190 Papalem‚
2006 2131 2049 2174 et
2091 2140 2231 2174 acce-

49 2207 232 2277 *
266 2207 447 2260 multas
480 2207 811 2272 indulgentias
848 2223 940 2273 pro
979 2208 1209 2259 omnibus
1235 2210 1465 2274 peccatiS,
1505 2215 1603 2259 tam
1630 2207 1900 2259 venialibus
1925 2225 2070 2275 quam
2098 2223 2231 2259 mor-

29 2290 273 2351 rm,
321 2299 372 2345 et
404 2293 617 2344 fecimus
653 2294 1029 2344 consessionem.
1104 2293 1245 2343 Tunc
1293 2294 1381 2344 l'uit
1430 2292 1498 2343 ibi
1535 2293 1855 2345 Reverendus
1901 2300 2041 2359 pater
2081 2294 2232 2343 frater

54 2376 278 2432 bubus
324 2377 390 2430 de
424 2378 752 2430 flochstraten
802 2377 1033 2442 Magister
1080 2385 1249 2429 noster
1299 2384 1349 2428 et
1394 2378 1652 2443 inquisitor
1702 2379 1920 2443 heretice
1965 2380 2230 2444 pravitatis.

16 2460 259 2529 *ego
293 2462 468 2515 videns
505 2477 618 2513 eum
658 2462 779 2513 dixi:
831 2461 889 2511 ‘O
926 2469 1067 2527 pater
1105 2462 1400 2520 reverende,
1440 2462 1558 2527 quid
1598 2462 1883 2514 excellentia
1923 2469 2081 2514 vestra
2120 2463 2235 2513 facit

55 2546 184 2602 >Q
226 2546 334 2614 Ego
368 2548 535 2614 putavi
575 2547 707 2613 quod
747 2549 862 2598 estis
899 2547 1083 2612 Rome’.
1159 2547 1300 2597 Tunc
1338 2547 1449 2597 dedi
1489 2548 1535 2596 ei
1572 2546 1760 2597 litteras
1798 2553 1982 2598 vestras
2022 2553 2069 2598 et
2106 2546 2232 2597 litte-

68 2638 151 2685 !-
182 2631 405 2699 &gistri
439 2634 598 2683 nostri
634 2631 838 2683 Arnoldi
875 2632 936 2683 de
960 2632 1202 2697 Tungari:
1244 2639 1362 2682 tunc
1399 2631 1655 2696 respondit
1691 2632 1808 2682 mihi
1848 2633 1977 2698 quod
2017 2631 2118 2682 vult
2142 2633 2233 2682 im·

60 2721 270 2786 'nme
303 2731 394 2783 per
429 2730 599 2781 regem
639 2717 872 2783 Francie,
924 2717 1056 2782 quod
1095 2716 1334 2767 Reuchlin
1387 2715 1537 2767 debet
1573 2715 1814 2767 declarari
1865 2717 2136 2794 hereticuS,
2186 2724 2235 2768 et

60 2799 328 2871 mlum
353 2800 566 2854 Oculare
604 2801 752 2853 debet
788 2802 1031 2853 comburi.
1107 2802 1411 2867 Interrogavi
1450 2808 1613 2853 autern
1654 2817 1793 2852 eum:
1834 2790 2080 2867 ‘iutelligit
2117 2807 2234 2851 tunc

18 2886 218 2949 *a
251 2885 358 2938 Rex
396 2889 537 2938 istam
575 2886 877 2938 materiam?
925 2887 1223 2952 Respondit:
1276 2886 1430 2938 ‘Licet
1478 2888 1584 2953 ipse
1635 2902 1734 2936 non
1773 2885 2000 2951 intelligit
2038 2901 2126 2951 per
2162 2903 2231 2942 se

59 2976 235 3029 fin
268 2970 509 3038 'theologi
556 2973 606 3023 in
645 2973 858 3024 Parrisia
906 2974 1246 3023 instruxerunt
1294 2987 1431 3030 eum;
1483 2978 1531 3023 et
1575 2973 1830 3022 contessor
1876 2986 1996 3022 suus
2034 2969 2231 3020 Williel-

57 3068 185 3111 ῃ
214 3055 376 3117 Parvi,
413 3058 500 3124 qui
535 3065 611 3109 est
646 3059 719 3108 vir
756 3056 965 3116 zelosus,
1005 3057 1125 3107 dixit
1161 3058 1205 3108 ei
1243 3058 1292 3118 inv
1332 3056 1642 3107 confessione
1682 3056 1812 3120 quod
1853 3070 1952 3105 non
1993 3054 2093 3105 vult
2118 3071 2231 3105 eum

61 3137 325 3204 “vere
361 3142 455 3193 nisi
491 3141 594 3193 vult
631 3143 795 3194 iacere
832 3158 944 3193 cum
972 3143 1102 3208 Papa
1143 3141 1275 3208 quod
1303 3141 1541 3193 Reuchlin
1581 3139 1914 3191 declarabitur
1953 3140 2232 3205 hereticus&

58 3220 360 3292 *Rufum
393 3242 504 3279 sum
544 3226 683 3278 valde
723 3235 772 3277 et
808 3227 906 3278 dixi
946 3227 1046 3277 ‘det
1082 3227 1310 3278 dominus
1348 3226 1471 3277 deus
1505 3226 1635 3291 quod
1676 3227 1758 3275 liat
1782 3225 2054 3275 secundum
2082 3223 2229 3274 verba

21 3310 264 3365 nm'.
335 3310 399 3363 Et
444 3312 604 3362 ἰιιιειιί
653 3312 718 3363 ibi
770 3311 950 3363 multos
987 3312 1271 3362 Curtisanos
1320 3311 1439 3361 milii
1489 3315 1654 3367 notos,
1704 3317 1752 3360 et
1798 3310 1990 3360 invitavi
2039 3325 2124 3360 eos
2172 3308 2231 3358 ad

58 3389 353 3463 mum.
427 3396 612 3447 Deinde
651 3397 823 3449 inimus
861 3396 921 3447 ad
961 3396 1276 3454 Florentiam,
1316 3410 1411 3460 que
1453 3403 1526 3446 est
1563 3396 1627 3445 ita
1668 3393 1870 3459 pulchra
1899 3395 2072 3445 Civitas
2110 3395 2234 3444 sicut

180 3479 230 3532 in
266 3480 468 3531 mundo.
544 3481 604 3531 Et
640 3487 808 3546 postea
836 3482 1033 3539 Senam,
1074 3480 1156 3531 ubi
1196 3486 1270 3531 est
1296 3481 1608 3537 ιιιιίιοιείιειε,
1649 3479 1734 3530 sed
1763 3487 1876 3530 sunt
1902 3480 2044 3545 pauci
2071 3478 2232 3528 Theo

255 3563 430 3617 Postea
466 3571 581 3616 sunt
618 3578 767 3631 parve
807 3565 1055 3623 Civitates,
1105 3573 1154 3616 et
1191 3580 1286 3616 una
1325 3570 1528 3615 vocatur
1566 3563 1939 3614 Montellascon:
1991 3562 2061 3613 lbi
2110 3561 2231 3612 bibi-

181 3702 203 3732 ὗ
233 3705 283 3748 in
318 3706 419 3750 vita
457 3719 576 3747 mea.
598 3709 640 3747 5.
735 3705 754 3732 ⁷
790 3706 850 3747 Et
890 3705 955 3747 ibi
978 3709 1019 3751 4.
1115 3707 1132 3730 ‘³
1168 3710 1332 3760 postea
1353 3707 1446 3748 45.
1547 3704 1582 3733 ¹³
1622 3704 1891 3747 Curmilitne
1923 3707 2015 3745 45.
2112 3703 2229 3754 liop-

59 3764 180 3821 u
204 3775 433 3820 Humum]
466 3779 507 3818 4.
626 3774 662 3804 ¹⁵
692 3776 927 3828 Quomodo
950 3779 991 3818 4.
1098 3774 1136 3804 ²⁰
1165 3777 1347 3819 Deinde
1369 3781 1411 3819 5.
1516 3775 1551 3804 ²¹
1586 3790 1627 3818 e.
1652 3779 1692 3818 4.
1725 3790 1766 3831 ⁴2.
1789 3780 1831 3818 5.
1948 3774 1985 3800 ²⁰
2014 3802 2025 3813 .
2053 3777 2158 3811 tunc
2189 3774 2229 3809 5·

62 3835 293 3902 fiskon)
323 3848 367 3892 4.
395 3846 559 3889 literas
587 3851 671 3888 tum
702 3845 795 3889 lfao
816 3851 857 3890 5.
945 3845 983 3874 ²⁷
1012 3848 1176 3890 :Tunc
1199 3850 1241 3889 4.
1327 3847 1362 3875 ²⁸
1391 3862 1402 3890 ι
1430 3847 1492 3889 Et
1512 3851 1552 3889 4.
1642 3845 1675 3873 ⁸¹
1709 3846 1804 3891 ,Et
1835 3848 1927 3889 -m,
2016 3841 2052 3867 ¹⁰
2085 3839 2227 3892 hospi-

74 3912 231 3961 dtu.
318 3915 348 3971 (ἶ
377 3921 419 3960 4.

173 3986 285 4030 En.
309 4002 570 4034 onscvnon.
599 4003 760 4033 vinon.
1799 3992 1860 4040 14
