2456 4264
262 275 381 334 372
659 296 1046 327 LAMENTATIONES
1069 297 1377 326 OBSCVRORVM
1400 296 1844 326 REvanINISTARVM
1865 297 2013 326 NOVAE.

1282 476 1367 535 14.

960 590 1002 637 (ἶ
1046 594 1362 652 Mathias
1413 594 1701 669 Ruphus

1028 706 1267 756 Simoni
1301 707 1632 755 Drullensi

1198 803 1268 854 .S.
1298 805 1354 853 P.
1384 805 1445 853 l).

388 919 668 980 Explicare
704 931 803 966 non
832 931 1037 978 possum
1072 919 1266 976 litteris,
1310 917 1537 976 Mathia,
1578 921 1818 977 quantam
1853 917 1979 966 mihi
2009 918 2272 966 tristiciam
2306 932 2394 966 nu·
2413 933 2434 966 5

235 1017 336 1065 per
389 1006 440 1051 in
485 1004 756 1061 Iudeorum
809 1015 1073 1064 synaqoqa
1127 1002 1473 1050 deambulanti
1519 1002 1787 1049 multorum
1842 1003 2048 1062 epistole
2099 1003 2392 1050 attulerunt.

244 1087 479 1136 Scribunt
515 1089 643 1135 enim
680 1101 780 1135 non
817 1087 1071 1146 theoloqos
1105 1087 1277 1144 mod0‚
1319 1099 1488 1134 verum
1525 1089 1575 1133 et
1609 1087 1822 1145 optimos
1857 1099 2077 1146 quosque
2114 1087 2284 1134 dicere
2317 1100 2393 1134 so·
2430 1106 2435 1109 >

241 1173 382 1231 litos,
434 1171 621 1219 nullum
659 1185 762 1219 esse
796 1171 884 1219 sub
921 1172 1026 1229 celo
1063 1175 1165 1219 tam
1203 1171 1533 1231 impudentem
1570 1174 1769 1230 tamque
1804 1170 2193 1218 inverecundam
2239 1183 2392 1218 mere-
2430 1216 2432 1218 ,

241 1257 432 1315 tricem,
475 1256 663 1303 nullum
701 1257 815 1303 item
852 1256 1098 1303 latronem
1136 1259 1238 1303 tam
1276 1255 1617 1313 inhumanum,
1658 1254 1946 1314 nullumque
1970 1259 2071 1302 tam
2098 1255 2391 1303 discinctum

238 1340 603 1402 sycophantam
618 1376 633 1399 ,
696 1341 784 1400 qui
826 1344 1048 1399 nostras,
1107 1339 1203 1387 hoc
1247 1343 1319 1387 est
1368 1337 1699 1387 Obscurorum
1745 1338 1987 1398 epistolas
2031 1339 2161 1387 lectu
2207 1339 2389 1399 diqnas
2407 1350 2447 1387 m

238 1426 401 1472 velint.
478 1424 584 1472 Nec
619 1425 815 1473 mirum.
892 1423 1020 1484 Sepe
1055 1425 1185 1471 enim
1221 1427 1464 1471 stateram
1511 1424 1885 1472 transilivimus,
1961 1421 2150 1470 Ansam
2196 1436 2391 1484 quoque
2443 1462 2448 1485 ἶ

234 1510 414 1568 larqiti
445 1522 614 1557 sumus
649 1512 703 1556 ut
737 1509 869 1556 male
903 1521 993 1556 nos
1029 1512 1259 1556 tractare
1293 1513 1341 1555 et
1376 1508 1498 1556 boni
1531 1512 1578 1556 et
1612 1508 1737 1555 mali
1758 1519 1923 1555 omnes
1938 1508 2153 1568 possint.
2218 1507 2389 1569 Capra

232 1593 461 1652 qladium
499 1606 597 1654 quo
633 1596 882 1640 mactetur
919 1594 1203 1652 adinvenit,
1253 1593 1425 1641 Faber
1469 1605 1595 1653 quas
1637 1590 1768 1650 fecit
1813 1591 2102 1652 compedes,
2151 1593 2259 1653 ipse
2300 1605 2386 1653 qe-

233 1681 357 1736 stat,
407 1689 595 1736 suoque
634 1678 773 1737 perit
817 1677 1006 1724 indicio
1050 1690 1232 1737 sorex,
1284 1682 1332 1725 et
1368 1678 1420 1724 in
1457 1681 1753 1738 expetentem
1789 1676 1931 1724 cadit
1967 1676 2103 1736 quod
2137 1677 2190 1724 in
2226 1677 2384 1735 celum

231 1761 418 1820 expuit.
495 1760 662 1808 Nolim
699 1761 855 1821 iqitur
889 1762 1102 1821 mireris,
1147 1761 1376 1822 Mathia,
1428 1773 1519 1809 nos
1555 1761 1619 1808 ab
1657 1761 1855 1822 optimis
1900 1761 2229 1820 iniquissimos
2264 1765 2313 1809 et
2350 1774 2383 1808 a
2403 1769 2456 1805 ιε’

228 1845 540 1903 qravissimis
575 1845 847 1906 quibusque
881 1846 1149 1894 levissimos
1186 1846 1456 1907 appellari.
1534 1845 1665 1894 Cave
1713 1844 1806 1903 hec
1853 1844 2075 1905 theoloqi
2107 1846 2386 1894 resciscant
2424 1888 2435 1909 ,-

231 1927 565 1988 Colonienses,
607 1943 670 1977 ne
706 1930 937 1990 laqueum
974 1930 1115 1978 nobis
1150 1930 1415 1989 mandent,
1466 1935 1556 1978 aut
1590 1930 1807 1978 medium
1844 1929 2112 1977 ostendant
2147 1943 2380 1990 unquem.

237 2013 364 2060 Vale
401 2017 454 2061 ut
483 2018 629 2074 potes
664 2018 712 2061 et

937 2098 1095 2159 diqito
1130 2111 1385 2160 compesce
1418 2098 1668 2147 labellum.

224 2179 309 2229 Ex
346 2180 718 2241 Francfordia.

1253 2376 1339 2435 15.

696 2495 738 2542 (I
785 2494 1312 2552 Castrimannus
1359 2494 1902 2554 Echtnobiensis

612 2606 883 2656 Doctori
919 2608 1118 2671 Grytz
1159 2606 1580 2658 Obscurorum
1611 2610 1994 2670 preceptori

1161 2705 1232 2755 .S.
1261 2707 1318 2755 P.
1348 2707 1412 2756 D.

357 2815 667 2878 Quamquam
688 2820 870 2867 ,omnia
905 2819 1045 2868 nobis
1080 2820 1299 2869 adversa
1321 2821 1435 2880 sint,
1478 2819 1654 2869 doctor
1676 2821 1891 2881 eqreqie,
1931 2825 1980 2869 et
2002 2821 2227 2870 Isthmon
2244 2835 2362 2882 per·
2377 2840 2429 2875 25⁷

208 2897 393 2956 fodere
429 2915 530 2950 non
567 2904 842 2963 possimus,
896 2904 1023 2951 nihil
1068 2908 1234 2952 tamen
1279 2909 1351 2952 est
1388 2905 1526 2964 quod
1569 2905 1646 2952 vel
1690 2905 1946 2966 theoloqos
1992 2908 2126 2967 ipsos
2172 2908 2224 2954 in
2272 2906 2363 2954 ali-

211 2997 307 3043 quo
344 2986 617 3035 timeamus.
693 2987 812 3036 Dies
847 2990 977 3036 enim
1014 2989 1157 3037 nobis
1193 2989 1370 3036 adimit
1414 2989 1652 3037 dolorem.
1739 2990 1921 3038 Verum
1958 2992 2208 3039 enimvero
2243 2991 2364 3050 quia

212 3067 425 3116 Cumani
458 3083 623 3119 omnes
644 3085 826 3131 sumus,
867 3072 1089 3120 homines
1115 3071 1357 3133 profecto
1381 3077 1432 3120 et
1454 3073 1618 3121 obtusi
1636 3078 1686 3121 et
1709 3073 1917 3133 hebetes,
1948 3080 2199 3136 precepta
2225 3074 2365 3122 nobis

210 3151 400 3210 aliquot
434 3155 662 3202 salubria
699 3156 788 3203 abs
823 3160 871 3203 te
918 3157 1042 3204 dari
1073 3157 1410 3217 postulamus,
1461 3162 1516 3205 ut
1559 3158 1970 3218 quemadmodum
2018 3159 2188 3220 vulpes
2226 3159 2360 3219 pilos

209 3246 308 3281 non
345 3242 506 3284 mutat
539 3251 676 3299 suos,
718 3241 791 3286 ita
828 3241 979 3288 etiam
1015 3245 1066 3289 et
1099 3254 1261 3289 mores
1296 3245 1492 3289 nostros
1527 3255 1782 3302 nunquam
1819 3243 2148 3303 immutemus,
2191 3256 2254 3290 ne
2289 3255 2411 3295 exso

206 3316 285 3364 his
319 3331 423 3366 esse
458 3322 741 3382 videamur,
784 3323 847 3370 de
882 3325 1058 3384 quibus
1091 3325 1338 3373 Horatius
1373 3326 1582 3386 cecinit,

599 3405 727 3454 Dum
764 3408 923 3455 vitant
957 3410 1101 3457 stulti
1132 3410 1298 3459 studio
1335 3411 1387 3457 in
1423 3411 1691 3458 contraria
1726 3415 1955 3460 currunt.
2383 3470 2386 3471 ⁷

204 3483 375 3533 Extra
411 3488 595 3535 undam
632 3503 754 3548 erqo
791 3495 838 3538 et
876 3490 1100 3553 fumum,
1150 3494 1462 3554 eleqantibus
1508 3497 1605 3543 tuis
1649 3487 1984 3556 documentis,
2034 3497 2182 3556 lonqe
2223 3508 2352 3545 com-

197 3570 331 3629 pelle
365 3572 614 3619 carinam.
699 3574 850 3633 Vale,
904 3588 971 3623 esc
1006 3577 1321 3638 Hoppenem,
1372 3583 1420 3626 et
1455 3593 1547 3639 que
1584 3592 1675 3627 nos
1720 3581 1799 3627 vel
1836 3578 2022 3638 facere
2057 3581 2135 3628 vel
2170 3581 2353 3629 docere

200 3654 414 3701 volueris
448 3656 813 3716 quamprimum
848 3660 1082 3707 rescribe.
2358 3677 2400 3712 35

309 3818 327 3844 ⁵
356 3820 550 3861 Mathia.
575 3823 615 3860 2.
649 3821 922 3862 Recentiores
952 3832 1234 3865 correxerunt
1265 3826 1433 3867 Simon.
1467 3834 1510 3868 et
1536 3831 1598 3869 sic
1624 3832 1769 3881 paullo
1798 3835 1898 3881 post
1926 3831 2087 3873 iterum.
2184 3830 2219 3857 ¹⁹
2250 3832 2344 3872 Iuv.

198 3893 284 3930 sat.
308 3890 343 3928 1.
371 3888 464 3933 160.
487 3888 566 3942 (ecc
595 3890 789 3943 Fausto).
1293 3894 1331 3921 3²
1360 3898 1473 3937 Hor.
1497 3901 1584 3938 sat.
1606 3899 1642 3938 Ι.
1665 3900 1764 3949 2,84.
1789 3895 1868 3950 (ex
1895 3899 2088 3953 Fausto).
