2456 4264
249 257 371 316 258
836 279 1073 307 ErlsToLAE
1097 276 1400 306 onscvnonvm
1421 278 1632 307 vmonvu
1655 278 1803 306 NOVAE.

247 412 365 461 mihi
412 412 658 460 dominum
710 407 988 456 Cunradum
1036 404 1399 455 Unckebunck’.
1474 406 1533 454 Et
1582 406 1728 455 babet
1775 405 1943 454 oculos
1993 410 2039 453 et
2086 418 2183 451 non
2241 403 2391 451 videt:

249 497 359 560 quia
398 494 571 557 scripsi
609 495 652 542 ei
690 490 864 539 multas
900 489 1086 539 litteras
1124 497 1171 539 et
1208 505 1306 538 non
1345 490 1612 554 respondet
1647 490 1767 538 mihi
1804 490 1940 553 quasi
1978 504 2075 537 non
2113 487 2283 551 legens
2308 503 2391 535 seu

248 580 428 628 videns,
503 577 562 625 Et
610 577 752 624 tertio
803 573 948 623 habet
985 589 1130 623 aures
1169 581 1215 622 et
1251 590 1350 623 non
1387 574 1543 628 audit:
1593 575 1703 637 quia
1742 573 2078 623 commendavi
2114 571 2276 621 multis
2313 587 2390 619 so-

247 665 331 712 ciis
382 660 575 726 quando
626 661 816 708 iverunt
863 658 923 707 ad
961 652 1145 722 partes,
1197 664 1251 706 ut
1287 658 1556 707 salutarent
1593 674 1733 715 enm:
1781 658 1867 708 sed
1916 659 2019 722 ipse
2067 672 2166 706 non
2215 657 2394 705 audivit

244 747 560 796 salutationes
600 760 747 802 meas,
789 744 899 807 quia
932 742 1036 791 'non
1074 743 1330 807 respondit
1366 743 1473 792 illis.
1548 743 1680 805 Ergo
1718 743 1932 807 peccatis
1969 741 2123 797 valde,
2163 742 2274 805 qnia
2301 755 2428 804 egoa

249 847 358 880 amo
398 846 507 879 vos:
557 836 605 878 et
652 843 769 890 ergo
819 827 1006 877 debetis
1044 843 1121 876 me
1159 829 1337 876 iterum
1377 843 1557 876 amare.
1634 827 1730 877 Sed
1767 842 1864 875 non
1907 827 2093 884 facitis,
2134 827 2245 890 quia
2294 841 2424 876 uon.

248 915 458 965 scribitis
504 914 622 963 mihi
668 913 801 962 nihil.
876 913 937 961 Et
981 911 1155 961 vellem
1204 911 1412 962 libenter
1459 912 1589 976 qnod
1637 912 1891 976 sepissime
1927 910 2210 960 scriberetis
2246 910 2389 958 mihi:

247 1002 355 1066 quia
395 999 591 1063 quando
631 997 741 1062 lego
779 997 966 1047 litteras
1005 1003 1216 1053 vestraS,
1272 996 1502 1060 letificant
1549 1012 1627 1045 me
1675 997 1721 1045 in
1763 996 1912 1045 corde
1949 997 2094 1045 intus,
2168 996 2391 1044 Attamen

243 1084 480 1141 intellexi,
529 1083 657 1148 qnod
705 1082 896 1132 habetis
934 1097 1116 1145 paucos
1154 1081 1423 1137 auditoreS,
1475 1087 1522 1130 et
1559 1087 1632 1131 est
1669 1080 1869 1145 querela
1920 1086 2074 1130 vestra
2127 1079 2256 1144 qnod
2295 1079 2390 1128 Bu·

243 1169 408 1219 schius
446 1175 494 1219 et
519 1168 756 1218 Caesarins
793 1167 992 1216 trahunt
1031 1167 1165 1215 vobis
1202 1165 1451 1215 scholares
1490 1172 1536 1215 et
1572 1167 1820 1230 supposita
1847 1164 2050 1214 abinde:
2091 1180 2201 1214 cum
2228 1171 2386 1213 tamen
2411 1176 2449 1208 ιο

244 1256 335 1319 ipsi
374 1269 470 1303 non
509 1254 670 1303 sciunt
706 1255 768 1302 ita
811 1268 1061 1317 exponere
1098 1258 1267 1316 poetas
1304 1250 1577 1314 Allegorice
1616 1251 1742 1300 sicut
1779 1266 1890 1306 voS,
1942 1258 1990 1299 et
2026 1248 2390 1313 superallegare

244 1354 433 1388 sacram
461 1339 769 1401 scripturam.
835 1337 991 1388 Credo
1019 1337 1147 1401 quod
1175 1336 1397 1386 diabolus
1436 1342 1509 1385 est
1544 1338 1592 1384 in
1624 1334 1723 1396 *illis
1760 1336 1931 1399 poetiS.
1996 1335 2095 1399 Ipsi
2134 1334 2392 1384 destruunt

245 1439 414 1473 omnes
450 1423 805 1474 universitates.
883 1428 930 1471 et
967 1422 1125 1472 audivi
1166 1422 1226 1470 ab
1265 1436 1364 1470 uno
1403 1422 1612 1484 Antiquo
1650 1420 1884 1483 Magistro
1922 1420 2145 1483 Lipsensi
2182 1420 2265 1483 qui
2302 1418 2392 1467 fuit

243 1509 474 1571 magister
512 1519 696 1556 XXXVI
735 1522 1002 1565 annorum,
1043 1514 1090 1556 et
1127 1507 1246 1556 dixit
1281 1506 1414 1562 mihi,
1456 1506 1650 1570 quando
1688 1506 1792 1569 ipse
1830 1505 1999 1555 fuisset
2034 1506 2235 1561 iuveniS,
2274 1510 2391 1552 tunc

242 1592 322 1642 illa
373 1593 658 1642 universitas
705 1591 832 1641 bene
879 1593 1103 1649 stetisset,
1144 1593 1255 1656 quia
1295 1592 1344 1638 in
1384 1602 1463 1638 xx
1500 1589 1771 1639 miliaribus
1821 1588 1985 1638 nullus
2022 1595 2165 1653 poeta
2203 1589 2446 1638 suisset.⁸·'‘·

244 1676 304 1726 Et
341 1677 458 1726 dixit
496 1677 639 1726 etiam
679 1676 808 1741 quod
846 1684 964 1725 tunc
1003 1677 1253 1741 supposita
1291 1674 1550 1740 diligenter
1589 1674 1960 1740 compleverunt
1996 1674 2231 1723 lectiones
2277 1688 2391 1722 suas

242 1761 471 1811 formales
510 1766 558 1810 et
594 1761 870 1811 Materiales
907 1776 993 1810 seu
1030 1760 1277 1810 bursales:
1327 1767 1375 1809 et
1419 1761 1511 1810 fuit
1547 1775 1778 1824 magnum
1815 1758 2099 1808 scandalum
2139 1759 2269 1823 quod
2307 1758 2390 1807 ali·

243 1847 349 1910 quis
397 1846 597 1895 studens
646 1847 740 1895 iret
784 1847 833 1894 in
882 1846 1039 1910 platea
1090 1851 1137 1895 et
1182 1860 1281 1894 non
1332 1839 1538 1894 baberet
1574 1845 1775 1895 Petrum
1812 1844 2080 1908 Hispanum
2119 1851 2202 1893 aut
2237 1844 2388 1894 Parva

240 1930 461 1996 logicalia
501 1930 589 1980 sub
639 1930 860 1979 brachio,
935 1930 995 1978 Et
1042 1931 1082 1979 si
1129 1930 1330 1979 suerunt
1368 1930 1706 1986 Grammatici‚
1758 1935 1876 1980 tunc
1923 1929 2187 1995 portabant
2222 1929 2393 1979 Partes
2455 1966 2456 1994 ³

239 2014 499 2064 Alexandri
548 2013 620 2064 vel
666 2015 796 2065 Vade
844 2030 1037 2064 mecum
1086 2013 1161 2063 vel
1207 2014 1502 2064 Exercitinm
1551 2031 1849 2080 puerorum,
1900 2020 1983 2064 ant
2029 2013 2164 2079 Opus
2210 2015 2384 2071 minus,
2404 2001 2456 2059 ω’

239 2105 322 2149 aut
360 2100 487 2148 dicta
525 2099 755 2149 lobannis
795 2100 1016 2150 Sinthen.
1093 2100 1153 2148 Et
1201 2100 1248 2148 in
1300 2099 1482 2148 scholis
1527 2099 1846 2150 advertebant
1884 2098 2165 2162 diligenter:
2214 2104 2262 2148 et
2305 2099 2390 2148 ha·

237 2185 453 2234 buerunt
489 2186 538 2233 in
578 2184 768 2233 honore
807 2187 1069 2247 magistros
1095 2185 1311 2233 Artium:
1353 2191 1401 2234 et
1438 2185 1633 2249 quando
1660 2185 1886 2234 viderunt
1911 2200 2062 2234 unum
2089 2184 2390 2248 Magistrum,

240 2278 354 2319 tunc
381 2270 580 2320 suerunt
606 2271 852 2334 perterriti
879 2271 1016 2334 quasi
1054 2270 1274 2319 viderent
1313 2285 1462 2319 unum
1503 2269 1769 2319 diabolum.
1844 2269 1904 2319 Et
1941 2270 2062 2318 dixit
2088 2271 2231 2318 etiam
2260 2270 2387 2333 quod

238 2361 450 2418 protunc
489 2359 663 2419 quater
701 2356 750 2403 in
788 2369 916 2404 anno
956 2354 1372 2419 promovebantur
1409 2353 1646 2404 bacularii
1684 2361 1731 2404 et
1767 2370 1963 2419 semper
2000 2369 2092 2419 pro
2144 2370 2239 2404 una
2290 2356 2390 2404 vice

239 2446 351 2488 sunt
387 2440 635 2503 sexaginta
674 2446 758 2489 aut
796 2441 1160 2504 quinquaginta.
1235 2439 1294 2488 Et
1332 2439 1413 2489 illo
1451 2448 1673 2504 tempore
1711 2441 1998 2490 universitas
2034 2439 2114 2489 illa
2152 2440 2240 2489 suit
2265 2438 2388 2488 mul-

239 2529 340 2572 tum
377 2525 425 2572 in
464 2523 604 2573 ssore.
681 2530 729 2574 et
766 2524 962 2589 quando
1001 2540 1127 2574 unus
1164 2526 1294 2573 stetit
1330 2541 1420 2589 per
1456 2540 1636 2574 annum
1676 2541 1787 2575 cum
1825 2525 2039 2581 dimidio,
2079 2525 2168 2574 suit
2193 2540 2390 2590 promo-

240 2613 317 2655 tus
354 2609 402 2657 in
440 2607 768 2665 bacularium,
821 2615 869 2658 et
915 2625 1006 2679 per
1053 2614 1155 2658 tres
1204 2624 1385 2666 annOS,
1440 2616 1524 2659 aut
1571 2610 1696 2659 duos
1734 2625 1843 2660 cum
1884 2609 2104 2667 dimidio,
2154 2611 2201 2659 in
2239 2610 2388 2672 Magi-

238 2698 417 2741 strum:
469 2700 516 2742 et
567 2695 635 2742 sic
684 2699 913 2757 parentes
966 2709 1136 2743 eorum
1184 2694 1384 2743 suerunt
1432 2695 1672 2750 contenti,
1725 2701 1772 2744 et
1807 2694 2019 2744 libenter
2057 2701 2389 2759 exposuerunt

237 2779 494 2841 pecunias:
548 2780 661 2843 qnia
710 2778 940 2827 videbant
986 2779 1117 2841 qnod
1166 2778 1253 2827 filii
1300 2781 1374 2828 sui
1421 2786 1661 2829 venerunt
1708 2780 1767 2828 ad
1815 2779 2047 2829 honores,
2125 2780 2220 2829 Sed
2260 2795 2389 2828 nunc

238 2865 484 2926 supposita
534 2861 704 2911 volunt
750 2864 920 2913 audire
958 2863 1209 2927 Virgilium
1261 2870 1308 2912 et
1343 2855 1554 2913 Plinium
1605 2871 1652 2914 et
1703 2863 1822 2913 alios
1870 2879 2020 2914 novos
2068 2870 2288 2914 autores:
2339 2871 2385 2914 et

239 2945 352 2995 licet
389 2947 590 2996 audiunt
627 2963 717 3011 per
757 2950 974 3013 quinque
1011 2950 1194 3006 AnnOS,
1234 2954 1396 2997 tamen
1436 2964 1531 2997 non
1571 2957 1948 3014 promoventur:
1987 2950 2047 3000 Et
2084 2950 2153 2999 sic
2190 2950 2385 3014 quando
2435 2979 2437 2986 κ

239 3037 491 3080 revertunt
536 3033 585 3080 in
634 3034 866 3096 patriam,
929 3033 1095 3082 dicunt
1145 3034 1214 3083 eis
1261 3039 1490 3097 parentes
1539 3033 1678 3092 ‘Quid
1730 3033 1826 3084 es?’
1887 3035 2202 3100 Respondent
2256 3034 2385 3099 quod

241 3120 353 3162 sunt
390 3115 530 3172 nihil,
581 3117 664 3165 sed
714 3118 1008 3167 studuerunt
1043 3119 1094 3166 in
1132 3117 1290 3166 Poesi.
1367 3117 1507 3166 Tunc
1543 3125 1774 3182 parentes
1812 3134 1908 3167 non
1947 3121 2107 3169 sciunt
2145 3119 2259 3185 quid
2298 3126 2383 3168 est.

241 3196 300 3245 Et
347 3199 540 3261 quando
590 3202 752 3250 vident
798 3203 928 3266 quod
977 3218 1076 3251 non
1125 3208 1238 3251 sunt
1286 3202 1626 3260 Grammatici‚
1674 3200 1793 3254 tnnc
1840 3211 1953 3254 sunt
1996 3204 2124 3254 male
2173 3205 2386 3254 contenti

241 3298 389 3346 super
426 3282 555 3332 illam
597 3287 973 3344 universitatem,
1016 3293 1065 3337 et
1100 3289 1321 3351 penitent
1359 3287 1418 3338 de
1458 3289 1678 3351 pecnnia.
1753 3289 1814 3337 Et
1850 3289 2020 3338 dicunt
2055 3295 2223 3354 postea
2249 3288 2418 3338 aliis:3

242 3366 365 3416 ‘Non
403 3369 600 3417 mittatis
637 3369 763 3418 filios
801 3378 987 3422 vestros
1027 3373 1087 3422 ad
1124 3373 1515 3431 universitatem,
1567 3375 1676 3437 quia
1716 3374 1838 3423 nihil
1876 3375 2098 3431 student,
2146 3375 2386 3424 trufantes

239 3451 289 3499 in
328 3449 499 3513 plateis
536 3467 627 3515 per
666 3460 876 3504 noctem.
931 3463 977 3505 et
1016 3463 1089 3507 est
1125 3457 1308 3507 inutilis
1349 3459 1557 3521 pecunia
1597 3474 1689 3522 que
1728 3459 1871 3508 datur
1909 3459 1968 3508 ad
2006 3458 2250 3509 studium’.
2326 3459 2387 3508 Et

459 3552 474 3575 ἱ

210 3724 215 3735 .
351 3677 361 3702 ¹
397 3677 438 3718 d.
464 3680 504 3722 4.
519 3682 557 3717 5.
647 3678 976 3733 Unckebuncg.
1000 3685 1039 3720 5.
1128 3682 1144 3707 2
1175 3679 1270 3723 lfas
1301 3688 1340 3725 5.
1431 3681 1448 3707 ⁴
1481 3685 1603 3724 .Sed
1633 3687 1722 3726 45.
1812 3684 1828 3710 ⁷
1860 3699 1883 3725 e
1916 3687 1956 3725 4.
1988 3698 2014 3738 ρ
2044 3690 2086 3728 5.
2174 3686 2190 3711 ⁸
2219 3684 2310 3726 lias
2342 3687 2384 3726 4.

236 3746 398 3787 literas
429 3751 469 3787 5.
587 3761 608 3787 e
644 3751 683 3788 4.
717 3762 742 3800 e
774 3753 813 3788 5.
931 3749 967 3774 ¹⁰
998 3750 1206 3802 Cesarius
1238 3758 1276 3792 5.
1398 3753 1430 3778 ¹3
1462 3754 1647 3806 lipsensi
1676 3758 1715 3795 4.
1833 3754 1867 3779 ¹⁴
1897 3754 1981 3798 .36.
2003 3760 2045 3796 5.
2162 3754 2197 3780 ¹⁴
2229 3769 2319 3799 .XX.
2341 3760 2380 3795 5.

235 3816 274 3842 ²⁰
310 3818 426 3859 vade
459 3820 551 3860 45.
668 3816 701 3843 ²¹
740 3819 925 3859 Ioannis
956 3824 996 3859 5.
1115 3819 1149 3844 ²⁴
1187 3822 1402 3861 baculari
1436 3826 1525 3864 45.
1645 3821 1680 3848 25
1720 3825 1957 3877 sexagnita
1989 3828 2031 3865 4.
2146 3825 2184 3851 ²3
2225 3826 2256 3866 si
2289 3828 2328 3865 4.
2342 3829 2381 3868 5.

235 3886 270 3912 ²⁹
301 3921 311 3930 .
337 3888 456 3938 Quia
489 3891 580 3928 45.
670 3888 705 3912 ³⁰
737 3903 876 3929 nones
909 3894 1000 3930 45.
1088 3889 1124 3914 3⁷
1156 3923 1165 3932 .
1189 3891 1248 3930 Et
1280 3895 1368 3932 4.5.
