2456 4264
489 258 878 287 nAlmnTA'nonns
901 257 1207 287 OBSGVRORVM
1226 258 1442 286 VIRORVM
1468 242 1728 299 [VETERESJ.
2072 231 2192 289 349

1067 469 1156 529 26.

557 599 601 648 (t
648 593 1151 668 Liripipianus
1195 589 1542 648 Pultrono
1588 610 1687 648 suo

991 703 1062 753 .S.
1093 705 1151 753 P.
1178 704 1241 753 D.

179 816 316 874 Quas
350 817 477 866 mihi
508 819 762 880 scripsisti
793 819 998 878 literas,
1050 820 1250 866 minime
1290 819 1616 879 placuerunt.
1694 817 1753 866 Si
1784 831 2001 866 summus
2029 818 2197 878 ponti-

0 901 144 962 ⁸fex,
184 903 232 950 si
262 915 477 963 maynus
512 904 598 950 ille
635 903 895 963 Erasmus,
936 906 983 952 si
1017 905 1119 952 viri
1150 904 1402 964 sapientes
1438 907 1486 950 et
1521 903 1642 950 boni
1677 903 1895 963 denique
1920 915 2087 950 omnes
2111 915 2197 949 no-

32 992 172 1036 stras
204 994 525 1037 contemnunt
559 989 813 1050 epistolas,
854 990 1058 1038 illorum
1095 990 1247 1036 etiam
1284 992 1661 1036 contemnamus
1684 976 1986 1035 sententiam
2004 1001 2201 1035 necesse

35 1077 125 1120 est.
200 1072 463 1135 Experire
516 1074 747 1134 obsecro,
800 1075 1046 1135 quomodo
1093 1074 1269 1122 vestris
1315 1074 1426 1121 istic
1472 1072 1798 1121 histrionibus
1844 1086 1907 1121 ac
1949 1074 2201 1134 parasitis

35 1162 205 1217 nostre
239 1159 493 1220 placeant
532 1157 866 1209 obscurorum
911 1159 1136 1220 epistole.
1214 1157 1366 1206 Docti
1399 1171 1568 1206 omnes
1604 1171 1798 1218 sumus,
1850 1171 2010 1218 neque
2045 1156 2199 1205 Scho-

35 1247 138 1291 tum
173 1236 404 1293 timemus⁴
433 1257 593 1304 neque
629 1244 908 1293 Platonem,
985 1243 1244 1305 Experire
1279 1244 1511 1304 inquam,
1564 1256 1717 1304 quam
1753 1245 1855 1291 sint
1889 1248 1938 1291 et
1972 1244 2196 1291 meretri-

0 1327 367 1388 oculisffrate.
443 1329 535 1377 Est
568 1329 699 1377 enim
737 1330 870 1378 risus
906 1330 959 1376 in
997 1329 1095 1376 illis
1130 1330 1341 1389 multuS,
1391 1330 1481 1390 qui
1514 1333 1563 1375 et
1598 1330 1788 1376 tristem
1826 1330 1967 1390 apud
2002 1328 2198 1388 inferos

35 1413 323 1474 Plutonem,
371 1427 644 1476 manesque
678 1415 898 1476 sepultos
935 1415 1008 1463 ad
1041 1414 1344 1462 cachinnum
1382 1415 1612 1463 ecccitare
1649 1419 1825 1474 queat,
1880 1420 2199 1476 mortuosque

35 1498 109 1546 ad
142 1499 295 1548 vitam
329 1512 590 1548 revocare.
665 1498 769 1548 Sed
804 1499 930 1561 quid
965 1501 1028 1548 de
1064 1502 1172 1548 risu
1209 1486 1438 1548 tantum?
1475 1501 1610 1548 iocos
1635 1501 1799 1548 nostri
1819 1501 2100 1550 salebrosos
2124 1501 2197 1548 lu-

34 1584 222 1645 dosque
256 1582 539 1634 theatrales
571 1586 675 1633 suis
711 1585 948 1634 adiecere
983 1587 1222 1646 epistolis,
1265 1591 1318 1634 ut
1354 1586 1578 1634 varietas
1613 1586 1726 1648 ipsa
1765 1586 1884 1647 (que
1921 1591 2041 1635 teste
2065 1586 2197 1635 Poli—

34 1671 175 1718 tiano
210 1670 480 1720 lectionum
515 1675 590 1720 est
626 1672 914 1733 irritatrix)
952 1671 1330 1720 blandissimum
1368 1685 1611 1733 quemque
1645 1672 1882 1720 lectorem
1908 1685 2008 1720 non
2036 1673 2200 1733 possit

0 1759 21 1792 ⁵
37 1767 139 1803 non
176 1755 448 1805 delectare.
523 1755 699 1805 Secuti
740 1757 1025 1806 mehercule
1069 1770 1238 1805 sumus
1281 1762 1458 1818 patres
1501 1762 1723 1818 nostroS,
1776 1759 1864 1818 qui
1896 1757 2071 1806 Iocum
2109 1759 2199 1816 dee

46 1841 254 1890 Veneris
291 1841 456 1900 (cuius
481 1847 530 1890 et
566 1855 656 1890 nos
693 1843 881 1901 assecle
905 1844 1098 1903 sumus)
1134 1844 1293 1901 lilium
1319 1856 1425 1890 esse
1451 1844 1666 1891 voluere.
1747 1841 1877 1900 Quid
1911 1844 2068 1903 iqitur
2092 1845 2199 1892 risu

34 1925 308 1976 blandius?
345 1927 470 1988 quid
504 1928 614 1976 ioco
653 1929 958 1977 iucundius?
1006 1930 1130 1989 quid
1176 1929 1368 1975 Venere
1411 1929 1641 1988 suavius,
1695 1942 1788 1989 que
1815 1929 2016 1989 prolem
2052 1943 2196 1977 suam

35 2025 134 2060 non
163 2017 334 2074 potest
381 2026 482 2061 non
529 2015 742 2062 amare?
791 2013 1091 2075 Loquantur
1128 2013 1351 2074 theoloqi
1385 2028 1478 2074 que
1515 2015 1694 2073 velint,
1745 2014 1887 2062 nobis
1936 2015 2196 2063 vivendum

35 2103 107 2146 est
139 2111 280 2146 more
316 2103 504 2147 nostro.
579 2099 705 2148 Vale
742 2099 826 2147 Ex
851 2105 1016 2148 monte
1041 2100 1292 2148 Parnaso.
1369 2101 1494 2147 Vale
1531 2099 1751 2147 obsecro.
1810 2104 1858 2147 te
1882 2101 2014 2148 enim
2041 2102 2198 2148 anxie

0 2183 230 2246 ”deperit
256 2183 535 2246 Calliopeia
563 2185 825 2234 Musarum
852 2186 1067 2233 omnium
1095 2185 1260 2233 Musa.
1339 2185 1531 2234 Iterum
1568 2186 1695 2234 vale.
1777 2184 1853 2234 Tu
1878 2187 2002 2246 quid
2024 2187 2191 2246 senti8,

35 2267 175 2317 nobis
210 2271 581 2331 quamprimum
618 2271 838 2319 rescribe
878 2265 947 2336 [et
982 2274 1085 2318 esto
1125 2270 1380 2331 Epicurus
1415 2265 1641 2338 subans].

1070 2478 1159 2540 27.

687 2604 730 2652 (Ι
775 2600 1540 2679 Petrus‘Olsontianus

631 2714 902 2764 Nicolao
937 2716 1316 2765 Haversaclc
1354 2715 1426 2765 ..S
1456 2717 1512 2764 P.
1544 2717 1604 2765 D.

0 2831 24 2903 ⁸,
183 2825 337 2877 Multi
367 2840 459 2877 nos
492 2832 828 2892 contemnunt,
870 2830 1098 2892 Nicolae,
1141 2835 1195 2879 at
1231 2845 1321 2880 nos
1363 2797 1671 2880 Thrasonem
1707 2844 1978 2892 sequamur
2009 2832 2199 2892 olorio-

37 2925 143 2961 sum
181 2917 231 2961 et
264 2913 323 2962 id
351 2926 514 2975 ⁸oenus
548 2914 800 2964 hominum
836 2916 957 2978 leve,
1000 2918 1137 2978 quod
1171 2919 1250 2965 rei
1283 2918 1481 2976 ludicre
1515 2917 1784 2978 pallentem
1822 2917 2064 2978 impendit
2087 2931 2201 2979 ope-

38 3010 175 3059 ram,
215 3011 376 3062 eaque
407 3002 737 3061 qram'ssimas
773 3002 932 3063 abiqit
967 3016 995 3049 e
1030 3007 1193 3051 mente
1228 3016 1398 3055 curas.
1474 3001 1675 3050 Salibus
1704 3000 1952 3061 fruamur
1988 3006 2036 3050 et
2072 3004 2198 3063 ioCO,

38 3083 146 3132 risu
181 3085 360 3145 etiam,
400 3087 448 3135 si
479 3100 679 3136 neeesse
713 3092 799 3136 est.
863 3083 1121 3156 [Convitiis
1157 3101 1353 3149 quoque
1388 3094 1435 3135 et
1471 3087 1790 3149 blasphemiis
1824 3093 2046 3136 nostrum
2079 3101 2203 3149 par-

38 3174 125 3217 cat
160 3163 346 3238 nemo.]
425 3158 752 3222 Comedamus
789 3174 995 3236 insuper
1031 3179 1080 3222 et
1115 3174 1341 3222 bibamus
1377 3175 1428 3222 in
1465 3174 1718 3222 charitate
1753 3187 1853 3222 non
1886 3175 2026 3234 ficta.
2106 3174 2200 3221 Pa-

4 3255 193 3335 ⁰tritos
217 3255 388 3304 adhuc
412 3257 582 3306 imitor
605 3271 795 3307 mores·
832 3258 960 3319 bibo,
1003 3259 1187 3319 rebibo,
1231 3273 1321 3308 voi
1324 3273 1367 3318 0,
1399 3260 1600 3319 devoro,
1633 3260 1770 3320 quod
1793 3272 1958 3308 omnes
1984 3260 2203 3308 assolent

30 3340 360 3401 coquomines
396 3343 509 3390 nati
540 3346 661 3392 meis
696 3345 985 3393 maioribus.
1063 3345 1186 3392 Plus
1221 3345 1402 3392 ceteris
1449 3344 1725 3404 inqurqito.
1802 3344 1996 3394 Heluor
2031 3347 2196 3406 etiam,

40 3438 202 3488 quare
224 3426 391 3475 Heluo
427 3440 604 3476 nomen
642 3429 779 3477 mihi.
867 3430 993 3478 Vale
1022 3428 1247 3488 feliciter
1283 3443 1350 3478 ex
1388 3431 1511 3477 navi
1543 3428 1804 3489 stultisera
1847 3424 1975 3498 [‚ubi
2008 3436 2061 3479 tu
2088 3433 2201 3493 pri-

41 3521 172 3562 mum
210 3511 283 3572 (si
316 3512 476 3573 voles)
514 3513 676 3562 locum
715 3507 996 3580 obtinebis].
1047 3509 1069 3581 ΙΙ

153 3691 192 3722 ¹⁰
221 3693 468 3750 Calliopea
498 3699 539 3738 2.
625 3694 664 3722 ⁸⁰
694 3696 841 3738 adhuc
876 3699 915 3738 1.
949 3711 1035 3752 ego
1066 3700 1106 3742 2.
