2456 4264
11 281 26 326 *a*
8 211 26 227 ,ι
10 135 25 182 sn·

368 342 686 373 rnrnmoonm
709 341 919 372 cssnsvlu
941 341 1277 373 PBAECEDBRTIS
1299 341 1539 372 EPISTOLAE
1562 343 1941 377 BEVCRLINIARAE.
2109 321 2228 382 123

73 480 126 529 et
153 475 374 526 indoctos
394 469 422 542 ΙΙ
444 473 681 536 homines,
719 475 772 522 in
806 474 1001 534 siynum
1025 473 1161 535 quod
1193 474 1401 522 ecclesia
1429 486 1527 521 non
1563 474 1809 534 indiceret
1843 475 2023 524 talibus
2058 476 2227 536 vafri·
2241 482 2346 536 wijb

74 561 180 612 αῖς.
252 558 362 608 Non
397 557 565 608 debuit
590 559 744 619 iqitur
778 560 831 607 in
857 570 954 608 sua
989 559 1346 606 consultatione
1380 557 1597 607 Ioannes
1634 558 1878 608 Reuchlin
1911 565 1959 608 et
1994 562 2046 608 in
2078 574 2235 612 causa

12 645 196 710 mei
218 643 402 693 talibus
434 643 510 691 uti
543 642 857 704 ambaqibus‚
898 655 1011 692 cum
1049 643 1142 691 hoc
1177 643 1254 691 illi
1296 655 1455 704 neque
1502 656 1536 691 a
1576 645 1886 695 serenissimo
1934 653 2099 695 nostro
2138 647 2235 695 im-

12 732 327 794 peratore,
367 741 526 789 neque
572 728 636 777 ab
672 728 1028 790 Archipresule
1071 727 1365 787 Moyuntino
1413 728 1769 778 demandatum
1803 736 1944 780 esset.
2018 713 2121 781 Sed
2150 734 2235 782 ni-

20 814 183 867 m
201 813 463 863 carnositas
494 813 566 873 (si
594 826 767 863 verum
799 813 962 873 fateri
992 814 1129 874 licet)
1166 817 1367 871 eccecat
1399 814 1564 862 oculos
1601 818 1665 861 ,et
1680 827 1724 862 c.

213 897 259 948 ί
292 897 677 961 Decimoquarto
704 899 876 948 scribit
906 911 959 946 se
994 910 1250 959 nunquam
1282 896 1445 958 fuisse
1479 898 1776 960 discipulum
1801 913 1949 958 sacre
1982 900 2233 962 theoloqie,

23 988 137 1036 et
155 978 278 1035 aicit
312 996 367 1033 se
396 984 625 1045 alleqare
670 985 944 1044 theologica
979 984 1109 1031 sicut
1138 984 1392 1044 sylvestris
1423 983 1660 1032 sacerdos
1698 984 1887 1043 alleqat
1920 985 2234 1034 medicinam.

22 1064 233 1121 m
258 1069 417 1130 iqitur
453 1081 616 1130 quare
650 1081 854 1118 sacram
890 1070 1196 1130 scripturam
1234 1070 1434 1117 sinistre
1469 1081 1503 1116 a
1539 1082 1592 1117 se
1637 1070 1930 1129 alleqatam
1960 1082 2058 1118 non
2095 1083 2235 1118 com-

73 1157 224 1208 fflet
265 1155 320 1203 in
361 1155 552 1203 melius.
619 1154 872 1215 mirorque
921 1155 1135 1216 amplius
1169 1167 1329 1215 quare
1373 1167 1429 1202 se
1464 1155 1557 1202 tali
1604 1167 1668 1203 ac
1706 1158 1843 1202 tanto
1878 1154 2004 1213 fidei
2035 1157 2238 1214 neyocio

72 1244 179 1290 m
201 1240 304 1290 late
331 1244 531 1301 tamque
553 1209 864 1300 arroganter
893 1240 1266 1302 interposuerit,
1299 1243 1348 1287 et
1382 1240 1482 1287 iam
1514 1240 1769 1301 pertinaci
1792 1240 1958 1288 animo
1993 1239 2074 1298 (id
2106 1240 2240 1301 quod

73 1325 401 1389 hereticorum
435 1329 531 1388 est)
569 1330 637 1374 tot
670 1325 1066 1375 universitatibus
1098 1325 1251 1374 reniti
1283 1324 1487 1373 audeat.
1557 1323 1662 1373 Sed
1687 1323 1815 1383 fecit
1849 1324 2001 1372 bonus
2032 1325 2136 1386 ipse
2163 1326 2239 1372 vir
2295 1363 2310 1375 .

16 1408 290 1462 lomnes
333 1410 583 1461 Reuchlin
626 1411 762 1473 quod
801 1412 976 1473 plures
1021 1412 1114 1459 alii
1147 1410 1411 1474 fecerunt,
1457 1411 1544 1471 qui
1588 1410 1801 1458 aliorum
1847 1408 2096 1458 bominum
2143 1422 2237 1458 ne-

74 1498 223 1562 quam
245 1497 460 1546 sinistris
489 1496 901 1559 persuasionibus
935 1496 1132 1558 decepti
1157 1510 1210 1545 se
1244 1497 1376 1558 ipsos
1411 1497 1604 1544 incauti
1628 1495 1981 1556 perdiderunt.

181 1581 260 1631 1
293 1582 664 1645 Decimoquinto
699 1582 874 1632 scribit
907 1595 960 1631 se
996 1582 1182 1631 babere
1211 1593 1403 1657 puram
1439 1582 1790 1630 conscientiam
1826 1585 1876 1629 et
1919 1581 2086 1629 omnia
2121 1594 2238 1629 cre-

75 1666 197 1717 dere
229 1680 325 1730 que
366 1669 578 1717 ecclesia
615 1667 778 1717 credit
809 1672 871 1716 ‚et
891 1681 938 1716 c.
1007 1667 1146 1716 Nihil
1179 1671 1252 1716 est
1278 1667 1372 1716 hoc
1408 1666 1602 1730 dicere,
1648 1667 1911 1715 dummodo
1954 1671 2002 1716 et
2046 1667 2238 1728 scripta

28 1757 138 1804 et
153 1752 304 1803 verba
341 1755 652 1803 contrarium
678 1753 910 1815 probent.
985 1752 1091 1803 Scit
1122 1753 1254 1802 enim
1284 1753 1390 1813 ipse
1425 1766 1520 1813 que
1545 1752 1808 1813 scripserit
1838 1742 2069 1813 reliqioso
2093 1754 2242 1814 patri

6 1905 9 1911 γ
36 1895 37 1899 1
73 1839 314 1900 mouisti-o
334 1843 511 1888 nostro
538 1838 772 1888 Conrado
794 1838 854 1888 K
849 1840 948 1889 otin
981 1837 1201 1889 Ulmensi
1222 1849 1289 1887 .V.
1316 1837 1422 1887 kal.
1451 1837 1597 1886 Febr.
1627 1836 1770 1886 Anno
1798 1837 2061 1890 .M.D.X11-
2108 1837 2243 1898 quod

18 1910 41 2009 ξ
70 1924 261 1974 cilicet
293 1923 447 1974 verba
478 1924 691 1974 debeant
729 1925 979 1974 deservire
1015 1926 1287 1974 intentioni.
1363 1923 1423 1973 Si
1464 1924 1618 1984 iqitur
1662 1923 1777 1970 talis
1818 1921 1925 1981 suit
1959 1923 2115 1983 ipsius
2151 1925 2238 1971 in-

16 2010 219 2344 {tentio
252 2018 301 2058 et
332 2009 503 2059 adhuc
536 2017 630 2067 est,
677 2011 851 2071 qualia
898 2015 1012 2059 sunt
1057 2011 1164 2059 eius
1201 2011 1391 2072 scripta
1425 2013 1473 2058 et
1505 2007 1679 2067 verba,
1727 2007 1995 2066 hereticum
2027 2010 2238 2069 procul-

12 735 39 918 *FU-«⁹⁷³
0 442 35 731 “kss-‘mw-
12 367 17 377 ·’
13 335 20 354 ⁷<

14 1454 65 1786 *vs-*w
13 995 64 1445 ww-
12 910 82 1001 *αἱ

73 2094 223 2144 dubio
256 2096 418 2157 ipsum
452 2107 558 2143 esse
583 2095 809 2144 dicamus
842 2109 1039 2145 necesse
1079 2101 1166 2144 est.
1240 2098 1291 2143 et
1314 2094 1372 2143 id
1404 2106 1573 2142 verum
1608 2105 1714 2141 esse
1738 2094 2004 2141 multarum
2031 2093 2238 2141 univer-

67 2181 271 2230 sitatum
303 2181 579 2229 testimonia
607 2181 844 2243 probant.

212 2265 258 2314 Ι
291 2264 494 2314 Decimo
527 2269 683 2314 sexto.
723 2264 847 2315 Orat
878 2267 1130 2315 humiliter
1165 2267 1460 2326 maqistrum
1491 2270 1728 2324 nostrum,
1762 2267 1817 2312 ut
1850 2275 2048 2311 errores
2087 2262 2238 2322 here-

21 2335 35 2428 ᾗ
73 2350 161 2401 n‘ci
189 2349 287 2401 sibi
316 2351 370 2400 in
405 2352 607 2413 scriptis
643 2353 919 2400 mittantur.
996 2351 1183 2400 Adiicit
1217 2363 1408 2412 quoque
1455 2349 1632 2397 Cantet
1663 2348 1786 2397 mihi
1814 2349 1984 2409 „callus
2022 2353 2070 2397 et
2108 2348 2238 2409 flebo

21 2436 35 2500 ’ξ
73 2439 139 2486 et
149 2449 196 2486 c.
226 2449 292 2487 ac
339 2437 388 2486 si
427 2436 617 2485 diceret
655 2436 775 2485 Cum
810 2436 935 2485 mihi
968 2438 1079 2486 loca
1126 2435 1453 2496 manifestata
1491 2433 1693 2495 fuerint
1737 2435 1789 2483 in
1835 2433 2011 2497 quibus
2050 2434 2236 2495 erravi,

18 2525 188 2579 §amc
215 2525 435 2586 paratus
467 2534 556 2571 ero
590 2523 757 2571 omnia
791 2535 1044 2571 revocare.
1117 2521 1222 2571 Sed

23 2616 53 2648 t*
550 2610 766 2657 astutam
806 2608 990 2670 vapido
1027 2609 1163 2668 ,aerii
1190 2607 1279 2656 sub
1310 2612 1513 2668 pectore
1547 2607 1758 2668 vulpem.

26 2679 215 2743 Ilissi
258 2691 476 2753 fuerunt
530 2695 630 2757 ipsi
681 2695 908 2756 articuli,
961 2695 1157 2757 accepit
1203 2706 1403 2743 errores
1454 2705 1568 2742 suos
1621 2705 1654 2739 a
1708 2691 1987 2740 doctoribus
2042 2695 2236 2752 nostris,

71 2776 163 2828 sed
192 2778 321 2829 nihil
351 2780 622 2839 revocavit,
665 2784 721 2829 ut
759 2778 902 2839 infra
943 2781 1096 2829 latius
1130 2787 1247 2842 post
1283 2780 1542 2841 epistolam
1578 2778 1912 2827 universitatis
1955 2781 2119 2837 nostre
2154 2792 2239 2826 se-

73 2867 293 2926 quentem
337 2868 602 2914 narratur.
680 2864 723 2913 (ἱ
769 2866 1014 2926 Arriqant
1052 2867 1208 2926 iqitur
1252 2865 1346 2914 boc
1387 2866 1493 2914 loco
1540 2877 1691 2912 aures
1742 2876 1862 2912 suas
1903 2861 2240 2925 Reuchliniste

23 2948 277 3011 qu‘dam
309 2956 358 3000 et
393 2951 446 2999 in
481 2950 636 3000 corde
673 2950 874 3000 doleant
904 2953 994 3013 qui
1025 2965 1123 3000 non
1159 2951 1467 3001 erubuerunt
1495 2949 1649 3010 falsis
1682 2948 2105 2998 susurrationibus
2130 2949 2240 2997 cir-

27 3024 326 3095 fcumsme
353 3040 405 3085 et
435 3037 614 3086 multos
650 3036 903 3100 decipere,
957 3037 1200 3097 dicentes,
1241 3037 1376 3099 quod
1417 3037 1623 3085 articuli
1655 3035 1854 3083 erronei
1884 3047 1979 3083 non
2019 3039 2178 3082 essent
2215 3030 2236 3099 Η

72 3117 171 3182 ipsi
195 3132 294 3183 per
322 3128 513 3171 nostros
549 3123 690 3171 missi
725 3128 786 3172 ‚et
804 3137 847 3172 c.
923 3123 1031 3182 Hec
1068 3128 1230 3172 autem
1268 3123 1387 3184 quia
1423 3123 1576 3172 latius
1608 3119 1752 3181 infra
1782 3119 2087 3182 probaturus
2115 3131 2236 3180 sum,
2251 3122 2351 3177 viij

33 3216 49 3258 ⁴<
73 3208 136 3254 α’
152 3206 271 3268 quia
306 3206 376 3255 in'
395 3208 604 3269 epistola
639 3210 864 3270 sequenti
891 3213 1093 3271 patent,
1133 3208 1216 3257 hic
1250 3209 1401 3257 missa
1430 3207 1588 3267 facio.

48 3352 52 3356 .
212 3289 256 3340 ί
288 3290 707 3355 DecimoseptimO.
761 3294 854 3343 hoc
888 3295 941 3343 in
966 3296 1149 3356 primis
1186 3293 1460 3342 notandum
1489 3297 1560 3341 est
1591 3291 1725 3353 quod
1750 3290 1967 3339 Ioannes
1993 3289 2238 3339 Rcuchlin

32 3437 36 3442 ¹
72 3373 272 3440 'bt-imit
301 3391 355 3427 se
388 3380 511 3429 velle
543 3378 742 3428 obedire
774 3380 1055 3429 doctoribus
1081 3380 1262 3428 nostris
1298 3384 1346 3428 ct
1379 3379 1545 3427 omnia
1581 3390 1633 3425 se
1664 3375 1945 3437 facturum,
1978 3376 2239 3425 dummodo

160 3466 209 3512 et
249 3477 362 3513 cum
395 3464 599 3530 ‚honore
645 3465 855 3513 nominis
896 3466 991 3513 sui.
1069 3465 1154 3514 Sic
1193 3465 1323 3513 enim
1374 3464 1456 3523 (id
1494 3462 1628 3525 quod
1675 3474 1864 3522 neqare
1910 3474 2007 3510 non
2052 3465 2235 3523 potest)

297 3550 500 3611 scripsit
531 3550 583 3597 in
612 3549 836 3598 omnibus
866 3551 1086 3611 epistolis
1121 3551 1225 3599 suis
1261 3550 1334 3599 ad
1363 3550 1627 3611 magistros
1663 3552 1855 3595 nostros
1889 3546 1953 3595 ab
1979 3560 2036 3596 eo
2062 3548 2235 3595 missis.

147 3631 151 3634 ’
199 3633 324 3696 quid
350 3633 443 3683 lioc
477 3639 552 3683 est
576 3635 622 3683 si
649 3636 847 3683 vanitas
882 3647 979 3683 non
1012 3632 1117 3684 cst?
1162 3635 1318 3684 Pueri
1363 3636 1531 3685 volunt
1575 3636 1704 3683 male
1729 3631 1911 3693 facere
1946 3632 2038 3681 sed
2068 3634 2240 3680 nolunt

118 3718 126 3722 ’
202 3719 284 3780 oi,
330 3719 443 3768 Fur
489 3720 694 3781 quidam
732 3719 943 3781 furatus
980 3727 1052 3770 est
1084 3722 1317 3780 calicem,
1362 3721 1454 3770 sed
1483 3734 1580 3769 non
1612 3722 1715 3769 vult
1748 3718 2011 3781 suspendi,
2059 3718 2235 3766 Petrus

79 3790 92 3799 ”
158 3791 286 3865 'iqua
312 3805 404 3854 sed
431 3818 528 3854 non
562 3807 665 3855 vult
699 3808 926 3867 confiteri
963 3811 1025 3855 ‚ct
1043 3821 1089 3856 c.
1168 3807 1264 3867 Oui
1291 3807 1490 3870 publice
1530 3810 1731 3870 peccat,
1779 3805 1974 3869 publice
2016 3802 2237 3866 peniteat

187 3985 221 4015 ¹⁷
251 3990 318 4043 Cf.
343 3990 466 4031 infra
497 4004 603 4048 pag.
627 3991 734 4048 fiiij.
824 3992 860 4018 ²⁶
892 3993 1015 4033 Pers.
1041 3995 1127 4034 sat.
1153 3994 1205 4034 V.
1233 3991 1324 4036 117.
1350 4004 1512 4034 servas
1546 3991 1645 4045 (non
1677 3987 1829 4042 gffirit).
