2456 4264
221 237 342 295 294
809 257 1047 286 EPISTOLAE
1070 257 1374 285 OBSCVRORVM
1394 256 1605 285 VIRORVM
1627 256 1775 285 NOVAE.

222 408 364 456 quam
407 405 499 438 una
539 390 679 438 unica
720 400 928 451 persona
968 401 1078 435 cum
1117 384 1353 451 pecunia’.
1428 386 1567 434 Tunc
1604 398 1732 434 unus
1769 385 1906 434 dixit:
1948 386 2003 434 ‘O
2030 391 2197 435 sancte
2224 385 2359 441 deuS,

222 491 365 540 quain
416 474 577 535 magni
624 485 834 534 nequam
884 474 999 519 sunt
1042 472 1122 519 isti
1167 470 1393 519 monachi
1431 470 1626 533 quando
1665 469 1900 533 colligunt
1937 485 2118 519 caseos.
2193 470 2361 535 Nuper

223 560 311 608 snit
347 559 519 606 Frater
548 555 619 605 .N.
648 555 794 604 huius
841 556 1126 604 monasterii
1162 555 1241 603 hic
1278 556 1326 603 in
1367 553 1472 603 villa
1511 569 1621 604 mea
1660 559 1707 603 et
1743 554 1894 603 voluit
1930 555 2049 603 mihi
2086 570 2244 604 meam
2281 571 2360 604 so-

224 658 385 691 rorem
436 656 546 690 cum
594 643 832 703 potestate
879 638 1111 688 lardasse.
1186 639 1295 703 lpse
1344 639 1526 703 fugavit
1572 654 1678 688 eam
1725 654 1815 704 per
1862 640 2071 702 gradum
2117 654 2265 704 supra
2311 641 2362 688 in
2426 645 2431 653 '

221 728 446 782 domum,
489 725 536 775 et
573 724 790 774 cucurrit
827 725 870 773 ei
906 730 1038 789 post,
1080 729 1127 773 et
1164 725 1275 773 iecit
1313 739 1418 773 eam
1457 723 1517 772 ad
1554 722 1760 780 lectum,
1811 729 1858 773 et
1893 723 2042 773 voluit
2077 723 2237 773 levare
2275 729 2411 773 cu-s‘

222 809 396 860 cullam
437 815 483 859 et
520 824 632 858 cum
660 808 832 858 Datulo
870 809 1072 859 inferius
1110 808 1184 858 ad.
1258 814 1376 858 tunc
1413 822 1556 858 soror
1595 807 1840 858 clamavit:
1879 809 2016 866 „Her
2040 808 2116 866 N„
2157 809 2256 858 Her
2285 809 2360 866 N„

224 899 435 946 cessate:
488 909 578 958 ego
618 893 774 943 clamo
813 895 942 959 quod
981 894 1139 943 omnis
1177 893 1324 942 homo
1351 893 1484 943 audit
1510 900 1556 943 et
1579 900 1696 943 tunc
1724 893 1944 943 diabolus
1970 909 2054 943 vos
2079 894 2362 957 permerda-

221 979 337 1030 hit”.
413 979 552 1029 Tunc
588 979 691 1042 ipse
729 978 846 1028 dixit
892 978 1020 1028 “Per
1059 993 1239 1043 corpus
1275 983 1414 1028 tuum
1453 978 1553 1027 noli
1590 978 1823 1028 clamare:
1863 978 1967 1042 Ego
2004 978 2113 1027 volo
2147 979 2235 1028 tibi
2271 994 2363 1043 pro

224 1064 536 1115 Dedicatione
574 1063 753 1128 aliquid
793 1079 957 1114 emere
995 1063 1125 1129 quod
1164 1063 1309 1113 debet
1345 1063 1559 1113 medium
1608 1064 1851 1112 florenum
1897 1062 2104 1113 valere”.
2179 1063 2363 1114 Deinde

223 1150 352 1199 venit
387 1155 567 1198 mater:
617 1154 730 1198 tunc
767 1149 871 1214 ipse
910 1149 1161 1198 descendit
1198 1155 1246 1198 et
1281 1148 1483 1198 Datulus
1522 1149 1566 1197 ei
1604 1147 1763 1198 adhuc
1808 1149 1962 1205 stetit,
2016 1147 2144 1213 quod
2193 1147 2363 1198 levavit
2381 1144 2431 1194 ιο*

225 1234 315 1284 sibi
352 1232 593 1284 cucullam
632 1235 768 1297 quasi
805 1233 1011 1283 haberet
1048 1234 1243 1283 dentem
1280 1234 1443 1283 Rastri
1480 1233 1710 1283 inferius'.
1784 1233 1925 1283 Tunc
1961 1248 2089 1282 unus
2126 1233 2249 1283 alius
2286 1249 2363 1283 so-

223 1321 328 1368 cius
366 1319 518 1379 dixit:=
557 1319 623 1368 ‘Si
671 1318 760 1368 iste
807 1334 1017 1383 nequam
1056 1318 1150 1368 hoc
1187 1320 1382 1368 fecisset
1419 1319 1578 1367 sorori
1615 1334 1752 1383 mee,
1801 1318 1904 1383 Ego
1940 1317 2113 1368 vellem
2154 1319 2197 1368 ei
2234 1319 2365 1369 testi-

224 1402 360 1453 culos
398 1403 658 1453 excindere
697 1408 744 1452 et
780 1403 884 1452 aliis
921 1403 1174 1452 monachis
1211 1405 1405 1452 mittere
1431 1403 1491 1452 ad
1520 1403 1875 1454 comedendum
1902 1404 1950 1452 in
1977 1410 2130 1464 aceto,
2171 1403 2365 1468 quando

223 1487 461 1537 haberent
499 1488 674 1537 festum
700 1486 855 1537 Iovis’.
931 1489 1070 1538 Tunc
1108 1488 1189 1538 ille
1228 1490 1405 1538 iterum
1431 1488 1578 1538 dixit:
1620 1489 1729 1538 ‘Per
1756 1488 1920 1545 deum,
1962 1504 2052 1553 ego
2079 1504 2178 1538 non
2205 1487 2364 1538 haheo
2438 1502 2442 1504 ·

223 1571 315 1622 sibi
342 1587 433 1637 pro
459 1572 603 1630 malo,
644 1574 756 1637 quia
795 1588 990 1637 semper
1028 1579 1142 1623 sunt
1177 1572 1368 1622 inclusi.
1444 1574 1547 1637 Ego
1575 1574 1724 1623 credo
1750 1574 1944 1639 quando
1972 1575 2134 1624 asinus
2161 1573 2368 1624 haberet
2382 1565 2432 1620 ιδ*

221 1655 419 1722 peplum
459 1671 630 1721 supra,
672 1657 801 1721 quod
839 1672 937 1706 non
977 1664 1103 1708 esset
1140 1674 1345 1708 securus
1382 1674 1472 1724 pre
1512 1659 1642 1724 ipsis.
1719 1665 1768 1708 et
1803 1673 1957 1723 quare
1995 1674 2091 1708 una
2130 1658 2368 1709 feminalis

222 1743 383 1804 imago
434 1757 531 1790 non
578 1741 782 1792 deberet
831 1743 899 1792 eis
934 1742 1150 1793 tenere?’
1195 1743 1335 1792 Tunc
1375 1759 1501 1793 unus
1538 1744 1715 1793 iuravit
1752 1748 1800 1793 et
1837 1743 1955 1792 dixit
1993 1743 2124 1807 quod
2161 1743 2367 1795 Ioannes
2422 1742 2423 1745 ’

220 1825 457 1876 Reuchlin
504 1825 604 1876 vult
650 1828 700 1875 in
746 1842 898 1877 unum
946 1827 1126 1877 librum
1176 1828 1404 1892 colligere
1442 1843 1614 1879 omnes
1650 1828 1890 1892 nequitias
1928 1828 2282 1879 monachorum
2320 1830 2369 1878 in

222 1911 442 1960 Almania
480 1926 570 1975 per
606 1927 773 1961 unum
799 1918 1053 1977 vagantem
1094 1912 1339 1969 hincinde,
1380 1914 1438 1963 Et
1475 1913 1577 1964 vult
1613 1913 1720 1963 illas
1747 1913 2058 1963 sanctissimo
2097 1915 2278 1964 offerre
2315 1919 2379 1964 et

222 1995 322 2045 vult
367 1996 529 2046 dicere
580 1997 694 2046 ‘Cur
742 1995 820 2047 ille
858 1997 1119 2047 Hochstrat
1167 2013 1264 2047 non
1313 1999 1523 2063 extirpat
1559 1998 1689 2048 illam
1726 1973 1970 2048 luxuriam
2016 1999 2142 2047 inter
2191 1998 2426 2051 Γνεῑνοειῦ

222 2081 379 2131 suos?
428 2081 488 2130 Et
526 2081 644 2130 dixit
681 2080 762 2131 ille
802 2083 933 2147 quod
972 2083 1198 2132 monachi
1238 2083 1390 2134 fetent
1427 2085 1551 2133 sicut
1588 2084 1723 2133 Hirci
1761 2083 1956 2151 quando
1994 2082 2196 2141 sudant,
2236 2090 2284 2133 et
2321 2085 2367 2133 in
2402 2079 2404 2082 ’

223 2182 306 2215 sua
346 2167 501 2230 patria
540 2167 932 2218 veneficaverunt
969 2183 1139 2217 omnes
1176 2170 1490 2226 meretrices,
1530 2175 1577 2218 et
1614 2169 1811 2234 quando
1848 2170 1955 2234 ipse
1991 2167 2093 2218 vult
2129 2169 2281 2218 semel
2319 2170 2367 2218 in

222 2253 510 2301 necessitate
547 2266 763 2316 purgare
801 2267 959 2311 reneS,
1000 2259 1115 2303 tunc
1153 2255 1256 2319 ipse
1295 2260 1431 2318 putat
1468 2254 1599 2318 quod
1636 2253 1796 2303 lardat
1832 2253 2129 2303 monachum
2166 2260 2369 2319 propter

222 2335 355 2386 illum
402 2336 608 2400 fetorem
655 2352 800 2402 quem
851 2345 1186 2402 conceperunt
1230 2355 1287 2388 ex
1334 2340 1601 2389 monachis,
1677 2339 1834 2403 Ergo,
1885 2338 2115 2403 Magister
2153 2339 2366 2396 Ortvine‚
2416 2347 2456 2379 ,ἢ

223 2436 305 2469 vos
343 2422 455 2471 estis
494 2436 664 2471 eorum
703 2423 887 2472 fautor.
927 2422 1044 2472 Ideo
1083 2424 1184 2472 sitis
1222 2428 1350 2480 ante,
1391 2424 1520 2489 quod
1559 2423 1809 2474 habebunt
1847 2424 1990 2474 etiam
2029 2418 2432 2488 inquisitorem&

224 2507 436 2555 Luxurie
485 2505 746 2556 salacitatis
792 2508 852 2556 ad
900 2506 1036 2557 illum
1076 2509 1341 2559 Hochstrat
1386 2510 1469 2573 qui
1519 2513 1593 2560 est
1639 2509 1899 2575 inquisitor
1946 2509 2162 2573 heretice
2210 2510 2369 2574 pravi-

223 2592 354 2640 tatis:
393 2596 509 2640 tunc
545 2607 626 2642 res
663 2591 790 2642 bene
828 2592 974 2642 stabit
1012 2608 1123 2642 cum
1161 2594 1292 2659 ipsis
1367 2592 1453 2643 Vel
1490 2595 1530 2643 si
1566 2593 1739 2644 saltem
1776 2595 1996 2644 facerent
2033 2594 2222 2645 occulte
2248 2595 2371 2645 sicut

224 2677 445 2740 ipsorum
481 2678 677 2740 priores
715 2678 799 2742 qui
837 2684 1011 2726 vocant
1049 2693 1130 2728 eas
1169 2678 1229 2727 ad
1268 2677 1453 2735 cellas‚‘
1478 2678 1546 2728 ibi
1584 2694 1729 2730 nemo
1767 2684 1928 2745 potest
1964 2678 2155 2730 videre:
2205 2680 2264 2730 Et
2300 2680 2369 2730 sic

226 2759 350 2810 bene
387 2762 617 2812 transiret
651 2761 793 2811 hinc:
833 2762 1083 2812 Manifeste
1121 2769 1282 2813 autem
1321 2764 1390 2813 sic
1428 2779 1578 2829 super
1616 2780 1697 2814 eas
1735 2764 1937 2820 cadere,
1979 2769 2052 2813 est
2087 2763 2370 2815 scandalum

229 2846 313 2893 toti
359 2846 532 2896 ordini.
607 2846 722 2896 Ideo
771 2849 958 2897 faciatis
1004 2847 1179 2898 melius
1225 2848 1284 2898 ad
1333 2850 1442 2898 hoc.
1516 2850 1633 2899 Post
1678 2849 1770 2914 hec
1817 2849 1977 2898 omnia
2018 2851 2152 2899 'traxi
2190 2847 2426 2900 iterum&

226 2929 285 2977 ad
325 2930 541 2988 Curiam,
592 2930 653 2980 Et
699 2931 858 2982 adhuc
904 2932 972 2981 ibi
1020 2939 1224 2998 expecto
1263 2936 1444 2997 gratias
1494 2935 1586 2985 dei.
1662 2934 1841 2984 Valete.
1917 2934 2091 2984 Datum
2127 2934 2281 3002 Rome
2319 2936 2370 2984 in

225 3012 501 3064 Refectorio
540 3016 773 3080 Capitolii.

978 3254 1061 3316 67.
1139 3257 1494 3329 [Appendicis
1533 3261 1607 3326 5.]

522 3367 799 3429 Frater
838 3370 1252 3434 Nollerius
1303 3373 1534 3435 Stech
1581 3373 1657 3434 de
1697 3371 2077 3437 Calabria

967 3484 1292 3554 Magistro
1332 3487 1614 3540 Ortvino
2379 3495 2420 3531 ³⁵

222 3593 433 3642 Devotas
480 3607 614 3642 meas
661 3596 906 3646 orationes
938 3604 1053 3662 opto
1107 3600 1244 3649 vobis
1296 3600 1406 3650 loco
1444 3600 1625 3651 salutis,
1701 3600 1999 3652 Excellentia
2037 3607 2195 3652 vestra
2232 3601 2369 3650 theo-

227 3676 444 3754 logicalis
489 3679 578 3726 scit
627 3680 758 3743 quod
807 3695 897 3744 ego
948 3683 1042 3731 iam
1090 3686 1196 3733 veni
1234 3687 1371 3748 quasi
1407 3688 1701 3750 peregrinus
1746 3702 1803 3736 ex
1840 3691 2006 3736 monte
2043 3686 2202 3751 Synai.
2276 3685 2369 3735 Ne·
2451 3670 2454 3692 ³

338 3889 354 3915 ⁵
385 3892 446 3931 Et
475 3894 515 3934 5.
606 3889 638 3916 ¹¹
670 3889 705 3945 2³]
731 3922 740 3932 .
773 3896 815 3933 5.
903 3890 939 3917 ²⁴
968 3894 1029 3933 M.
1053 3893 1194 3935 o2tui.
1217 3898 1258 3934 5.
1346 3892 1382 3920 ²8
1412 3894 1481 3935 Aa
1511 3899 1551 3935 5.
1918 3895 1955 3922 ³5
1985 3898 2046 3937 Μ.
2068 3900 2109 3937 5.
