2456 4264
210 251 330 309 532
840 271 1165 300 EPISTOLARVM
1190 271 1491 300 OBSCVRORVM
1515 270 1726 299 VIRORVM

618 404 779 449 ‘lorius
817 402 984 448 stissus
1021 407 1092 447 est
1128 397 1384 462 presbyteri
1422 401 1667 462 clepores’;

211 479 317 523 item
360 476 520 521 tertius
558 487 698 519 unum
735 472 972 533 pulchrum
1010 471 1297 533 Epitaphium
1333 472 1388 517 ad
1426 472 1712 532 sepulchrum
1750 471 1966 533 lapidem:

621 543 858 590 ‘Iohannes
899 549 970 588 est
1006 556 1156 593 mors,
1197 543 1319 603 quod
1355 542 1465 588 fecit
1500 543 1610 587 mihi
1647 557 1732 593 vae,

619 620 746 660 orate
784 627 868 674 pro
910 612 1019 663 sibi,
1059 614 1175 658 Deus
1219 612 1350 658 habet
1389 628 1521 659 suum
1560 615 1734 659 anima'.

210 688 287 733 Sin
328 693 474 732 autem
514 699 604 730 non
644 691 713 730 est
750 684 1037 738 luxurioSUS‚
1088 683 1130 728 id
1179 690 1248 729 est
1295 684 1433 743 lfistig
1484 684 1538 730 ad
1588 698 1770 742 versos,
1819 683 1895 729 sed
1934 685 2065 731 etiam
2104 686 2158 731 ad
2195 700 2358 746 prosos
2392 694 2411 726 5

210 758 496 806 dictamInas‚
537 769 621 814 ego
660 754 881 815 proposui
921 754 986 799 eis
1024 754 1204 800 modum
1243 754 1462 805 dictandi,
1501 769 1555 800 ex
1592 769 1683 815 quo
1722 755 1874 801 statim
1914 762 2046 801 erunt
2083 756 2231 802 facere
2267 757 2360 816 epi-

211 826 367 873 stolas.
442 827 549 872 Cum
597 827 684 872 hoc
732 838 905 885 occupo
953 839 1022 870 me
1068 839 1170 870 cum
1217 826 1283 870 eis
1322 825 1439 886 apud
1478 825 1742 872 Oratoribus
1780 832 1826 870 et
1860 825 2027 871 Poetis.
2101 826 2205 872 Lexi
2242 826 2358 871 enim

211 900 299 944 huc
335 911 480 957 usque
519 895 764 955 Vergilium
803 909 941 956 super
976 895 1165 947 Lucam,
1205 894 1460 942 Ciceronem
1499 909 1636 957 super
1672 896 1886 946 Marcum,
1925 894 2246 951 Quintilianum
2286 912 2358 942 su-

211 983 293 1029 per
319 966 587 1018 Iohannem,
626 967 833 1012 Plautum
872 966 926 1011 de
963 965 1093 1012 beata
1130 966 1312 1026 Virgine
1350 974 1395 1012 et
1420 967 1652 1012 Horatium
1691 967 1744 1012 de
1770 965 1816 1014 S.
1839 966 2094 1013 Catharina.
2167 967 2222 1012 Et
2258 966 2359 1027 lego

211 1041 275 1084 eis
323 1037 514 1084 multum
564 1037 677 1083 hona
728 1039 846 1083 circa
893 1037 1232 1097 impediinentas
1270 1037 1505 1083 Alexandri
1555 1050 1732 1098 semper
1780 1051 1917 1098 super
1953 1037 2068 1083 duos
2104 1051 2261 1083 versos
2299 1038 2417 1082 vi-10

211 1109 324 1169 giuti
366 1115 586 1169 quattuor
619 1110 853 1168 Arguitur.
928 1107 981 1153 Et
1020 1108 1178 1154 modos
1216 1107 1495 1167 significandi
1532 1108 1742 1154 Iohannis
1780 1108 1833 1153 de
1859 1107 2143 1158 Garlandria,
2181 1110 2225 1153 in
2263 1109 2360 1168 qui-

214 1181 298 1225 hus
338 1179 547 1239 discipuli
586 1179 672 1224 mei
710 1179 899 1224 multum
937 1186 1277 1224 crescaverunt:
1317 1179 1383 1225 sic
1421 1188 1465 1224 et
1505 1187 1551 1224 tu
1588 1192 1752 1245 posses
1779 1181 1821 1224 in
1846 1178 1969 1224 brevi
1994 1192 2199 1225 crescare
2225 1193 2360 1240 super

215 1263 372 1295 omnes
413 1249 564 1295 socios
605 1256 735 1300 tuos,
776 1249 908 1294 etiam
950 1249 985 1294 si
1026 1249 1221 1295 solveret
1258 1251 1321 1296 eis
1359 1250 1526 1296 collum
1565 1264 1734 1296 eorum.
1809 1249 1863 1295 Et
1889 1249 1978 1295 eris
2005 1248 2204 1295 scribere
2229 1264 2360 1296 unam

210 1321 446 1381 pulchram
487 1319 685 1365 litteram
725 1321 778 1366 ad
816 1320 1082 1366 avunculum
1122 1328 1272 1372 tuum,
1321 1321 1556 1366 Dominum
1595 1320 1813 1366 Iohannes
1850 1319 2229 1382 Lappenhauser,
2268 1320 2360 1381 ple-

209 1391 355 1438 banus
397 1393 440 1436 in
478 1390 718 1437 Weidlich.
791 1390 846 1436 Et
892 1392 982 1436 eris
1030 1390 1069 1436 ei
1107 1391 1404 1452 persuadere,
1456 1392 1576 1453 quod
1624 1398 1668 1438 te
1714 1393 1863 1437 mittat
1909 1391 2047 1437 semel
2086 1391 2265 1437 trahere
2303 1391 2354 1437 ad
2381 1397 2418 1428 ¹⁵

211 1477 343 1508 unam
383 1461 517 1508 altam
555 1461 781 1512 scholam,
818 1463 936 1508 sicut
973 1468 1018 1507 et
1055 1476 1140 1521 ego
1181 1463 1286 1508 steti
1325 1464 1369 1507 in
1408 1463 1705 1509 Universitate
1743 1460 2126 1509 Getschwellensi.
2199 1462 2349 1508 Valete

212 1532 390 1579 soelicis.
464 1533 622 1577 Datum
670 1532 833 1593 raptim
872 1532 1046 1579 Basiliae
1084 1537 1126 1578 2.
1167 1533 1261 1579 Kal.
1300 1533 1528 1580 Martialis.
1567 1533 1620 1578 A.
1657 1532 1836 1578 Christo
1875 1531 1998 1578 mille
2035 1532 2364 1593 quadringenta

208 1604 556 1664 nongentesimo
594 1618 733 1649 nono.

353 1702 461 1747 Item
499 1701 612 1761 legit
652 1703 715 1747 eis
755 1716 888 1762 parva
928 1702 1151 1748 naturalia
1189 1711 1234 1747 et
1272 1701 1391 1748 inter
1428 1709 1591 1749 caetera
1630 1702 1946 1764 pronunciavit
1983 1704 2046 1749 eis
2084 1703 2138 1751 ad
2162 1718 2364 1764 poenam:

214 1773 278 1818 sic
315 1772 567 1822 advertam,
620 1772 741 1832 quod
788 1772 940 1817 vinum
990 1779 1059 1818 est
1106 1772 1299 1833 triplicis
1347 1780 1539 1819 naturae.
1612 1773 1762 1820 Primo
1809 1773 1918 1820 facit
1954 1773 2122 1821 bonum
2161 1774 2360 1836 sanguis.
2381 1789 2424 1821 2⁰

213 1842 417 1889 Secundo
458 1842 581 1891 facitx
605 1843 740 1888 corda
779 1842 927 1888 laetiae.
1005 1843 1159 1889 Tertio
1198 1843 1382 1904 proiicit
1421 1845 1622 1891 rusticus
1661 1844 1715 1891 ad
1752 1844 1970 1893 merdum.

210 2067 404 2121 virginis
434 2079 599 2108 nomen
631 2069 889 2120 gerentem,
924 2066 966 2111 Q
999 2063 1252 2123 Sungfrctu,
1288 2079 1388 2107 cum
1418 2080 1531 2109 veru
1562 2065 1708 2121 (veru,
1740 2069 1965 2118 verueris,
1993 2083 2078 2122 pro
2110 2068 2368 2122 cacumine)

211 2151 346 2192 super
384 2138 550 2180 sidera.
587 2138 668 2178 sed
699 2137 890 2188 fortasse
927 2138 1129 2189 magister
1167 2149 1308 2178 amens
1345 2151 1475 2179 mons
1513 2150 1596 2190 pro
1635 2152 1762 2180 mens
1800 2143 1976 2192 leyerat.
2093 2139 2107 2167 ¹
2139 2141 2284 2182 Iorius
2313 2157 2369 2176 =

213 2209 437 2263 Georgius
470 2205 652 2264 (sssstess)
686 2208 856 2249 Stissus
887 2221 1034 2249 nomen
1067 2207 1245 2258 familioe
1274 2222 1367 2250 esse
1404 2212 1580 2252 videtur.
1621 2209 1828 2264 clepores
1857 2226 1914 2246 =
1943 2206 2165 2264 κλέπτης,
2200 2211 2295 2258 fur,
2325 2217 2369 2252 ut

210 2282 428 2321 diceretur
468 2279 692 2332 Georgius
733 2279 903 2320 Stissus
946 2278 1215 2332 presbytero
1255 2279 1425 2320 furtum
1463 2279 1626 2324 fecit'?
1739 2282 1986 2336 prespiter-i
2008 2286 2048 2320 Ζ.
2165 2281 2369 2335 clepotes

211 2353 297 2391 alii.
384 2350 401 2375 ²
434 2351 491 2392 ad
522 2363 617 2405 sep.
640 2351 731 2404 lap.
754 2365 831 2394 om.
857 2351 897 2386 Z·
984 2351 1003 2378 ⁴¹
1032 2355 1159 2396 Deus
1188 2349 1332 2391 habet
1361 2363 1491 2391 suum
1522 2350 1692 2406 anima]
1725 2353 1801 2394 Sic
1834 2356 1880 2394 et
1909 2352 1957 2393 in
1979 2352 2102 2394 Elsae
2135 2353 2370 2407 epitaphio

212 2435 284 2474 ap.
310 2420 545 2462 Olearium
577 2422 632 2462 de
665 2421 752 2463 fide
776 2423 1133 2465 concubinarum
1155 2422 1243 2476 (ed.
1266 2421 1490 2463 Zarncke.
1515 2436 1558 2477 p.
1580 2421 1694 2476 93.):

548 2493 651 2534 Hoc
682 2494 808 2535 iacet
837 2495 1054 2549 ingenuae
1081 2495 1243 2536 formae
1274 2492 1385 2534 Elsa
1415 2493 1674 2548 sepulchro.

553 2562 699 2604 Grata
732 2564 820 2604 fuit
849 2565 963 2607 Elsa
993 2563 1317 2607 manecultello
1347 2561 1466 2619 [dem
1497 2563 1797 2620 Friilzmesser]
1828 2578 2031 2620 semper,

553 2634 666 2684 Quae
698 2634 802 2675 dum
831 2637 971 2690 vixit,
1003 2637 1054 2678 in
1083 2637 1189 2678 rufa
1217 2635 1379 2676 tunica
1408 2635 1516 2676 ixit:

550 2704 605 2744 In
635 2706 742 2746 rufa
771 2707 953 2748 tunica:
987 2708 1113 2749 Deus
1143 2707 1289 2748 habet
1319 2717 1447 2747 suum
1479 2706 1647 2748 anima.

550 2775 640 2825 Qui
672 2782 773 2817 orat
802 2791 882 2831 pro
914 2791 1091 2831 secum,
1125 2778 1267 2819 debes
1299 2776 1536 2819 comedere
1568 2791 1761 2822 mecum.

550 2846 610 2885 Et
640 2847 679 2887 si
710 2850 856 2889 suntis
888 2849 1037 2901 mille,
1071 2862 1228 2891 omnes
1259 2847 1404 2890 oratis
1433 2861 1515 2902 pro
1546 2848 1641 2890 ille.
1702 2849 1862 2891 Amen.

217 2927 344 2955 suum
377 2913 467 2968 an.]
504 2915 687 2957 Gallicus
715 2918 783 2959 hie
807 2920 943 2970 fuisse
973 2921 1163 2961 videtur:
1194 2932 1278 2960 son
1309 2919 1422 2960 ¹ame.
1511 2917 1530 2944 ⁵
1561 2917 1647 2973 est]
1682 2934 1730 2961 es
1762 2923 1801 2958 Z.
1888 2933 2046 2963 versus
2079 2925 2118 2959 Z.
2209 2917 2366 2974 etiam]

218 2984 366 3037 potius
399 2988 439 3021 Z.
546 3000 705 3039 prosos
737 2992 783 3029 et
815 2990 872 3030 ad
904 2991 947 3032 d.
980 2994 1019 3029 Z.
1107 2991 1124 3017 8
1154 2989 1398 3044 Virgilium
1430 2989 1469 3022 Z·
1556 2990 1573 3015 ⁹
1604 2992 1824 3032 Ioannem
1857 2993 1895 3027 Z.
2004 2997 2168 3032 saneta
2197 2991 2370 3032 Kathe-

218 3055 319 3094 rina
353 3057 389 3090 Z.
479 3053 510 3081 ¹¹
542 3057 603 3097 Et
714 3059 993 3103 Garlandria
1022 3074 1100 3102 om.
1125 3065 1165 3099 Z.
1256 3059 1290 3086 ¹²
1318 3061 1409 3102 mei
1439 3061 1552 3102 disc.
1578 3065 1616 3098 Ζ.
1705 3060 1740 3088 ¹³
1770 3065 1873 3103 tuus
1905 3066 1945 3099 Ζ.
2036 3060 2072 3088 ¹⁴
2102 3063 2298 3103 Ioannes
2331 3066 2370 3099 Ζ.

217 3123 253 3149 ¹⁵
273 3124 489 3177 Wytloch
512 3132 549 3165 Z.
573 3128 750 3182 (fictum
771 3144 937 3173 nomen
969 3130 1264 3183 obscaenum).
1327 3128 1361 3156 ¹⁶
1393 3131 1787 3174 Getschwellensi.
1812 3134 1908 3174 edd.
1931 3139 1973 3174 et
1995 3134 2034 3171 Z.
2055 3133 2172 3174 Puto
2195 3132 2370 3173 ‘Kirch-

216 3196 431 3241 weilensi‘
466 3213 494 3240 a
523 3199 625 3241 vico
655 3214 794 3255 prope
815 3202 1117 3244 Landaviam.
1197 3200 1232 3228 ⁷¹
1263 3199 1470 3256 Basiliae]
1506 3202 1760 3256 Argentina
1792 3206 1832 3240 Z.
1910 3200 1944 3229 ¹⁸
1974 3203 2309 3257 nongentesimi
2332 3208 2371 3242 Ζ.

219 3265 253 3292 ¹⁹
285 3268 534 3323 Sequentia
565 3284 592 3311 a
623 3272 935 3325 superioribus
976 3274 1108 3327 quasi
1135 3285 1303 3315 novum
1334 3277 1473 3328 caput
1506 3273 1635 3315 linea
1671 3273 1950 3328 interposita
1978 3275 2214 3328 separavit
2242 3274 2371 3314 Miin-

220 3338 370 3390 chius,
413 3340 494 3381 sed
523 3341 603 3381 ubi
634 3355 796 3383 revera
826 3356 991 3385 novum
1023 3347 1164 3398 caput
1192 3345 1359 3399 incipit
1387 3357 1559 3398 nosque
1589 3357 1823 3386 numerum
1855 3335 1931 3388 13.
1954 3344 2371 3399 superscripsimu8‚

220 3407 300 3449 ille
339 3422 440 3450 cum
481 3411 579 3454 edd.
611 3413 771 3465 primis
806 3414 949 3455 verba
988 3416 1037 3455 in
1076 3415 1234 3456 eodem
1265 3428 1401 3456 versu
1440 3416 1592 3469 posita
1632 3415 1888 3467 continuat,
1930 3416 1999 3457 sic
2037 3415 2132 3469 „ad
2169 3415 2370 3456 merdum

218 3478 471 3520 Monachus
513 3481 722 3533 quidam‘'
762 3489 841 3524 etc.
959 3498 1158 3538 pennam
1190 3488 1228 3522 Z·
1348 3485 1504 3526 Prima
1541 3487 1638 3527 edd.
1655 3500 1754 3539 prr,
1868 3484 1904 3512 ²¹
1935 3484 2066 3527 laetia
2097 3486 2136 3522 Z·
2167 3485 2370 3528 laeditiae.

220 3550 316 3593 edd.
338 3562 374 3590 s.
397 3564 438 3590 a.
479 3573 509 3581 r
