2456 4264
1162 942 1211 998 1.

785 1022 1267 1118 (I—Iohannes
1316 1056 1568 1117 Labia,

649 1163 728 1213 dei
774 1165 931 1227 gratia
967 1165 1378 1215 prothonotarius
1416 1163 1715 1229 apostolicus

971 1256 1248 1307 Venerabili
1288 1257 1390 1306 viro

39 1360 84 1395 ,ι
297 1343 688 1414 Magistro
743 1346 1088 1402 Ortvino
1145 1346 1425 1400 Gratio
1482 1347 2065 1401 Daventr‘iensi

901 1447 957 1492 ut
992 1442 1134 1492 fratri
1171 1442 1460 1493 charissimo

37 1598 38 1601 Ἴ
279 1530 460 1582 Salutis
497 1537 696 1584 centum
735 1534 870 1584 milia
896 1536 1120 1585 sestertia
1158 1535 1432 1585 secundum
1470 1550 1649 1585 novam
1688 1535 2085 1586 Grammaticam.

38 1626 70 1651 'J

234 1658 526 1726 Acceperim
562 1662 933 1719 nudiustertiuS,
973 1661 1265 1713 honorande
1303 1664 1392 1719 vir,
1433 1678 1588 1713 unum
1615 1662 1806 1723 librum,
1825 1678 1969 1728 quem
1998 1665 2266 1714 dominatio

94 1749 253 1795 vestra
290 1747 479 1797 miserit
513 1746 634 1796 mihi
674 1763 733 1796 ex
761 1746 977 1798 Colonia.
1056 1748 1116 1797 Et
1155 1749 1245 1799 fuit
1281 1747 1357 1798 vel
1397 1753 1471 1798 est
1508 1747 1618 1798 talis
1654 1747 1783 1798 liber
1821 1749 2093 1800 intitulatus
2133 1750 2264 1815 ‘Epi-

14 1837 81 1898 ⁴¹⁰
95 1821 219 1895 stole
257 1829 601 1882 Obscurorum
638 1831 901 1882 Virorum’.
978 1833 1157 1883 Sancte
1195 1833 1340 1892 deuS,
1381 1833 1630 1899 quomodo
1666 1832 1843 1898 letatus
1880 1850 1990 1884 sum
2028 1835 2077 1884 in
2117 1836 2266 1885 corde

92 1928 228 1972 meo,
267 1916 466 1981 quando
504 1916 599 1966 vidi
636 1916 777 1967 illum
815 1916 1024 1974 librum,
1066 1919 1179 1982 quia
1217 1917 1369 1967 habet
1407 1916 1558 1967 multa
1595 1917 1804 1984 pulchra
1842 1920 1893 1967 in
1931 1934 2009 1976 se,
2061 1921 2265 1970 metrice

41 2038 56 2071 ἦ
93 1997 167 2049 rel
213 2001 440 2065 prosaice
487 2000 765 2067 compilata.
840 2003 902 2052 Et
948 2003 1038 2052 suit
1084 2002 1205 2052 mihi
1255 2017 1489 2068 magnum
1537 2003 1768 2067 gaudium
1818 2005 1866 2053 in
1915 2003 2047 2053 dulci
2094 2004 2261 2062 iubilo,

92 2084 225 2149 quod
273 2085 366 2135 vidi
416 2086 548 2150 quod
598 2086 793 2137 habetis
832 2087 1012 2137 multos
1050 2089 1211 2138 socios
1250 2088 1424 2138 Poetas
1463 2094 1511 2137 et
1550 2088 1842 2138 Rethoricos
1881 2095 1929 2138 et
1965 2089 2260 2153 TheologoS‚

12 2179 20 2184 '
93 2170 178 2234 qui
215 2169 446 2220 scribunt
484 2171 622 2221 vobis
660 2178 709 2221 et
746 2179 863 2221 sunt
911 2174 1062 2222 Amici
1116 2173 1262 2222 vestri
1309 2177 1480 2222 contra
1520 2172 1789 2222 Iohannem
1829 2173 2088 2223 Reuchlin.
2166 2175 2261 2224 Ha-

38 2260 78 2296 ⁸⁸
98 2253 295 2321 hulmus
333 2255 443 2306 heri
482 2256 921 2315 collationem,.et
961 2257 1162 2307 suerunt
1199 2273 1393 2307 mecum
1434 2256 1582 2323 aliqui
1620 2258 1864 2307 Curtisani
1902 2260 2050 2323 periti
2091 2265 2137 2308 et
2177 2259 2235 2308 lia

94 2338 269 2390 bentes
294 2339 475 2410 bonam
504 2342 790 2408 practicam,
831 2349 879 2392 et
905 2356 996 2406 ego
1035 2344 1178 2407 posui
1219 2341 1354 2391 illum
1395 2341 1576 2391 librum
1617 2343 1677 2391 ad
1718 2357 1954 2392 inensam.
2032 2343 2092 2392 Et
2129 2350 2261 2407 post-

54 2481 67 2502 '7
92 2438 238 2489 quam
264 2423 494 2490 legerunt
519 2427 768 2484 hincinde,
799 2433 916 2477 tunc
943 2428 1070 2477 movi
1099 2443 1251 2477 unum
1281 2426 1488 2476 dubium
1516 2427 1713 2477 dicens:
1756 2427 1965 2476 ‘Domini
1993 2429 2104 2484 mei,
2147 2429 2262 2493 quid

90 2509 283 2561 videtur
330 2510 504 2562 vobis?
559 2512 724 2571 Quare
771 2518 937 2562 tamen
994 2513 1225 2577 Magister
1275 2511 1507 2562 Ortvinus
1562 2511 1822 2561 intitulavit
1877 2513 2024 2562 istum
2081 2511 2262 2562 librum

41 2619 56 2625 ⁴>
90 2593 345 2662 „Epistole
384 2594 725 2670 obscurorum
768 2598 1048 2647 Virorum'?
1083 2597 1338 2663 appellans
1377 2598 1562 2648 amicos
1600 2612 1716 2648 suos
1755 2603 1802 2645 et
1841 2596 2136 2661 coherentes
2163 2597 2262 2647 Ob-

37 2684 267 2731 ¹’scaros
305 2680 481 2732 virosi’
521 2682 663 2732 Tunc
699 2683 957 2748 respondit
994 2698 1123 2733 unus
1161 2682 1405 2733 Sacerdos
1444 2684 1527 2748 qui
1567 2688 1641 2732 est
1665 2682 2066 2733 Mouasteriensis
2106 2689 2154 2732 et
2192 2689 2266 2733 est

91 2763 251 2822 bonus
286 2765 494 2825 Iurista,
535 2767 669 2832 quod
710 2767 988 2818 obscuritas
1026 2767 1365 2833 multipliciter
1404 2769 1624 2833 capitur,
1675 2773 1729 2817 ut
1767 2768 1817 2816 in
1854 2765 1887 2816 l.
1927 2766 1999 2817 Ita
2038 2768 2152 2818 fidei
2193 2768 2258 2817 ‚m

54 2849 152 2927 „de
187 2848 287 2903 Iur.
326 2851 775 2919 Fisci,-responso
813 2853 974 2919 primo
1013 2854 1064 2902 in
1103 2853 1216 2903 fine.
1292 2853 1353 2903 Et
1405 2852 1525 2902 dixit
1562 2853 1694 2918 quod
1732 2858 1896 2918 potest
1935 2868 2042 2903 esse
2081 2868 2262 2903 nomen

58 2928 347 3002 'proprium
386 2935 593 2987 alicuius
630 2938 904 3004 progeniei.
981 2939 1106 2998 Quia
1146 2938 1382 2988 scribitur
1423 2937 1555 3002 quod
1583 2936 1913 2988 Diocletianus
1953 2943 2002 2987 et
2038 2936 2115 2987 alii
2155 2939 2262 3004 qui-

90 3018 201 3071 dam
237 3036 383 3088 reges
420 3022 624 3073 fuerunt
661 3024 762 3073 nati
800 3022 1027 3074 obscuris
1065 3023 1373 3089 parentibus.
1450 3023 1590 3073 'I'unc
1629 3036 1721 3085 ego
1761 3022 1894 3085 tetigi
1922 3038 2034 3072 eum
2062 3028 2110 3071 et
2136 3023 2259 3072 dixi:

33 3102 231 3157 ⁸·Cum'
280 3105 502 3165 licentia,
551 3108 778 3167 domine,
827 3107 958 3158 Nihil
1006 3109 1066 3159 ad
1114 3106 1455 3175 propositum’.
1533 3108 1593 3157 Et
1638 3112 2001 3171 consequenter
2050 3107 2261 3158 interro-

91 3191 199 3254 gavi
237 3206 390 3242 unum
417 3192 723 3259 Theologum
764 3192 1052 3252 notabilem,
1093 3195 1175 3259 qui
1212 3194 1338 3243 bibit
1375 3193 1649 3243 nobiscum.
1729 3192 1837 3256 lpse
1877 3189 1962 3242 est'
1988 3192 2049 3242 de
2088 3193 2261 3242 ordine

60 3272 482 3360 φ,(ΞειιΊιιεεΙίίειιἰιιῐι,
524 3284 573 3328 et
611 3284 754 3329 natus
793 3294 852 3329 ex
892 3279 1174 3334 Brabantia,
1216 3285 1265 3329 et
1303 3279 1423 3328 dixit
1461 3293 1572 3327 cum
1613 3292 1788 3341 magna
1829 3277 2090 3342 gravitate:
2134 3277 2261 3326 ‘Exi-

90 3358 186 3413 mie
224 3361 296 3411 vir
333 3361 531 3414 domine
568 3362 978 3422 Prothonotarie,
1031 3364 1299 3421 Quoniam,
1352 3368 1403 3413 ut
1442 3363 1558 3412 dicit
1596 3361 1909 3421 Aristotele-S,
1959 3362 2020 3412 de
2058 3361 2262 3426 singulis

50 3442 315 3499 &dubitare
362 3463 462 3497 non
512 3455 586 3498 est
634 3448 831 3499 inutile:
896 3465 1016 3513 ergo
1067 3449 1332 3498 Eximietas
1397 3455 1553 3497 vestra
1614 3448 1874 3511 assignavit
1930 3447 2047 3496 milii
2111 3463 2259 3496 unam

198 3628 219 3657 ²
245 3631 445 3673 Ioannes
476 3631 606 3673 labia
637 3636 677 3673 5.
710 3631 841 3673 labia
870 3633 997 3673 eliam
1027 3635 1069 3675 4.
1100 3630 1117 3658 ⁴
1147 3633 1207 3674 M.
1234 3635 1327 3675 4.5.
1445 3629 1513 3657 ⁹·¹⁰
1544 3631 1791 3686 epististole
1821 3636 1862 3674 5.
1951 3646 1976 3686 Q
2008 3645 2067 3673 ex
2097 3635 2136 3671 5.
2161 3633 2260 3670 reti-

91 3712 195 3748 neo.-
221 3702 294 3744 ubi
321 3716 348 3758 9
380 3704 548 3751 damus,
581 3705 622 3743 4.
647 3708 689 3744 et
719 3706 761 3744 5.
783 3703 940 3744 habene
972 3716 1012 3744 e.
1045 3695 1100 3746 τὸ
1131 3718 1158 3758 Q
1192 3704 1234 3744 in
1266 3706 1307 3745 4.
1331 3717 1416 3745 non
1447 3704 1622 3756 legitur,
1656 3704 1739 3743 nisi
1767 3703 1838 3745 ubi
1867 3704 2156 3744 adnotavimus
2187 3706 2259 3740 auc

89 3769 160 3818 Ubi
185 3777 402 3828 utrumque
434 3776 670 3827 exemplum
698 3787 724 3828 q
754 3774 903 3820 kabel,
938 3787 1018 3828 quo
1050 3788 1154 3816 casu
1185 3775 1289 3816 nihil
1318 3776 1564 3816 adnotatum
1596 3780 1673 3815 est.
1787 3771 1820 3798 ¹¹⁸
1853 3773 1991 3813 amici
2026 3776 2066 3812 5.
2186 3771 2254 3810 10-

93 3844 209 3887 tun&
237 3846 280 3888 5.
369 3843 405 3871 ¹⁸
433 3844 501 3885 Μ.
524 3847 619 3886 4.5.
645 3843 710 3895 (ut
739 3846 899 3898 8oepe.)
998 3844 1034 3870 ²²
1067 3845 1199 3886 Fisti.
1226 3842 1292 3886 rfi.
1318 3846 1346 3888 i.
1372 3847 1410 3885 4.
1447 3846 1562 3885 Fisti
1596 3841 1659 3884 rfi.
1687 3845 1770 3897 pzi.
1793 3847 1833 3884 5.
1923 3841 1958 3866 ²³
1994 3840 2179 3882 scribitsi
2213 3841 2254 3879 4.

90 3906 129 3938 ⁸⁴
158 3924 282 3954 eum:
315 3926 331 3958 2
364 3919 405 3956 5.
493 3914 530 3940 ²⁶⁵
562 3913 643 3956 dtis
676 3918 717 3957 4.
808 3915 846 3941 ²⁹
877 3915 1043 3956 Aristo.
1067 3918 1106 3956 4.
1121 3919 1161 3956 5.
