2456 4264
244 222 267 278 1
289 223 307 278 1
327 222 361 278 4
536 245 630 273 10A.
655 245 967 273 PEPERICORNI
990 244 1217 272 DEFENSIO
1242 242 1424 271 CONTRA
1444 242 1653 270 FAMOSAS
1675 242 1718 270 0.
1742 243 1786 271 V.
1810 242 2081 270 EPISTOLAS.

1081 372 1240 419 Nota
1282 371 1539 427 Quarto.

379 485 421 532 (Ι
461 485 499 532 0
535 498 621 532 vos
659 484 962 541 Christiani,
1005 483 1175 530 audite
1210 496 1345 530 nunc
1382 485 1730 541 arqumentum
1767 480 2242 540 Reuchlinistarum,
2285 495 2382 540 quo
2416 480 2423 487 ’

195 581 225 632 5
246 584 323 618 me
367 569 601 616 convinci
635 579 784 626 posse
823 564 964 623 falso
1012 566 1347 613 arbitrantur.
1423 565 1510 612 Sic
1545 559 1566 630 ΙΙ
1601 564 1730 610 enim
1774 564 2100 624 obloquuntur
2133 564 2255 612 mihi
2288 563 2383 612 ‘Tu

236 653 484 712 baptizate
519 650 677 708 Iudee
720 662 772 696 es
820 650 871 696 in
919 654 1074 709 culpa
1119 649 1252 708 quod
1284 648 1500 696 Ioannes
1538 647 1782 695 Reuchlin
1827 651 2004 695 contra
2035 653 2080 696 te
2113 650 2380 709 scripserit,

235 736 321 783 tibi
353 736 567 783 minatus
603 735 690 795 sit,
741 739 785 780 te
826 734 1080 780 accusarit
1115 737 1164 779 et
1185 729 1244 780 c.'
1317 731 1610 792 Respondeo
1662 731 1755 779 hoc
1793 728 2143 790 falsisssimum
2184 746 2288 780 esse
2336 738 2386 780 et
2399 753 2420 782 ⁵

235 819 359 867 nihil
389 830 445 866 eo
479 817 667 876 falsius
701 823 748 865 et
782 817 873 864 hoc
904 817 1059 877 probo
1092 817 1185 864 tali
1212 817 1433 863 ratione:
1478 816 1776 875 priusquam
1817 816 1946 863 enim
1983 817 2382 863 consultationem

235 905 341 964 ipse
375 915 516 951 suam
546 903 824 962 scripturus
859 906 1007 962 esset,
1046 912 1299 960 nunquam
1338 912 1447 946 eum
1491 903 1580 946 aut
1622 899 1728 946 vidi
1755 903 1846 946 aut
1886 900 2022 959 novi,
2072 899 2383 961 Quapropter

232 1001 344 1035 cum
379 987 478 1034 iam
513 986 890 1034 consultandum
922 990 1047 1033 esset
1086 985 1209 1045 quid
1243 984 1305 1030 de
1340 983 1631 1043 quibusdam
1655 983 1925 1041 Iudeorum
1960 984 2099 1032 libris
2133 985 2382 1044 aqendum

228 1071 366 1130 foret
378 1108 390 1131 ,
441 1072 520 1130 (ut
554 1084 711 1131 supra
749 1070 933 1118 dictum
969 1073 1062 1131 est)
1100 1068 1364 1130 profectus
1403 1080 1509 1116 sum
1554 1068 1606 1115 in
1653 1067 1847 1131 domum
1891 1068 2060 1128 ipsius.
2137 1067 2239 1126 Quo
2271 1082 2382 1117 cum

232 1157 492 1215 venissem,
538 1168 615 1203 me
659 1155 1008 1202 humanissime
1054 1155 1286 1202 tractauit
1327 1158 1375 1200 et
1411 1153 1473 1200 de
1518 1164 1626 1200 meo
1670 1153 1886 1200 adventu
1929 1154 2132 1212 qavisus
2160 1152 2287 1211 fuit,
2332 1159 2380 1201 et
2399 1170 2438 1204 ιο

233 1240 366 1300 quod
399 1241 612 1301 amplius
645 1244 737 1297 est,
771 1251 846 1285 me
883 1240 1142 1296 instruxit,
1191 1238 1430 1297 quidnam
1460 1235 1642 1295 facere
1671 1236 1897 1284 deberem
1931 1237 2076 1298 apud
2107 1238 2382 1298 imperato—

231 1338 360 1383 rem,
394 1326 520 1373 sicut
548 1325 704 1384 ipsius
734 1322 1068 1383 chiroqrapho
1097 1322 1314 1382 probare
1336 1333 1555 1382 possum.
1629 1321 1822 1370 Deinde
1853 1325 2015 1369 tamen
2051 1321 2285 1370 callidius
2315 1337 2383 1370 ex

231 1421 307 1455 me
341 1408 486 1457 rebus
521 1408 741 1456 omnibus
776 1407 838 1454 ab
872 1421 928 1455 eo
965 1408 1219 1454 intellectis
1256 1406 1379 1453 mihi
1407 1406 1778 1462 dissimulanter
1811 1406 2037 1466 promisit
2077 1420 2130 1453 se
2163 1409 2381 1455 sanctis-

230 1494 349 1540 sime
394 1493 708 1553 scripturum.
788 1490 889 1548 Ouo
940 1492 1136 1538 minime
1188 1497 1381 1538 servato
1426 1490 1549 1537 mihi
1588 1490 1731 1551 apud
1771 1489 2033 1549 Cesaream
2080 1492 2380 1539 maiestatem

229 1581 404 1624 contra
451 1577 619 1624 datam
660 1577 811 1635 fidem
852 1577 1136 1636 impiissime
1183 1577 1233 1622 in
1270 1589 1360 1623 sua
1396 1577 1751 1623 consultatione
1780 1574 2025 1634 detraxit,
2070 1581 2125 1622 ut
2153 1581 2293 1636 patet
2326 1578 2377 1624 in
2399 1591 2436 1624 1⁵

231 1662 430 1721 speculo
465 1662 679 1719 oculari,
729 1665 777 1708 et
814 1661 887 1707 sic
934 1673 1009 1707 me
1043 1660 1256 1707 tradidit
1288 1662 1413 1708 sicut
1438 1659 1601 1708 Iudas
1639 1658 1910 1713 Christum,
1957 1664 2006 1707 et
2041 1660 2190 1707 multo
2221 1662 2378 1722 peius,

231 1745 350 1804 quia
387 1745 468 1793 hic
496 1744 717 1805 publice,
755 1745 838 1792 ille
873 1749 1033 1792 autem
1070 1746 1272 1792 occulte.
1346 1743 1456 1792 Hoc
1490 1743 1575 1791 ubi
1609 1743 1896 1791 incredulus
1930 1744 2174 1803 leqeram,
2213 1746 2381 1793 iustis-

229 1831 402 1876 simam
447 1829 602 1877 habui
639 1830 941 1877 occasionem
986 1829 1237 1877 scribendi
1280 1833 1455 1875 contra
1491 1841 1601 1876 eum
1637 1828 1992 1876 consultatione
2024 1829 2195 1876 saltem
2225 1828 2380 1890 ipsius

228 1926 481 1972 nunquam
531 1914 800 1960 nominata.
874 1912 942 1958 Et
988 1913 1097 1960 ideo
1148 1914 1294 1973 prior
1338 1925 1415 1959 me
1457 1913 1589 1972 lesit,
1639 1926 1734 1960 non
1792 1925 1882 1972 eqo
1924 1896 2079 1961 illum.
2152 1913 2381 1972 Perfidus

224 1998 375 2056 iqitur
414 1996 631 2044 Ioannes
665 1996 910 2044 Reuchlin
964 1997 1392 2054 condemnandus,
1441 2001 1489 2043 et
1537 2010 1626 2056 eqo
1680 1997 1760 2056 (ut
1807 1998 2018 2057 inqenue
2064 1997 2265 2059 fatear)
2319 1999 2370 2046 in
2387 2017 2437 2051 2o

224 2082 359 2129 nullo
405 2080 872 2143 reprehendendus,
911 2082 1045 2141 quod
1074 2095 1222 2143 quam
1258 2095 1426 2129 verum
1460 2083 1544 2140 sit,
1591 2081 1893 2142 sapientibus
1927 2087 2067 2142 patet
2092 2096 2380 2144 semperque

216 2165 417 2225 patebit.

1013 2318 1019 2322 -
1084 2263 1237 2312 Nota
1277 2264 1514 2322 Quinto.

366 2374 408 2423 (Ι
444 2377 552 2425 Alio
584 2390 717 2446 nunc
754 2376 915 2424 medio
936 2381 1067 2424 'utar
1102 2382 1150 2424 et
1184 2390 1298 2424 vero
1324 2391 1418 2437 quo
1451 2379 1560 2426 luce
1582 2379 1772 2425 clarius
1802 2373 2067 2435 videbitur,
2107 2380 2241 2440 quod
2272 2381 2376 2442 ipse
2388 2436 2430 2469 25

212 2466 423 2522 propter
459 2474 616 2509 meum
662 2460 854 2520 librum,
892 2461 984 2509 hoc
1019 2467 1092 2509 est
1122 2464 1375 2522 speculum
1412 2463 1660 2523 manuale,
1696 2475 1792 2510 non
1817 2462 2049 2511 habuerit
2069 2465 2372 2513 occasionem
2412 2526 2416 2533 ,

221 2545 538 2605 imprimendi
569 2558 710 2592 suam
746 2548 1170 2607 consultationem,
1214 2546 1373 2594 Immo
1412 2549 1582 2606 etiam,
1630 2547 1765 2608 quod
1805 2549 2029 2608 quamvis
2063 2562 2096 2595 a
2135 2561 2212 2596 me
2245 2551 2375 2609 lesus

217 2628 397 2687 fuisset
427 2631 477 2678 in
517 2629 640 2678 libro
677 2643 781 2677 meo
812 2635 1202 2694 prememorato,
1251 2633 1325 2679 uti
1366 2632 1711 2692 supradictum
1753 2639 1846 2691 est,
1893 2633 2030 2693 quod
2069 2637 2231 2681 tamen
2277 2646 2374 2682 non
2455 2635 2456 2680 ἡ

222 2714 471 2773 debuerat,
506 2728 662 2775 neque
683 2716 830 2763 etiam
867 2715 951 2774 (id
973 2716 1108 2776 ‘quod
1129 2721 1294 2765 notatu
1321 2715 1662 2776 diqnissimum
1687 2720 1782 2778 est)
1821 2704 1988 2778 quovis
2017 2718 2160 2766 modo
2178 2723 2377 2778 poterat

219 2812 360 2845 suam
404 2799 553 2847 edere
596 2801 1023 2864 consultationem,
1071 2806 1160 2848 aut
1200 2802 1251 2848 in
1295 2814 1357 2849 ea
1403 2806 1580 2849 contra
1625 2815 1702 2849 me
1748 2801 1979 2851 scribere.
2053 2801 2160 2861 Hec
2210 2808 2372 2851 autem

216 2883 369 2941 probo
406 2885 499 2931 tali
523 2885 740 2932 ratione:
779 2884 906 2932 Nam
940 2899 1050 2933 cum
1086 2899 1188 2933 una
1226 2899 1437 2934 essemus
1470 2898 1640 2934 coram
1668 2884 1882 2944 Cesarea
1921 2887 2174 2934 maiestate
2197 2891 2245 2935 et
2267 2888 2370 2949 ipse
2385 2904 2428 2948 ³0

219 2980 294 3013 me
330 2974 610 3015 accusasset
643 2982 754 3016 cum
786 2971 914 3028 suis,
950 2982 1007 3017 eo
1042 2970 1177 3030 quod
1212 2984 1303 3029 eqo
1338 2970 1601 3018 edidissem
1638 2972 1890 3030 speculum
1926 2984 2086 3019 meum
2119 2973 2368 3032 manuale,
2415 2963 2419 2966 ’

219 3053 561 3111 inclytissimus
606 3055 876 3114 imperator
923 3054 1099 3102 audita
1133 3068 1234 3115 per
1269 3067 1381 3102 suos
1422 3067 1455 3102 a
1490 3067 1567 3102 me
1611 3054 1897 3103 rationabili
1931 3069 2088 3104 causa
2124 3058 2368 3104 silentium

221 3137 414 3194 utrique
451 3140 667 3185 nostrum
703 3138 906 3198 indixit,
949 3143 997 3185 et
1044 3138 1115 3186 ad
1142 3142 1330 3199 tempus
1365 3138 1426 3186 ab
1461 3151 1517 3186 eo
1552 3139 1654 3187 sive
1689 3153 1722 3186 a
1756 3140 1859 3187 suis
1894 3140 2031 3188 nobis
2066 3142 2368 3189 constituen-

141 3223 200 3276 ῥ’·
221 3218 361 3271 dum,
397 3232 571 3278 pacem
600 3221 662 3268 ab
702 3227 913 3282 utraque
943 3226 1092 3282 parte
1128 3223 1256 3270 inter
1287 3236 1374 3270 nos
1409 3223 1532 3270 duos
1560 3216 1757 3272 servari
1776 3219 1798 3291 ΙΙ
1826 3225 1985 3273 voluit.
2058 3223 2177 3286 Ipse
2215 3226 2368 3285 iqitur
2428 3212 2430 3215 ’

217 3301 434 3349 Ioannes
470 3302 712 3352 Reuchlin
747 3318 844 3353 non
876 3305 980 3364 fuit
1013 3306 1242 3354 obediens
1287 3309 1527 3355 voluntati
1567 3309 1880 3370 imperatoris
1923 3311 2024 3357 sive
2067 3311 2364 3358 consiliariis
2378 3325 2421 3379 ἦ

217 3388 321 3434 eius
354 3389 532 3447 optime
563 3390 773 3451 meritis,
820 3390 911 3438 sed
949 3404 1046 3439 non
1088 3395 1359 3452 expectans
1405 3396 1592 3454 tempus
1632 3386 1777 3453 quod
1807 3394 1943 3442 nobis
1977 3394 2365 3443 constituendum
2403 3382 2418 3390 ⁹

216 3475 350 3529 erat,
397 3484 488 3518 sua
526 3478 694 3532 sponte
728 3479 775 3520 et
807 3488 898 3521 sua
938 3476 1017 3534 (ut
1052 3477 1121 3523 ita
1157 3476 1347 3537 dicam)
1386 3478 1656 3525 temeritate
1691 3479 1913 3539 imprimi
1939 3477 2067 3538 fecit
2099 3492 2240 3527 suam
2277 3491 2363 3526 er-

215 3542 418 3603 roneam
451 3558 865 3604 consultationem.
943 3558 986 3604 ([
1032 3559 1097 3606 Et
1133 3568 1367 3619 preterea
1408 3562 1454 3608 si
1491 3564 1627 3608 nullo
1658 3563 1801 3609 modo
1838 3563 1967 3610 illud
2003 3545 2234 3622 futurum
2276 3575 2363 3609 re-
2423 3570 2427 3575 ’

214 3641 569 3688 conciliationis
603 3645 792 3701 tempus
826 3647 1095 3703 expectare
1129 3646 1374 3702 voluisset,
1424 3644 1628 3691 debebat
1666 3647 1770 3705 ipse
1817 3659 1893 3694 me
1940 3651 2175 3707 tanquam
2210 3648 2362 3695 civem

325 3848 357 3876 ²¹
391 3851 427 3892 si
457 3852 495 3893 1.
598 3848 634 3875 ³⁷
664 3853 712 3891 vt
742 3850 854 3890 itam
886 3850 988 3891 dicit
1019 3853 1057 3891 1.
2446 3863 2456 3883 ι·
