2456 4264
231 263 350 321 452

808 959 959 1005 Oratio
998 958 1093 1003 haec
1130 958 1193 1002 est
1227 956 1445 1023 funebris.

807 1031 854 1075 In
892 1029 1068 1074 laudem
1105 1027 1320 1073 IOANNIS
1358 1025 1616 1071 CERDONIS

808 1100 906 1155 Qua
940 1100 1266 1145 nominaui'mus
1303 1097 1440 1142 VADE
1477 1095 1663 1142 MECVM

810 1170 922 1226 Quia
960 1172 1017 1216 esi
1052 1170 1213 1215 emeris
1250 1170 1322 1214 tsic
1358 1175 1515 1229 portas
1553 1174 1700 1212 tecum

812 1241 919 1286 Cum
957 1241 1128 1286 duabus
1165 1240 1372 1300 epistolis
1410 1238 1593 1285 clarorfi
1620 1237 1751 1291 viror,
2401 1249 2421 1279 5

811 1311 928 1367 Quas
966 1312 1153 1374 nequaq3
1191 1311 1311 1356 dices
1350 1307 1616 1371 imperiton‘

1039 1544 1243 1598 Grillus
1280 1545 1564 1596 Porcarius

952 1635 1150 1681 omnium
1187 1637 1350 1681 artium
1388 1640 1648 1694 resumptor

765 1715 1025 1767 domino
1063 1714 1259 1766 Petro
1297 1713 1830 1782 Tardesurger'jo

879 1807 924 1850 in
961 1804 1225 1849 theutonico
1262 1803 1717 1863 Langschleffer
2388 1806 2428 1840 1⁰

750 1891 837 1936 iam
883 1889 1080 1949 Scotiste
1126 1888 1232 1933 olim
1269 1888 1483 1934 Moderno
1528 1887 1638 1934 Luci
1682 1887 1838 1934 mundi

537 1980 642 2035 post
680 1975 749 2020 sui
786 1974 1215 2020 commendationem
1254 1979 1298 2018 et
1335 1972 1603 2033 obsequium
1640 1972 1817 2019 Salutes
1855 1979 1923 2018 tot
1960 1971 2068 2018 dicit

848 2066 960 2119 quot
996 2072 1118 2104 mare
1154 2057 1291 2104 habet
1326 2058 1474 2119 pisces
1511 2064 1558 2104 et
1594 2071 1750 2105 arenas

692 2151 736 2190 et
773 2143 918 2205 celum
955 2144 1110 2189 stellas
1148 2150 1193 2189 et
1229 2130 1416 2189 Colonia
1459 2142 1672 2203 pulchras
1720 2141 1912 2204 puellas.

371 2275 484 2318 Ante
523 2279 624 2319 octo
664 2273 784 2324 dies,
824 2273 862 2317 si
898 2271 1011 2317 hene
1049 2271 1192 2317 habeo
1231 2273 1277 2316 in
1314 2271 1640 2321 recordatione,
1679 2269 2046 2332 eloquentissime
2084 2268 2220 2315 Grille
2257 2269 2366 2315 Por·
2389 2285 2426 2316 15

232 2346 372 2396 carie,
423 2344 522 2389 veni
568 2343 622 2390 ad
660 2344 878 2403 quandam
915 2343 1163 2392 librariam,
1216 2343 1262 2387 in
1311 2357 1398 2402 qua
1444 2341 1593 2388 invehi
1629 2341 1770 2387 multa
1815 2354 1930 2386 nova
1975 2340 2053 2386 sed
2098 2339 2235 2396 mala,
2284 2353 2371 2400 que

234 2416 379 2461 omnia
416 2416 704 2475 antiquorum
744 2416 910 2474 scripta
948 2414 1188 2459 voluerunt
1225 2411 1401 2464 delere,
1450 2412 1555 2474 quia
1601 2411 1713 2458 nihil
1761 2412 1815 2457 de
1860 2413 1930 2457 via
1977 2412 2160 2472 antiqua
2196 2417 2242 2456 et
2278 2424 2374 2455 mo-

233 2486 369 2530 derna
406 2492 450 2531 et
489 2485 643 2531 ockem
681 2486 791 2537 vidi,
831 2485 909 2530 sed
947 2485 1093 2545 primo
1133 2483 1281 2529 solum
1317 2484 1511 2530 duorum
1547 2482 1893 2529 Alemanorum:
1932 2481 2064 2528 velim
2102 2481 2225 2562 quod
2264 2481 2373 2526 tales

233 2556 494 2602 seductores
533 2561 686 2601 essent
721 2555 842 2602 Itali:
880 2555 1023 2601 llbros
1050 2554 1221 2601 scilicet
1246 2555 1456 2600 Iohannis
1482 2553 1701 2601 Reuchlin
1725 2553 1942 2599 mirabilis
1966 2555 2099 2614 patri,
2139 2553 2216 2613 qui
2242 2554 2374 2597 etiam

228 2627 392 2697 audet
393 2629 461 2687 in
484 2626 733 2693 theologia
781 2626 1001 2697 scribere,
1022 2626 1138 2696 in
1139 2641 1235 2694 qua
1280 2640 1372 2671 non
1419 2632 1489 2672 est
1534 2632 1772 2687 promotus
1808 2637 1955 2690 neque
1990 2623 2139 2669 habet
2160 2621 2368 2673 titulum;
2387 2638 2430 2670 20

228 2685 368 2743 etiam
380 2679 557 2743 scribit
594 2690 824 2743 hebraice}
842 2687 982 2743 cnm
989 2690 1140 2742 simus
1178 2697 1410 2748 teutonici,
1461 2710 1545 2756 ego
1582 2696 1716 2742 credo
1757 2695 1878 2757 quod
1923 2694 2118 2742 libenter
2154 2708 2245 2741 scri
2306 2700 2374 2738 ret

237 2769 273 2813 si
313 2769 448 2814 sciret
485 2769 620 2814 etiam
656 2768 915 2819 bohemice,
962 2768 1017 2813 Et
1052 2768 1222 2813 Erasmi
1259 2768 1515 2814 Boterdami
1552 2767 1636 2812 viri
1681 2768 1829 2828 parvi:
1877 2766 2014 2811 mirer
2061 2765 2182 2825 quod
2227 2764 2281 2810 de
2319 2778 2373 2809 eo

236 2840 296 2883 ita
333 2839 473 2884 multa
512 2845 689 2893 tenent,
731 2839 834 2900 quia
871 2839 916 2883 in
953 2853 1089 2898 parvo
1128 2853 1322 2899 corpore
1358 2853 1449 2884 non
1487 2844 1640 2899 potest
1676 2851 1778 2884 esse
1813 2851 1975 2897 magna
2011 2835 2242 2887 scientia„
2270 2835 2374 2895 quia

236 2911 470 2955 continens
519 2916 564 2955 et
612 2916 873 2955 contentum
921 2910 1360 2970 proporcionantur.
1410 2916 1462 2955 ut
1505 2909 1697 2955 habetur
1734 2910 1853 2955 circa
1889 2907 2047 2954 modos
2085 2906 2261 2952 essendi
2298 2906 2372 2950 in:

233 2981 309 3039 qui
345 2979 552 3026 Erasmus
591 2981 688 3026 dico
728 2981 884 3026 scribit
920 2980 1061 3026 libros
1099 2980 1338 3031 mirabiles,
1377 2982 1422 3025 in
1460 2979 1622 3040 quibus
1659 2981 1793 3026 etiam
1829 2978 2073 3039 Principes,
2111 2977 2431 3038 Episcopos‚·25

234 3063 365 3108 reges
404 3057 449 3095 et
486 3065 642 3096 eorum
678 3050 869 3096 vasallos
906 3051 1194 3111 reprehendit
1232 3058 1276 3096 et
1313 3064 1468 3096 omnes
1495 3057 1656 3102 status,
1694 3050 1741 3095 in
1765 3049 1882 3096 libro
1909 3049 1986 3110 qui
2010 3055 2197 3095 vocatur
2221 3047 2374 3097 Moria‚

234 3120 278 3164 id
315 3127 384 3164 est
420 3122 617 3177 moralis,
656 3128 707 3166 ut
743 3122 853 3166 mihi
889 3122 1077 3174 videtur,
1116 3122 1422 3183 philosophia:
1463 3128 1509 3167 et
1546 3127 1692 3167 tamen
1717 3135 1808 3167 non
1834 3126 1905 3167 est
1930 3125 2182 3185 promotus.
2230 3118 2374 3163 Ambo

235 3189 401 3235 habent
436 3206 592 3236 novam
629 3191 897 3238 latinitatem
934 3199 1051 3238 slcut
1087 3193 1239 3238 Cicero
1287 3192 1444 3238 habuit
1463 3184 1541 3238 et
1573 3192 1864 3244 Therentius,
1911 3191 1967 3237 Et
2015 3189 2260 3236 timendum
2307 3195 2377 3234 est

237 3260 357 3319 quod
394 3275 550 3307 eorum
587 3277 741 3308 errore
780 3264 1017 3309 destruent
1053 3270 1196 3309 totam
1232 3263 1507 3310 Alemaniam
1545 3270 1590 3309 et
1624 3264 1873 3323 importent
1908 3276 2040 3308 unam
2077 3261 2209 3307 aliam
2244 3261 2373 3311 viam,

236 3344 337 3388 quae
378 3332 436 3375 sit
473 3339 627 3377 contra
665 3348 818 3380 omnes
857 3336 982 3395 quasi
1020 3334 1231 3380 doctores
1269 3341 1314 3380 et
1349 3348 1597 3396 pransosos
1631 3335 1768 3381 viros.
1805 3333 1883 3380 sed
1918 3333 2006 3379 hoc
2041 3331 2140 3378 fieri
2174 3345 2267 3377 non
2291 3344 2373 3391 po·
2390 3345 2432 3379 30

238 3406 340 3449 test,
381 3402 500 3460 quod
526 3403 710 3460 gaudeo,
748 3411 799 3449 ut
823 3405 973 3450 audies
1002 3412 1047 3450 et
1071 3419 1246 3452 mecum
1281 3405 1632 3452 letaberis.1n
1676 3405 1757 3451 tali
1792 3404 1975 3450 libraria
2010 3402 2159 3449 inveni
2195 3401 2375 3448 modum

236 3472 470 3530 antiquum
509 3473 690 3524 orandi,
741 3475 816 3534 qui
862 3475 1067 3521 destruet
1114 3491 1271 3522 eorum
1317 3478 1458 3528 viam,
1513 3478 1617 3537 quia
1663 3476 1915 3522 orationem
1962 3488 2097 3520 unam
2141 3472 2375 3519 funebrem

242 3536 510 3602 [continet]:
548 3542 633 3588 hec
671 3544 757 3589 erit
795 3547 991 3591 omnium
1029 3546 1147 3592 Vade
1185 3560 1358 3593 mecum
1396 3548 1474 3608 qui
1510 3546 1705 3593 libenter
1742 3552 1921 3593 servant
1946 3546 2181 3607 antiquum
2205 3556 2375 3590 morem

348 3719 366 3746 ⁷
396 3719 539 3761 Grillo
559 3721 775 3762 Porcario
805 3723 964 3763 scribit
980 3723 1142 3764 Petrus
1164 3725 1560 3778 Tardesurgerius‚
1593 3737 1683 3766 non
1712 3724 1819 3767 huic
1849 3724 1943 3767 ille.
2031 3723 2065 3751 ¹⁸
2095 3723 2283 3765 Occam.
2315 3724 2378 3776 ef.

235 3793 276 3833 lz.
299 3798 381 3833 art.
441 3790 475 3817 ¹⁰
504 3793 533 3831 i.
555 3805 590 3832 e.
614 3793 772 3845 patris.
861 3792 930 3833 Cf.
953 3793 1069 3847 Epp.
1094 3794 1149 3835 Ο.
1169 3795 1222 3836 V.
1246 3795 1280 3836 Ι.
1302 3794 1370 3837 48.
1448 3794 1484 3820 ²⁷
1514 3795 1706 3837 Moralis
1737 3795 2036 3850 philosophia.
2113 3793 2149 3821 ²⁹
2179 3798 2208 3836 ἰ.
2231 3808 2269 3836 e.
2293 3808 2374 3838 suo

239 3875 323 3904 err.
410 3860 446 3887 ³³
477 3863 681 3904 continet
708 3864 870 3904 addidi.
