2456 4264
404 280 713 316 qvoscvnqvss
735 281 1008 312 RAERE'rlcos
1033 283 1279 313 ssscvnnvu
1301 267 1690 314 cousvn'l'vnmnu
1714 285 1820 316 Rom.
1844 286 2010 315 CVRIAE·
2165 261 2287 319 495

129 411 286 469 audire
309 425 497 460 necesse
521 421 607 466 est,
646 414 713 461 illi
737 424 934 477 possunt
971 431 1136 469 errare,
1174 416 1371 464 Ecclesia
1395 432 1488 465 non
1512 424 1668 479 potest
1694 432 1860 470 errare,
1898 427 1951 466 ut
1975 433 2114 481 supra
2138 427 2290 467 osten-

129 498 230 529 sum
266 490 349 531 est.
420 483 477 530 Et
513 485 580 531 sic
614 485 800 534 sortiter
837 495 908 534 est
943 489 1252 536 molestandus
1289 502 1371 550 per
1405 489 1607 550 regulam
1633 489 1897 542 secundam,
1937 497 1982 536 et
2008 504 2186 553 semper
2211 491 2291 538 ali-

129 551 231 616 quis
267 556 391 601 risus
427 554 650 602 fiducialis
687 559 1092 612 intermiscendus,
1131 567 1177 606 et
1213 560 1349 606 facies
1387 561 1599 607 vertenda
1637 561 1692 607 ad
1726 563 2086 614 circumstantes,
2126 570 2177 610 ut
2201 564 2287 625 ipsi

127 625 388 673 corrideant
422 627 713 688 Inquisitori,
761 637 808 676 et
856 631 1075 678 irrideant
1121 632 1407 683 haereticum,
1459 632 1577 679 sicut
1614 633 1802 679 Herodis
1840 633 2008 679 familia
2046 633 2286 686 Christum,

95 698 194 744 ssic
229 703 382 744 tamen
418 704 471 744 ut
506 712 599 744 non
638 699 717 746 fiat
753 701 966 749 indecens
1004 703 1265 750 cachinnus.
1336 703 1444 749 Nam
1483 710 1667 764 oportet
1704 704 1820 750 hanc
1855 717 1950 750 rem
1975 719 2075 750 cum
2103 707 2289 752 maturi·

129 774 220 815 tate
257 768 421 821 multa,
461 784 564 816 cum
601 772 823 832 gravitate
861 788 1055 826 summa,
1095 781 1142 820 et
1179 775 1400 821 suavitate
1437 774 1483 820 in
1521 773 1695 835 Spiritu
1735 781 1892 821 sancto
1931 783 2139 822 tractare.
2199 777 2288 823 Nec

126 838 285 887 leviter
321 839 456 887 debet
492 841 642 888 ridere
677 843 950 905 Inquisitor,
995 845 1085 891 nisi
1133 845 1240 891 dum
1277 845 1520 892 haereticus
1559 845 1831 906 scripturam
1869 853 2069 892 sanctam
2108 848 2286 909 allegat,

124 923 226 957 nam
265 918 375 958 tunc
411 920 596 974 oportet
631 914 833 962 haeretici
868 916 1216 978 intelligentiam
1254 917 1401 976 magis
1425 916 1613 962 ridendo
1640 916 1903 978 despicere,
1941 932 2074 978 quam
2099 933 2288 980 respon-

125 981 272 1028 dendo
310 982 511 1036 solvere,
547 998 605 1030 ne
641 985 764 1032 forte
803 987 1006 1034 trahatur
1043 987 1293 1048 Inquisitor
1328 988 1375 1033 in
1412 987 1740 1048 expositionem
1779 1002 1918 1036 sacrae
1945 990 2196 1049 scripturae,
2236 1005 2286 1037 ex

70 1060 111 1093 ¹0
127 1067 215 1114 qua
261 1067 352 1101 non
397 1055 550 1116 possit
596 1056 746 1103 redire
794 1059 891 1104 sine
937 1059 1233 1110 confusione,
1280 1064 1471 1119 propter
1516 1059 1727 1105 astutiam
1776 1059 1990 1120 haeretice
2037 1063 2286 1121 pravitatis,

124 1137 216 1186 que
263 1125 390 1172 valde
434 1134 646 1188 prompta
692 1135 764 1174 est
807 1129 853 1174 in
889 1129 1045 1176 Biblia.
1120 1127 1162 1174 ([
1199 1128 1245 1175 Si
1283 1135 1433 1175 autem
1479 1130 1653 1190 ceperit
1690 1130 1931 1176 haereticus
1971 1130 2058 1176 alte
2095 1131 2287 1179 clamare

123 1202 171 1241 et
205 1196 426 1244 Doctores
462 1212 566 1245 cum
602 1200 843 1260 scripturis
881 1200 1072 1251 iactare,
1111 1213 1213 1246 sese
1247 1206 1456 1261 paratum
1492 1201 1712 1247 rationem
1751 1201 1938 1247 reddere
1976 1216 2069 1248 suae
2110 1212 2288 1249 senten-

126 1267 222 1319 tiae,
267 1267 425 1330 petere
472 1269 646 1322 doceri,
695 1277 742 1316 et
789 1270 902 1317 solvi
952 1286 1058 1318 suas
1095 1271 1295 1318 rationes
1333 1278 1380 1317 et
1415 1272 1735 1325 auctoritates,
1786 1273 1912 1319 Tunc
1957 1281 2140 1334 oportet
2186 1289 2286 1321 cum

122 1339 311 1385 maxima
348 1339 580 1400 diligentia
618 1340 795 1393 videre,
841 1357 898 1388 ne
936 1341 1282 1388 circumstantes
1329 1344 1417 1388 ista
1462 1343 1631 1389 diutius
1678 1343 1881 1395 audiant,
1928 1358 1984 1390 ne
2022 1345 2077 1390 ad
2113 1346 2288 1392 miseri—

69 1419 107 1450 15
125 1409 325 1457 cordiam
361 1418 649 1464 moveantur,
687 1409 745 1458 et'
770 1413 1035 1460 haereticum
1071 1413 1238 1460 hahere
1275 1415 1442 1460 iustam
1481 1428 1660 1460 causam
1697 1415 1908 1467 credant,
1948 1430 2086 1477 quare
2125 1418 2196 1463 hic
2232 1431 2287 1463 ne

124 1481 346 1528 tumultus
381 1481 462 1529 fiat
498 1483 545 1529 in
580 1483 781 1545 populo,
821 1499 994 1531 summe
1030 1487 1288 1533 necessaria
1325 1492 1396 1531 est
1433 1500 1520 1531 una
1559 1485 1678 1533 bona
1715 1485 1913 1538 cautela,
1953 1501 2055 1548 quae
2097 1489 2288 1535 traditur

121 1553 205 1600 hac
240 1553 399 1614 regula

1057 1624 1339 1668 SEPTIMA.

260 1707 304 1756 ll
336 1723 440 1759 SED
477 1718 530 1758 ut
565 1712 711 1759 multo
747 1714 893 1774 magis
929 1714 1172 1766 clametur,
1220 1729 1271 1761 ac
1320 1714 1542 1761 tumultus
1590 1715 1754 1777 aliquis
1802 1717 1868 1762 vel
1920 1719 2081 1778 pedum
2120 1721 2285 1781 strepi-

63 1795 107 1828 ’.νυ
124 1788 198 1828 tus
235 1784 481 1836 excitetur,
520 1785 639 1830 sicut
674 1784 812 1831 ludaei
849 1785 1081 1838 fecerunt,
1121 1786 1300 1847 quando
1329 1785 1386 1831 .S.
1414 1785 1690 1848 Stephanum
1728 1787 1971 1834 voluerunt
2009 1791 2281 1851 opprimere,

119 1867 176 1900 ne
213 1846 462 1901 audiretur.
534 1853 643 1902 Nam
683 1856 817 1902 etiam
855 1857 987 1903 furor
1023 1871 1109 1919 pro
1148 1851 1372 1921 ecclesssia
1409 1857 1480 1904 dei
1518 1858 1782 1904 meritorius
1820 1867 1901 1911 est,
1940 1862 2128 1906 maxime
2165 1863 2203 1908 si
2230 1862 2339 1908 exB

118 1925 336 1987 praedicta
372 1927 630 1973 intentione
667 1928 902 1990 procedat,
942 1928 1077 1975 simul
1116 1942 1302 1990 quoque
1339 1929 1463 1975 iuxta
1487 1930 1780 1976 Aristotelem
1809 1931 1854 1976 in
1882 1931 2090 1978 Elenchis
2129 1932 2282 1980 multis

118 1997 452 2058 quaestionibus
489 2005 702 2051 vexetur,
749 2006 802 2046 ut
839 1999 884 2046 in
923 1999 1099 2046 diversa
1137 2000 1407 2052 distractus,
1456 2008 1502 2047 et
1549 2003 1594 2047 in
1632 2001 1836 2048 diversos
1874 2004 2075 2049 intentus
2113 2004 2283 2066 aliquid

117 2068 259 2121 dicat,
306 2084 397 2131 quo
441 2070 671 2132 capiatur,
720 2069 833 2127 Quia
878 2078 1063 2133 oportet
1109 2071 1335 2118 diabolum
1385 2074 1479 2118 suis
1516 2072 1756 2134 aliquando
1795 2073 1968 2120 artibus
2006 2072 2185 2128 fallere,
2235 2085 2283 2122 ut

58 2151 102 2184 25
119 2139 299 2187 canitur
333 2142 380 2186 in
416 2141 583 2203 hymno
621 2141 738 2188 Crux
776 2141 947 2195 fidelis,
985 2145 1070 2189 Ars
1107 2149 1160 2189 ut
1197 2149 1341 2189 artem
1378 2142 1572 2190 falleret.
1645 2144 1735 2191 Nec
1775 2152 1846 2191 est
1882 2159 2065 2192 necesse
2103 2161 2282 2209 semper

116 2213 164 2258 in
200 2211 347 2273 digito
385 2212 462 2258 Dei
499 2215 661 2260 eiicere
698 2214 936 2267 daemonia,
975 2215 1054 2261 sed
1091 2213 1258 2260 malum
1296 2214 1415 2261 malo
1442 2214 1628 2276 pellere,
1668 2231 1753 2277 per
1778 2216 2124 2278 dispensativam
2151 2231 2282 2264 evan-

116 2282 226 2344 gelii
265 2285 715 2346 interpretationem,
766 2287 873 2347 quia
910 2285 1162 2348 Inquisitor
1208 2285 1342 2332 debet
1379 2301 1565 2348 sperare
1604 2287 1726 2348 quod
1763 2288 2007 2335 haereticus
2045 2290 2282 2336 combure-

117 2362 206 2411 tur,
243 2369 301 2402 ne
324 2369 428 2403 cum
465 2356 733 2403 confusione
770 2365 919 2404 cesset
954 2357 1010 2404 ab
1048 2357 1215 2404 officio.
1291 2355 1334 2403 (Ι
1368 2357 1541 2404 Bonum
1568 2373 1751 2420 quoque
1777 2368 1895 2406 esset
1922 2360 1959 2406 si
1987 2362 2072 2407 ista
2099 2375 2189 2407 non
2215 2363 2282 2407 iu-

114 2434 288 2479 varent,
327 2427 452 2489 quod
483 2428 717 2476 mandaret
753 2429 984 2475 silentium
1022 2429 1107 2476 sub
1145 2443 1276 2491 poena
1315 2431 1815 2482 excommunicationis,
1855 2439 1906 2477 ut
1944 2434 2009 2477 sic
2036 2447 2135 2478 curn
2162 2432 2280 2479 bona

57 2498 337 2546 :inmodestia
371 2499 621 2562 Inquisitor
666 2503 815 2562 possit
852 2500 1063 2547 omnibus
1110 2500 1396 2547 audientibus
1442 2501 1613 2553 dicere,
1663 2508 1708 2548 et
1755 2517 1804 2548 se
1854 2503 2103 2555 resolvere,
2150 2503 2280 2560 Quod

113 2584 206 2617 non
241 2571 447 2617 intendat
482 2571 572 2618 nisi
610 2571 801 2618 salutem
840 2573 993 2620 miseri
1030 2573 1253 2624 haeretici,
1302 2580 1347 2619 et
1383 2572 1497 2619 bene
1534 2581 1657 2619 esset
1694 2580 1962 2626 contentus,
2010 2575 2132 2636 quod
2171 2590 2280 2622 suos

114 2641 327 2689 doctores
364 2641 603 2704 allegaret,
644 2645 681 2690 si
719 2645 865 2705 prImo
903 2644 1203 2706 responderet
1239 2659 1294 2690 an
1333 2646 1378 2690 in
1414 2643 1659 2691 Ecclesiam
1698 2645 1926 2698 crederet,
1965 2648 2057 2692 sive
2095 2661 2178 2707 per
2216 2648 2280 2693 se-

114 2720 329 2766 nestram,
369 2714 462 2761 sive
499 2728 582 2776 per
619 2716 797 2762 ianuam
834 2716 1055 2767 crederet,
1093 2715 1227 2762 modo
1268 2716 1313 2762 in
1351 2715 1586 2762 ecclesiam
1625 2717 1850 2780 crederet,
1889 2715 2000 2772 Quia
2039 2718 2145 2779 quid
2171 2733 2277 2779 pro-

114 2792 222 2831 sunt
257 2786 497 2838 Doctores,
546 2786 624 2848 qui
663 2794 771 2833 sunt
807 2802 913 2849 pars
951 2786 1178 2839 ecclesia»,
1227 2789 1264 2833 si
1302 2789 1347 2833 in
1388 2794 1527 2833 totam
1567 2787 1801 2834 ecclesiam
1841 2803 1930 2835 non
1969 2790 2122 2835 credat
2160 2788 2277 2851 (quai

57 2871 100 2904 35
118 2863 190 2903 est
226 2870 354 2904 mens
389 2856 523 2919 Papae
561 2864 607 2903 et
643 2858 837 2905 intentio
875 2859 1191 2907 haereticorum
1231 2857 1567 2920 Magistrorum)
1608 2866 1658 2905 ut
1695 2861 1759 2905 sic
1797 2860 1995 2921 populus
2034 2869 2185 2912 notet,
2227 2861 2278 2907 il-

114 2927 206 2974 lum
242 2942 348 2975 vere
384 2942 485 2975 esse
522 2929 811 2982 haereticum‚
851 2932 955 2991 quia
993 2930 1229 2978 ecclesiam
1268 2944 1358 2976 non
1397 2929 1494 2976 vult
1531 2931 1709 2982 audire,
1759 2939 1804 2976 et
1842 2931 2136 2993 Inquisitores
2175 2947 2275 2978 esse

113 2998 261 3047 iustos
299 3000 346 3046 in
384 3015 468 3048 sno
506 3001 770 3063 proposito,
810 3002 915 3063 quia
954 3003 1174 3050 honorem
1214 3002 1416 3049 ecclesia:
1455 3009 1502 3048 et
1538 3001 1639 3048 fidei
1677 3005 1994 3063 synceritatem
2037 3011 2124 3051 tam
2152 3004 2275 3065 lega·

111 3069 219 3118 liter
254 3078 302 3119 et
338 3072 490 3119 zelose
527 3080 750 3135 quaerant.

1069 3140 1327 3183 OCTAVA.

57 3238 101 3272 40
257 3226 300 3275 (ἶ
338 3242 762 3278 soLL101¹r1ss1Mn
800 3231 1128 3293 providendum
1165 3237 1250 3283 est,
1290 3238 1340 3277 ut
1365 3231 1663 3293 Inquisitores
1690 3234 1780 3278 sint
1805 3232 1859 3278 de
1885 3231 2049 3279 Ordine
2075 3233 2273 3280 Sanctis—

111 3299 227 3347 simo
263 3300 631 3363 Predicatorum,
680 3305 783 3363 quia
832 3302 896 3349 illi
945 3302 1111 3350 habent
1157 3316 1364 3363 magnam
1401 3303 1593 3364 gratiam
1631 3304 1749 3366 apud
1787 3303 2030 3366 populum,
2078 3312 2124 3351 et
2161 3309 2273 3352 anti-

111 3384 245 3433 quam
281 3371 468 3425 samam,
507 3374 629 3435 quod
668 3373 760 3420 sint
796 3374 916 3421 docti
954 3380 999 3420 et
1026 3374 1222 3424 Seellos,
1260 3373 1410 3420 dicere
1448 3374 1569 3422 volui
1609 3375 1748 3422 zelosi
1774 3390 1857 3437 pro
1885 3376 2073 3423 ecclesia
2102 3384 2269 3428 sancta,

109 3450 157 3489 et
178 3442 442 3504 Apostdlica
482 3444 601 3491 sede.
675 3445 778 3492 ldeo
818 3445 995 3492 facilius
1033 3451 1228 3507 possunt
1265 3445 1568 3507 suspicionem
1607 3445 1777 3509 populo
1817 3447 1962 3495 facere
2000 3455 2158 3495 contra
2184 3450 2272 3494 hai-

109 3514 302 3562 reticum
350 3529 485 3577 quam
530 3514 605 3563 alii
654 3516 927 3577 quicunque.
1002 3514 1044 3562 (1
1082 3516 1223 3563 Etiam
1272 3515 1396 3569 ideo,
1446 3517 1551 3579 quia
1599 3525 1839 3580 postquam
1887 3519 1975 3581 ipsi
2022 3519 2186 3566 multas
2225 3529 2268 3566 ct

55 3594 99 3627 ⁴⁵
114 3599 300 3647 magnas
335 3586 625 3648 pertulerunt
662 3595 853 3649 propter
890 3586 1035 3634 zelum
1074 3595 1121 3634 et
1158 3587 1392 3635 scientiam
1431 3603 1556 3635 suam
1583 3589 1899 3642 confusiones,
1939 3605 1993 3637 eo
2021 3591 2195 3637 fidelius
2222 3599 2266 3636 ct

93 3655 374 3718 'diligentius
411 3657 641 3711 laborant,
684 3665 734 3704 ut
771 3658 844 3705 alii
883 3661 1026 3720 magis
1064 3659 1422 3712 confundantur,
1464 3666 1514 3707 ut
1550 3661 1638 3722 ipsi
1679 3662 1764 3709 hoc
1801 3662 1934 3709 modo
1974 3678 2098 3709 suam
2138 3664 2266 3722 iguo·

109 3728 289 3775 miniam
328 3729 485 3776 alienae
526 3730 786 3791 ignominiae
823 3732 1056 3777 consortio
1095 3731 1323 3782 solentur.
1371 3731 1494 3778 quta
1542 3732 1675 3785 illud,
1725 3733 1942 3780 Gaudium
1981 3741 2050 3779 est
2089 3734 2265 3778 miseris

220 3853 239 3881 ⁴
270 3868 599 3896 sonmoxssnffl
624 3858 662 3897 1.
723 3854 760 3882 ²⁰
789 3856 889 3897 Act.
913 3860 1061 3911 apost.
1085 3856 1187 3898 VII.
1210 3855 1280 3898 56.
1340 3855 1377 3883 ²⁶
1409 3857 1480 3901 Cf.
1504 3858 1616 3900 Luc.
1641 3860 1718 3899 XI.
1741 3859 1808 3899 20.
1868 3856 1905 3883 ‘¹⁷
1925 3860 2074 3900 Senec.
2096 3857 2260 3897 'l'road.

113 3923 236 3966 1014.
258 3940 325 3980 sq.
347 3927 564 3978 „Gaudet
586 3927 631 3967 in
663 3926 828 3970 multos
859 3941 943 3970 sua
973 3929 1073 3971 fata
1103 3929 1245 3979 mitti,
1279 3928 1426 3982 Seque
1459 3943 1547 3970 non
1579 3929 1720 3970 solum
1755 3930 1983 3982 placuisse
2016 3929 2203 3981 ponne&
