2456 4264
275 254 536 286 uvcnmm
556 253 618 284 AD
638 253 894 284 ABNOLDVM
915 255 974 283 DE
997 253 1232 289 TVNGARIS,
1249 253 1482 283 EPISTOLA
1503 254 1609 283 DAT.
1633 256 1678 283 D.
1701 250 1758 286 28.
1782 256 1885 285 OCT.
1906 257 1949 289 A.
1975 253 2072 286 151¹.
2137 234 2162 290 1,
2182 234 2203 291 1
2222 235 2254 292 7

96 386 483 449 &perimi-nus,
526 384 920 447 peperiphrones
956 384 1079 432 milii
1112 385 1263 432 nullis
1298 385 1420 432 meis
1451 384 1702 434 demeritis
1734 387 2117 447 precedentibus
2151 390 2251 436 cir-

96 483 410 533 omnaque
437 456 739 518 cursitantes
773 473 972 517 struunt
1043 467 1251 517 Accedit
1286 469 1359 516 ad
1387 468 1480 518 hoc
1515 471 1650 530 quod
1679 471 1884 531 quidam
1916 473 2264 532 spectatissimi

0 545 18 653 ἱ
95 555 331 615 theologie
369 553 637 603 candidati
662 553 901 613 fortassis
929 565 1048 617 eyre
1073 552 1222 612 ferre
1249 557 1471 615 possent,
1519 567 1597 604 me
1633 557 1722 616 qui
1756 569 2024 604 sacrarum
2061 558 2259 605 littera-

23 683 29 686 ,
93 651 207 698 rum
240 639 519 709 discipulus
553 652 810 701 nunquam
852 637 1067 698 fuerim,
1113 637 1357 687 hominem
1404 640 1592 688 scilicet
1631 641 1737 689 eius
1778 641 1978 701 scientie
2024 642 2259 702 ignarum

0 661 23 803 ἑ
62 725 416 779 smtoiitates
459 725 728 773 inseruisse
772 724 968 773 divinas
1011 726 1060 771 et
1093 727 1379 772 sanctorum
1416 729 1626 786 patrum
1667 726 1940 774 testimonia
1976 738 2009 773 a
2043 739 2121 774 me
2161 738 2259 774 non

11 817 19 824 ’
92 809 217 878 &euge
246 808 328 868 (ut
357 809 524 870 aiunt)
559 810 847 858 intellecta,
898 807 1116 868 Eqreqie
1157 811 1206 856 e't
1238 810 1648 857 excellentissime
1675 810 1867 864 doctor,
1909 810 2261 859 observandis-

0 809 18 996 }
92 875 214 952 sine
246 893 467 954 domine,
505 894 731 942 adducta
763 907 861 954 per
883 906 961 941 me
996 906 1173 956 cernes
1206 893 1504 953 theoloqica,
1540 894 1670 942 sicut
1699 895 1996 943 rusticorum
2025 895 2260 943 sacerdos

0 999 34 1040 g,
92 978 484 1036 affirmavimus
518 979 820 1028 medicinam
845 980 1070 1038 alleqare
1098 983 1274 1038 posset.
1350 978 1536 1026 Fateor
1555 979 1697 1025 -enim
1713 1014 1727 1039 ,
1773 979 1824 1025 in
1859 978 2039 1026 scholis
2073 978 2260 1027 theolo—

0 1044 13 1112 ἶ
87 1065 365 1130 maon
411 1063 593 1120 didici,
642 1063 734 1112 sed
777 1064 945 1112 civiles
991 1064 1138 1122 leqes.
1214 1075 1374 1122 quare
1422 1068 1636 1110 vestram
1681 1063 1973 1123 disputandi
2019 1065 2260 1112 rationem

0 1114 286 1210 {ma
358 1147 452 1196 Est
482 1153 647 1197 autem
678 1148 834 1196 nihilo
867 1149 1032 1195 minus
1071 1147 1195 1195 milti
1212 1160 1355 1208 pura
1392 1148 1707 1204 conscientia,
1743 1147 1875 1207 quod
1905 1149 2129 1196 voluntas
2152 1161 2261 1197 mea

0 1192 20 1296 Ξ
91 1244 192 1291 m
239 1231 502 1285 ,avertatur
544 1246 578 1281 a
617 1233 815 1281 Christo
859 1233 948 1293 qui
989 1236 1062 1280 est
1101 1235 1257 1292 caput
1300 1233 1518 1291 ecclesie.
1595 1231 1843 1292 Quicquid
1885 1233 2038 1292 iqitur
2084 1237 2262 1282 sancta

0 1298 19 1377 'f
90 1318 301 1375 alesia
325 1317 445 1378 (que
467 1324 541 1372 est
556 1320 794 1370 columna
818 1322 866 1366 et
882 1318 1252 1376 firmamentum
1277 1317 1522 1378 veritatis)
1551 1316 1728 1374 credit,
1755 1316 1885 1364 idem
1911 1329 2002 1377 eqo
2023 1318 2071 1365 et
2095 1320 2262 1366 taliter

0 1383 34 1470 ξ
63 1434 66 1436 -
88 1402 258 1461 eudoT
274 1401 342 1452 Et
370 1403 499 1452 sicut
533 1403 644 1464 ipsa
667 1403 875 1464 exponit
896 1415 1098 1450 sacram
1124 1403 1446 1463 scripturam,
1487 1403 1557 1450 ita
1581 1414 1673 1462 eqo
1697 1402 2047 1463 exponendam
2073 1415 2260 1462 cense0,

4 1475 11 1478 ⁵
54 1540 61 1545 ,
88 1492 241 1553 atque
273 1489 533 1548 confiteor,
573 1492 623 1537 et
655 1489 702 1536 si
737 1501 947 1549 usquam
985 1489 1134 1536 aliter
1164 1489 1501 1549 exposuissem
1541 1499 1692 1547 quam
1726 1488 1956 1547 patiatur
1990 1488 2262 1538 intellectus

22 1567 80 1633 ’,μ
91 1573 319 1632 ecclesie,
355 1572 492 1633 quod
518 1578 682 1621 tamen
714 1572 899 1632 fecisse
932 1586 1010 1621 me
1041 1587 1140 1621 non
1178 1573 1392 1632 memini,
1426 1585 1523 1634 pro
1560 1577 1678 1620 tunc
1711 1584 1802 1632 eqo
1838 1573 1966 1620 sicut
1993 1585 2091 1632 pro
2129 1585 2263 1620 nunc

89 1661 150 1709 et.
171 1670 308 1707 nunc
334 1658 463 1707 sicut
482 1671 586 1720 pro
621 1662 739 1706 tunc
775 1658 904 1707 illud
939 1660 1196 1719 corripere
1232 1662 1282 1706 et
1315 1658 1584 1706 emendare
1617 1661 1833 1718 paratus
1867 1669 1977 1704 sum
1991 1693 2004 1716 ,
2050 1661 2097 1704 et
2125 1661 2261 1705 stare

89 1743 287 1800 mnino
311 1737 336 1811 ΙΙ
359 1743 763 1792 determinationi
793 1745 1011 1802 ecclesie,
1050 1748 1106 1792 ut
1136 1745 1468 1804 inteqritatem
1504 1744 1557 1791 in
1594 1755 1672 1791 me
1704 1755 1848 1791 suam
1868 1742 1998 1801 fides
2026 1743 2258 1792 inconta—
2278 1751 2370 1807 giij

0 1798 13 1894 ξ
87 1828 280 1886 minata
314 1827 577 1877 custodiat.
655 1827 754 1876 Oro
789 1829 958 1888 iqitur,
1000 1830 1392 1890 prestantissime
1428 1828 1614 1884 doctor,
1653 1831 1707 1876 ut
1737 1829 1783 1876 si
1805 1839 2101 1888 quemquam
2126 1828 2261 1875 scri—

0 1904 3 1906 ’
56 1912 187 1974 ptis
219 1912 342 1961 meis
374 1913 545 1973 lesisse
582 1913 670 1962 tibi
701 1913 903 1971 videar,
951 1915 999 1962 si
1033 1926 1143 1962 mea
1186 1912 1417 1972 facilitas
1460 1914 1615 1961 ullum
1649 1912 1892 1961 hominem
1925 1914 2056 1960 male
2091 1910 2259 1971 offen-

30 2016 77 2054 a·
93 1997 247 2056 derit,
273 1995 450 2057 facias
482 2010 560 2047 me
580 2011 682 2060 per
714 1998 1068 2056 humanissime
1105 1998 1419 2058 beniqnitatis
1455 2002 1535 2057 tue
1577 1998 2033 2058 indulqentissimas
2066 1998 2261 2045 litteras

86 2084 371 2143 certiorem,
418 2082 647 2133 habendo
694 2085 745 2132 in
787 2097 864 2132 me
892 2084 1187 2145 patientiam
1224 2087 1272 2132 et
1307 2084 1474 2131 omnia
1510 2083 1723 2131 reddam
1771 2082 1870 2130 tibi.
1910 2082 2079 2131 iubeas
2116 2083 2259 2131 velim

85 2171 136 2218 et
161 2166 374 2217 moratus
401 2168 674 2218 recondam
704 2169 948 2229 qladium,
990 2167 1164 2216 Cantet
1197 2168 1322 2216 mihi
1350 2170 1520 2228 qallus
1555 2174 1603 2216 et
1629 2168 1771 2228 slebO,
1799 2168 1948 2229 prius
1983 2169 2090 2229 ipse
2124 2171 2259 2216 tones

0 2282 9 2320 ;
85 2257 355 2314 antequam
386 2251 648 2314 fulmines.
725 2252 811 2302 Sic
848 2255 979 2302 enim
1006 2258 1191 2301 natura
1229 2254 1504 2316 constituit,
1556 2260 1611 2302 ut
1650 2254 1778 2313 ienis
1807 2257 2104 2313 premoneat
2139 2265 2259 2301 cre-

0 2321 18 2393 ’ἷ
81 2337 194 2400 pitu
227 2343 497 2399 antequam
537 2343 748 2397 exurat,
785 2340 937 2397 ruina
967 2337 1188 2398 fraqore
1203 2377 1215 2394 ,
1268 2342 1534 2398 antequam
1572 2339 1879 2399 supprimat,
1929 2342 2070 2387 terra
2110 2342 2257 2397 motu,

4 2427 356 2486 „umquam
390 2421 665 2479 absorbeat,
704 2428 758 2471 ut
781 2424 961 2473 talibus
983 2425 1130 2472 minis
1165 2425 1330 2472 omnia
1368 2423 1463 2472 sibi
1498 2424 1777 2471 animantia
1797 2423 1991 2485 possint
2019 2436 2051 2471 a
2076 2423 2258 2471 damno

2 2571 3 2575 Ἰ
87 2521 282 2569 cavere.
370 2509 554 2558 Valeas
583 2508 806 2569 feliciter
842 2515 967 2572 opt0,
996 2522 1244 2571 perquam
1288 2509 1631 2557 colendissime
1669 2508 1862 2563 doctor,
1912 2512 1963 2556 et
1996 2509 2259 2568 maqnisice

0 2593 26 2646 ἶ
85 2592 327 2654 [aestuati
359 2594 596 2655 theologie
633 2600 824 2657 quanta
855 2601 997 2657 potes
1033 2595 1295 2655 diliqentia
1331 2608 1406 2642 me
1448 2594 1646 2643 obsecro
1687 2593 2013 2648 commendes,
2060 2595 2110 2641 in
2148 2606 2259 2642 me-

18 2695 22 2699 ·
85 2680 259 2732 lioeem
281 2684 480 2743 partem
508 2682 676 2729 omnia
705 2684 754 2730 et
786 2680 1120 2746 beniqniorem
1158 2680 1551 2742 interpretando.
1624 2680 1809 2728 Datum
1842 2692 2073 2740 pereqre.
2110 2692 2259 2740 quum

83 2760 220 2823 sorte
246 2763 460 2825 fortuna
493 2765 787 2815 tabellarius
815 2766 1020 2828 quidam
1065 2766 1346 2827 contiqisset
1393 2766 1647 2814 accinctus
1683 2766 1865 2814 itineri.
1941 2765 2110 2825 quinto
2148 2763 2255 2813 Cal.

4 2846 389 2919 NpNooentbris.
427 2850 572 2901 Anno
608 2851 811 2902 domini.
833 2851 902 2900 M.
922 2852 985 2901 D.
1008 2865 1080 2900 «τι.
1203 2847 1209 2852 ’

977 2937 1019 2985 (Ι
1049 2937 1268 2986 Ioannes
1303 2936 1550 2986 Reucltlin
1576 2932 1813 2998 pliorcen.
1846 2936 1896 2985 lt.
1927 2935 2114 2984 doctor.

963 3079 1121 3128 Nota
1164 3082 1380 3129 lector.

6 3178 29 3283 '53
230 3190 274 3242 C
324 3193 591 3243 Videamus
627 3207 762 3243 nunc
795 3207 946 3255 quam
982 3195 1154 3243 leviter
1185 3201 1233 3243 et
1269 3194 1634 3243 inconsiderate
1672 3195 1722 3241 in
1764 3192 1862 3240 ltac
1891 3193 2098 3253 epistola
2135 3203 2258 3239 eva-

84 3279 236 3339 num
261 3280 340 3328 sit.
416 3277 514 3328 Oro
550 3281 703 3340 iqitur
751 3286 899 3340 atque
949 3279 1149 3329 obsecro
1186 3292 1267 3329 vos
1297 3281 1348 3329 in
1387 3279 1584 3327 domino
1630 3278 1746 3326 Iesu
1781 3284 1834 3326 ut
1869 3278 2121 3326 veritatem
2160 3288 2254 3324 non

91 3362 233 3422 mdo
266 3364 448 3414 audire
482 3365 573 3413 sed
607 3366 755 3414 etiam
792 3365 926 3414 tueri
957 3366 1129 3414 velitis.

106 3578 110 3579 ⁷
202 3530 216 3559 ¹
246 3530 286 3575 &a
314 3532 684 3588 Peperiphrones
715 3527 757 3576 2.
867 3533 1146 3574 commeritis
1177 3536 1217 3574 2.
1326 3533 1342 3558 ὃ
1383 3531 1645 3586 intellecta]
1684 3531 1923 3586 neglecta.
1947 3535 1990 3575 2.
2098 3530 2258 3571 doctor

89 3599 130 3662 ᾧ
157 3601 251 3645 obs.
271 3606 314 3646 2.
421 3602 492 3630 ⁹·¹⁰
523 3617 664 3658 quare
696 3603 832 3645 datur
863 3627 914 3633 —
946 3604 1175 3658 ignorare.
1200 3607 1240 3645 2.
1341 3602 1371 3629 ¹¹
1407 3605 1587 3645 eccene
1622 3606 1660 3644 1.
1752 3601 1785 3628 ¹²
1818 3603 1987 3654 credit,
2031 3606 2077 3643 et
2108 3601 2253 3654 quali—

9 3676 12 3694 ¹
82 3666 303 3728 ⁴bremam
334 3675 498 3727 credit,
531 3678 573 3716 2.
666 3672 700 3701 ¹⁴
730 3672 938 3729 usquam]
971 3674 1066 3716 ullo
1097 3679 1301 3730 tempore
1334 3679 1375 3716 2.
1478 3675 1510 3700 ¹⁶
1542 3675 1642 3728 Ego
1673 3686 1704 3725 J)
1735 3687 1856 3715 nunc
1890 3674 2005 3715 sieut
2035 3686 2113 3726 pro
2147 3677 2253 3712 tunc

76 3738 132 3806 ,ἃ
154 3745 263 3787 tunc
295 3745 411 3787 ficut
440 3759 523 3800 pro
553 3758 674 3787 nunc
706 3745 820 3787 illud
840 3749 883 3787 2.
973 3744 1009 3772 ¹⁷
1038 3747 1129 3788 Per
1160 3760 1358 3788 errorem
1390 3748 1438 3787 in
1460 3749 1499 3788 1.
1523 3750 1594 3786 est
1615 3744 1710 3798 QEiij
1802 3758 1930 3785 suam
1963 3758 2043 3786 non
2065 3743 2188 3783 lcabet
2210 3745 2250 3781 2.

93 3808 131 3840 ⁸⁸
157 3817 264 3870 opto
295 3815 519 3858 foelieiter
551 3820 591 3859 2.
679 3815 716 3843 ²⁷
747 3815 1024 3871 theologicae
1057 3830 1127 3859 me
1159 3821 1202 3859 2.
1235 3819 1386 3859 omisso
1418 3831 1489 3858 me
1521 3822 1619 3857 ante
1651 3816 1856 3857 obsecro.
1946 3814 1981 3841 ²⁹
2015 3814 2251 3855 accinctus

25 3903 50 3927 v·
93 3881 250 3928 itineri
280 3887 539 3943 obtigisset.
562 3890 603 3932 2.
694 3888 853 3942 quinto
884 3889 1000 3931 omis.
1023 3890 1064 3930 2.
1151 3887 1187 3915 ³¹
1220 3888 1581 3941 Subscriptionem
1610 3891 1726 3929 omis.
1749 3889 1794 3927 2.
