2456 4264
376 281 639 313 sanun-ru
659 282 949 314 nonu-1⁸18
972 283 1141 313 111301..
1164 282 1491 314 conoumnms.
1515 285 1560 314 D.
1584 279 1638 316 16.
1660 284 1768 315 Avo.
1791 284 1837 318 Α.
1861 281 1958 315 1513.
2127 263 2149 321 1
2169 263 2247 323 35

76 416 279 480 suisset,
323 415 378 464 in
417 425 516 476 quo
558 412 625 462 de
659 412 912 463 Thalmud
942 421 992 464 et
1024 413 1324 476 quibusdam
1365 415 1483 463 aliis
1518 415 1791 476 Iudeorum
1827 417 1968 466 tibris
2000 431 2098 467 non
2130 432 2251 468 cre—

7 545 28 570 ‚..
81 500 281 552 mandis
314 498 584 561 aqebatur,
633 499 943 561 eundemque
986 504 1105 549 tunc
1139 500 1476 562 multipliciter
1509 506 1789 564 suspectum
1830 502 2170 552 habuissemus
2205 508 2255 553 et

4 588 27 678 ᾗ
80 585 290 645 Iudaice
312 581 535 647 perfidie
559 584 845 633 inordinate
873 583 1143 645 faventem,
1176 584 1372 644 fuimus
1395 589 1560 635 tamen
1587 601 1750 650 nuper
1775 588 1939 637 denuo
1960 601 2061 650 per
2083 588 2251 650 Eqre—

75 672 213 734 qim»
246 670 686 732 venerandumque
708 674 911 732 patrem
951 674 1000 718 et
1039 670 1292 741 dominum
1323 672 1618 732 maqistrum
1656 677 1876 722 nostrum
1914 673 2151 724 Iacobum
2189 675 2252 724 de

46 754 414 809 sffoehstraten
424 790 440 818 ‚
484 755 770 815 reliqiosum
812 754 1005 804 ordinis
1044 756 1449 817 predicatorum,
1499 757 1693 806 Artium
1737 763 1785 806 et
1830 771 1976 819 sacre
2014 759 2251 821 theoloqie

77 841 312 893 mium
333 839 692 902 professorem,
728 853 921 889 necnon
957 840 1172 901 heretice
1204 842 1475 903 pravitatis
1498 843 1851 903 inquisitorem,
1886 849 2094 906 propter
2118 858 2250 893 non-

20 965 29 971 .
75 927 219 977 nula
251 926 539 989 imperialia
576 931 955 987 ceterorumque
990 925 1405 988 Archipresulum
1438 927 1699 988 mandata,
1735 928 1897 989 ipsum
1940 930 2020 989 (ut
2049 942 2249 979 assere—

74 1011 184 1075 hat)
218 1012 453 1073 uryentia
487 1012 702 1072 leqitime
737 1012 975 1072 requisiti,
1014 1016 1258 1072 quatenus
1292 1011 1506 1060 eundem
1540 1012 1758 1061 libellum
1793 1025 1938 1074 quem
1974 1014 2026 1062 in
2058 1027 2247 1063 verna—

73 1097 192 1148 cula
225 1097 402 1158 linqua
437 1098 734 1159 impressum
770 1097 822 1145 in
858 1109 912 1145 se
953 1097 1131 1158 viqinti
1168 1095 1300 1156 folia
1345 1098 1671 1146 continentem
1709 1097 1870 1146 denuo
1907 1097 2045 1147 nobis
2081 1098 2251 1148 obtulit

77 1188 280 1233 nuum
311 1182 481 1243 leqere
510 1185 561 1230 et
594 1182 796 1231 visitare
842 1181 1173 1243 diqnaremur
1219 1181 1285 1230 Et
1324 1194 1394 1230 an
1440 1184 1555 1231 talis
1597 1182 1857 1232 habendus
1892 1188 2018 1233 esset
2051 1186 2247 1245 qualem

74 1267 215 1320 m
251 1257 463 1329 publica
503 1265 655 1327 fama
696 1269 746 1316 et
779 1266 992 1328 prefata
1028 1267 1271 1316 mandata
1304 1267 1596 1317 viderentur
1631 1272 1885 1329 reputare.
1958 1267 2060 1318 Nos
2093 1269 2246 1329 iqitur

73 1353 254 1403 inm
292 1352 379 1402 dei
397 1347 421 1421 ΙΙ
446 1358 496 1402 et
536 1352 779 1413 catholice
823 1352 949 1413 fidei
991 1352 1201 1414 beniqne
1245 1352 1339 1402 hoc
1375 1366 1500 1403 onus
1545 1353 1892 1414 suscipientes,
1941 1355 2248 1416 volentesque
2268 1349 2340 1406 3³1⁶

68 1438 223 1489 etiam
251 1439 419 1488 causis
445 1439 850 1501 supranominati
881 1438 1190 1499 inquisitoris
1210 1451 1313 1501 pro
1350 1442 1517 1487 nostro
1551 1438 1711 1488 debito
1747 1443 1848 1487 non
1887 1439 2075 1497 deesse,
2112 1453 2248 1502 pre—

69 1524 378 1575 minatum
409 1523 629 1573 libellum
661 1524 812 1574 certis
843 1538 911 1573 ex
946 1523 1293 1584 confratribus
1326 1525 1508 1573 nostris
1543 1527 1592 1573 et
1624 1525 1880 1585 maqistris
1905 1526 2082 1574 iterum
2107 1526 2247 1575 revi-

7 328 34 540 ΥΡΜὟἿΠ*
8 287 11 290 ’

0 1417 281 1728 {nendum
308 1609 692 1672 diligentiusque
726 1610 991 1671 leqendum
1032 1623 1096 1658 ac
1129 1609 1528 1659 examinandum
1561 1611 1905 1660 commisimus.
1976 1610 2094 1660 Post
2118 1623 2246 1672 quo-

70 1707 186 1744 rum
218 1693 462 1744 iudicium
494 1703 543 1746 et
579 1696 1011 1757 diliqentissimum
1048 1688 1263 1745 examen
1295 1694 1616 1756 facultaliter
1658 1696 1733 1745 ad
1767 1709 1856 1746 nos
1890 1697 2245 1760 reproductum

0 1732 16 1917 Ι
72 1779 252 1831 omnes
281 1787 333 1830 et
360 1781 551 1843 sinquli
582 1781 673 1831 sub
697 1781 860 1831 debito
887 1783 1091 1844 prestiti
1118 1782 1389 1831 iuramenti
1418 1781 1469 1830 in
1501 1781 1673 1831 eodem
1709 1783 1815 1831 loco
1838 1784 2134 1844 conqreqati
2159 1783 2246 1833 di-

66 1866 277 1928 lioentia
308 1866 449 1916 nobis
471 1866 704 1930 possibili
734 1867 884 1916 simul
912 1867 1113 1927 sinqula
1144 1867 1577 1929 perlustravimus,
1613 1871 1906 1929 matureque
1930 1869 2095 1917 omnia
2114 1882 2244 1931 per-

314 1965 341 2000 s
375 1954 699 2003 tractavimus
731 1951 799 2000 Et
834 1964 947 2001 cum
978 1951 1074 2001 hoc
1102 1950 1393 2012 faceremus
1422 1952 1737 2002 concorditer
1771 1954 2050 2003 censuimus
2075 1958 2125 2003 et
2148 1954 2248 2025 de-·

69 2036 391 2086 liberavimus
425 2037 642 2088 libellum
679 2039 843 2100 ipsum
874 2039 989 2099 pias
1025 2050 1177 2086 aures
1208 2037 1603 2097 christifidelium
1626 2043 1674 2087 et
1697 2039 1916 2088 maxime
1943 2040 2243 2101 simplicium

63 2124 294 2184 praviter
338 2122 598 2184 offendere
611 2162 622 2184 ,
677 2124 854 2172 multos
897 2135 1091 2184 quoque
1135 2127 1185 2172 et
1227 2124 1394 2172 varios
1440 2124 1679 2173 articulos
1725 2124 1777 2172 in
1820 2124 1924 2183 fide
1966 2125 2240 2186 plurimum

68 2212 320 2278 suspectos
353 2214 404 2258 et
430 2209 779 2268 scandalosos,
826 2208 1039 2269 heresim
1083 2222 1275 2270 quoque
1316 2210 1566 2270 sapientes
1609 2216 1658 2258 et
1690 2208 1965 2269 Iudeorum
2009 2211 2240 2274 inprimis

0 2294 13 2422 ξ
62 2293 278 2357 perfidie
306 2276 660 2344 consentaneos
688 2294 959 2343 continere.
1036 2293 1352 2356 Quapropter
1377 2295 1608 2344 unanimi
1627 2307 1882 2356 consensu,
1914 2299 2117 2345 matura
2143 2295 2237 2345 de-

67 2378 358 2430 liberatione
388 2380 584 2442 previa,
621 2380 953 2430 iudicavimus
982 2378 1247 2441 prefatum
1282 2379 1498 2429 libellum
1530 2380 1706 2440 viqinti
1738 2379 1978 2440 foliorum
2006 2394 2105 2443 per
2128 2382 2239 2430 sin-

0 2427 194 2536 }'noula
216 2464 352 2526 folia
388 2466 578 2515 notarii
605 2467 766 2515 nostri
801 2479 953 2514 manu
989 2465 1351 2526 subsiqnatum,
1390 2478 1488 2513 non
1526 2466 1671 2514 modo
1705 2466 2120 2528 supprimendum
2153 2470 2243 2516 aut

0 2546 17 2598 ι’
66 2549 133 2602 de
161 2550 389 2601 manibus
430 2551 827 2611 christifidelium
863 2551 1156 2609 tollendum,
1203 2563 1442 2611 usumque
1486 2552 1594 2600 eius
1642 2551 1987 2611 inhibendum,
2036 2564 2238 2601 verum-

0 2619 20 2683 ,Γ
65 2636 216 2687 ettam
252 2638 476 2699 flammis
517 2636 822 2686 tradendum
866 2642 914 2686 et
955 2637 1066 2698 iqni
1098 2636 1426 2686 cremandum
1480 2650 1610 2698 esse,
1665 2651 1727 2687 ne
1773 2639 1879 2687 eius
1923 2638 2238 2699 aliquatenus

0 2707 4 2710 ’
66 2723 304 2773 memoria
330 2728 606 2784 remaneat,
641 2717 739 2785 quo
775 2722 1050 2784 aliquando
1082 2723 1135 2771 in
1164 2721 1398 2782 futurum
1434 2736 1502 2772 ex
1535 2736 1594 2772 eo
1617 2724 1779 2785 possit
1799 2737 1948 2773 error
1970 2727 2059 2772 aut
2081 2735 2237 2773 scan—

67 2806 257 2859 dalum,
274 2809 604 2872 repullulare.
639 2810 691 2858 in
739 2821 951 2870 quorum
984 2809 1347 2871 premissorum
1392 2809 1609 2858 omnium
1646 2813 1694 2859 et
1727 2810 2036 2872 sinqutorum
2067 2809 2236 2869 fidem,

0 2891 221 2949 bombus·
252 2898 303 2944 et
334 2894 536 2944 evidens
570 2895 896 2953 testimonium
931 2894 1066 2945 hanc
1104 2899 1324 2944 nostram
1357 2896 1718 2945 conclusionem
1754 2900 1802 2945 et
1824 2895 2116 2944 sententiam
2141 2907 2236 2944 ca-

0 2963 20 3058 }
65 2977 295 3030 tholi'cam
320 2993 424 3044 per
457 2981 708 3030 notarium
744 2986 965 3030 nostrum
1006 2980 1262 3043 publicum
1309 2981 1386 3029 illi
1429 2980 1592 3029 libetto
1641 2981 1722 3040 (ut
1757 2978 2050 3043 prefertur)
2099 2979 2236 3029 nobis

0 3068 15 3130 ἱ
61 3068 346 3128 preteritum
388 3066 579 3117 ascribi
617 3065 834 3127 fecimus
869 3066 1072 3116 Necnon
1119 3066 1337 3127 siqillum
1373 3064 1639 3126 facultatis
1677 3070 1841 3126 nostre
1871 3069 2235 3127 prememorate

63 3149 224 3200 eidem
249 3164 352 3215 per
382 3152 648 3203 cordulam
685 3154 929 3203 sericeam
967 3152 1207 3215 appendi.
1282 3151 1468 3200 Datum
1513 3156 1561 3200 et
1606 3155 1771 3201 actum
1811 3151 2006 3210 Colonie
2046 3151 2099 3199 in
2127 3164 2233 3213 pu-

63 3233 192 3286 blica
224 3241 391 3298 nostre
417 3250 565 3298 sacre
602 3238 869 3300 theotoqice
910 3237 1180 3298 facultatis
1221 3238 1607 3298 conqreqatione
1651 3236 1717 3285 In
1765 3238 1952 3298 insiqni
1988 3236 2234 3286 Conventu

61 3318 292 3388 fratrum
326 3324 573 3374 minorum
605 3324 777 3374 habita
815 3326 958 3373 Anno
993 3324 1257 3373 salvatoris
1302 3317 1391 3371 diii
1426 3323 1583 3371 nostri
1613 3321 1731 3372 Iesu
1758 3322 1950 3373 christi.
1988 3321 2232 3371 Monu-

64 3404 148 3480 die
178 3415 303 3456 ..τη
334 3421 487 3459 mens.
514 3409 679 3472 Auqu.

173 3590 246 3621 ’Μ
274 3592 463 3648 viginti]
485 3594 776 3635 Lovanienses
797 3592 1000 3635 sedecim
1022 3597 1182 3633 tantum
1213 3590 1422 3632 habebant
1455 3589 1536 3642 (cf.
1559 3605 1601 3645 p.
1630 3590 1725 3636 133.
1747 3606 1788 3634 ν.
1811 3590 1917 3645 34.),
1951 3592 2121 3634 totidem
2143 3590 2229 3630 Pa·

63 3663 265 3707 ridentes
296 3664 378 3718 (cf.
402 3679 445 3719 p.
475 3664 568 3708 141.
591 3678 633 3707 v.
662 3665 766 3719 14.)‚
798 3665 1132 3718 Erphorclenses
1163 3662 1451 3715 undeviginti
1486 3661 1565 3715 (cf.
1589 3676 1631 3717 p.
1660 3663 1753 3708 136.
1778 3677 1821 3706 v.
1848 3663 1933 3715 15.)
