2456 4264
220 259 340 317 262
807 281 1044 309 EPISTOLAE
1068 280 1372 310 onscvssonvu
1394 281 1604 309 vmonvu
1627 281 1775 310 uovAE.

223 413 362 463 vultis
400 428 505 462 esse
544 416 814 464 contentus
854 415 970 457 tunc
1009 408 1160 459 semel
1195 408 1303 457 volo
1342 408 1560 458 scribere
1597 408 1747 465 vobiS,
1786 409 1850 458 ita
1889 409 2019 473 quod
2056 414 2225 474 postea
2250 423 2388 473 per·-
2453 362 2456 460 l

222 499 418 548 mittatis
468 511 544 544 me
592 496 639 543 in
686 508 806 556 pace
856 507 966 541 cum
1013 492 1323 542 novitatibus,
1399 493 1494 542 Vos
1543 491 1670 543 bene
1708 493 1953 543 audivistis
1991 493 2199 558 qualiter
2236 509 2362 558 papa
2453 461 2456 563 l

222 582 388 631 hahuit
427 594 577 629 unum
618 591 846 640 magnum
887 576 1064 626 animal
1102 578 1231 640 quod
1273 583 1496 627 vocatum
1536 576 1624 626 suit
1661 576 1885 642 ElephaS‚
1927 583 1974 627 et
2009 578 2180 627 habuit
2205 579 2363 643 ipsum
2453 566 2456 640 l

223 668 270 715 in
309 678 485 727 magno
523 663 737 717 honore,
790 667 837 711 et
874 660 1012 710 valde
1051 662 1227 710 amavit
1264 661 1397 711 illud.
1472 662 1614 711 Nunc
1651 662 1806 728 igitur?
1837 661 2022 711 debetis
2059 664 2185 712 scire
2233 664 2364 727 quod
2452 644 2456 755 ε

223 749 316 799 tale
364 747 542 798 animal
592 753 663 797 est
697 743 972 796 mortuum.
1048 746 1107 795 Et
1153 747 1348 811 quando
1398 747 1486 795 fuit
1534 747 1805 803 infirmum,
1853 753 1971 795 tunc
2007 746 2138 811 Papa
2187 748 2278 797 fuit
2315 749 2399 796 ins
2452 758 2456 827 1

224 848 397 897 magna
434 833 653 889 tristitia,
703 838 751 881 et
797 834 980 881 vocavit
1017 831 1233 880 medicos
1271 830 1462 896 plureS‚
1514 837 1562 880 et
1599 831 1719 879 dixit
1756 833 1848 880 eis:
1901 831 1968 880 ‘Si
2007 838 2080 882 est
2115 832 2362 897 possibile,

223 925 390 968 sanate
438 917 555 966 mibi
593 916 832 981 Elephas’.
907 922 1025 966 tunc
1075 917 1298 966 fecerunt
1345 931 1571 980 magnam
1621 915 1920 980 diligentiam
1970 923 2018 965 et
2053 915 2281 966 viderunt
2320 918 2365 966 ei

225 1003 443 1057 urinam,
496 1009 542 1051 et
589 1002 830 1051 dederunt
867 1003 911 1051 ei
949 1017 1095 1050 unam
1141 1001 1482 1066 purgationem
1533 1016 1626 1065 que
1675 1006 1863 1049 constat
1913 1001 2126 1065 quinque
2173 1007 2365 1051 centum

223 1102 425 1137 aureos:
465 1086 549 1136 sed
589 1092 749 1136 tamen
790 1102 889 1136 non
927 1093 1195 1151 potuerunt
1220 1085 1431 1150 Elephas
1469 1086 1632 1135 facere
1670 1084 1921 1134 merdare:
1962 1091 2008 1134 et
2044 1087 2113 1135 sic
2140 1093 2213 1135 est
2236 1101 2368 1134 mor-

221 1177 376 1221 tuum.
451 1171 512 1220 Et
549 1186 670 1235 papa
713 1170 844 1219 dolet
882 1171 1085 1221 multum
1114 1186 1263 1235 super
1290 1169 1516 1235 Elephas,
1589 1170 1648 1219 Et
1686 1170 1854 1219 dimlnt
1891 1170 2020 1235 quod
2060 1171 2198 1220 daret
2235 1170 2365 1220 mille
2390 1187 2426 1219 ιο

227 1256 430 1306 ducatos
468 1271 558 1320 pro
595 1255 823 1320 Elephas.
900 1257 1020 1315 Quia
1069 1257 1158 1305 fuit
1203 1254 1425 1305 mirabile
1474 1254 1651 1304 animal
1689 1254 1877 1304 habens
1914 1253 2114 1318 longum
2152 1262 2368 1325 rostrum

226 1341 275 1390 in
314 1355 488 1405 magna
528 1341 805 1405 quantitate.
883 1340 941 1389 Et
979 1341 1173 1404 quando
1216 1341 1329 1389 vidit
1364 1340 1562 1405 Papam,
1604 1346 1719 1389 tunc
1758 1339 2051 1404 geniculavit
2088 1342 2133 1390 ei
2170 1347 2215 1390 et
2255 1340 2369 1390 dixit

229 1441 338 1476 cum
378 1424 586 1474 terribili
625 1441 742 1474 voce
781 1425 896 1482 bar,
946 1425 1063 1482 har,
1114 1425 1218 1473 bar.
1296 1425 1355 1474 Et
1392 1424 1542 1474 credo
1581 1425 1712 1489 quod
1750 1440 1847 1474 non
1889 1430 1962 1474 est
1999 1424 2156 1475 simile
2194 1425 2371 1475 animal

225 1512 274 1568 in
314 1509 511 1559 mundo,
588 1509 762 1558 Dicunt
809 1510 937 1575 quod
987 1525 1073 1558 rex
1112 1510 1317 1574 Francie
1368 1516 1414 1558 et
1461 1525 1548 1559 rex
1587 1509 1798 1560 Karolus
1846 1510 2067 1559 fecerunt
2104 1525 2273 1574 pacem
2312 1511 2371 1560 ad

226 1593 406 1643 multos
443 1609 597 1642 annos
635 1600 682 1644 et
719 1596 1003 1644 iuraverunt
1038 1595 1262 1643 invicem.
1339 1595 1433 1643 Sed
1474 1595 1661 1643 videtur
1700 1593 1941 1658 aliquibus
1979 1594 2107 1659 quod
2146 1594 2254 1644 talis
2279 1610 2371 1659 pax
2394 1613 2430 1646 ιθ

226 1684 300 1729 est
337 1677 607 1735 cautelosa,
661 1685 707 1728 et
757 1694 854 1727 non
893 1679 1088 1729 durabit
1125 1679 1222 1727 diu.
1298 1679 1401 1742 Ego
1439 1680 1604 1728 nescio
1643 1679 1889 1742 quomodo
1927 1685 2014 1728 est.
2091 1680 2236 1729 etiam
2276 1695 2372 1728 non

225 1763 432 1813 multum
474 1778 609 1812 curo.
686 1762 806 1820 Quia
847 1754 1052 1827 quando
1083 1765 1220 1813 venio
1248 1765 1434 1818 ‚iterum
1474 1764 1533 1812 ad
1572 1762 1869 1819 Almaniam,
1919 1770 2036 1813 tunc
2071 1764 2153 1813 ibo
2193 1765 2252 1814 ad
2291 1781 2374 1830 pa-

227 1849 426 1898 storiam
467 1863 624 1897 meam
665 1854 712 1897 et.
748 1848 905 1898 habeo
944 1849 1101 1897 bonos
1139 1849 1256 1898 dies.
1333 1848 1454 1906 Quia
1492 1847 1651 1898 haheo
1688 1847 1755 1897 ibi
1792 1848 1969 1898 multas
2006 1864 2152 1898 aucas
2191 1855 2238 1899 et
2275 1849 2374 1914 gal·

229 1932 355 1981 linas
394 1937 441 1981 et
478 1938 694 1991 annetaS‚
737 1939 784 1981 et
819 1948 1018 1998 possum
1059 1933 1242 1983 habere
1280 1934 1332 1981 in
1371 1933 1517 1982 domo
1555 1948 1660 1983 mea
1701 1933 1918 1999 quinque
1955 1932 2029 1983 vel
2067 1949 2151 1983 sex
2187 1949 2375 1991 vaccas,

234 2032 325 2081 que
353 2015 539 2066 dabunt
565 2016 684 2065 mihi
722 2016 796 2066 lac
835 2018 964 2082 quod
1004 2018 1127 2067 racio
1167 2032 1335 2067 caseos
1373 2023 1421 2066 et
1458 2016 1692 2068 butirum.
1764 2018 1886 2077 Quia
1928 2018 2035 2067 volo
2074 2018 2258 2069 babere
2285 2018 2432 2074 Co·20

231 2116 337 2150 cam
387 2117 481 2166 que
529 2102 645 2150 facit
691 2101 810 2150 mihi
847 2101 973 2151 talia.
1050 2102 1110 2151 Et
1155 2102 1302 2152 debet
1339 2117 1445 2152 esse
1485 2103 1696 2167 antiqua.
1773 2103 1894 2162 Quia
1933 2105 1972 2153 si
2011 2110 2139 2154 esset
2176 2104 2376 2161 iuveniS‚

231 2193 346 2235 tunc
373 2186 557 2235 faceret
594 2185 712 2235 mihi
750 2188 1041 2236 tentationes
1079 2189 1255 2245 carnis
1296 2188 1359 2236 ita
1398 2187 1527 2251 quod
1567 2202 1761 2252 possem
1800 2203 2024 2252 peccare.
2100 2188 2206 2253 Ipsa
2235 2190 2376 2238 etiam

231 2269 377 2320 debet
413 2269 531 2320 mibi
568 2286 703 2325 nere,
744 2273 854 2336 quia
895 2287 1051 2321 emam
1091 2273 1134 2321 ei
1172 2272 1340 2321 linum.
1416 2272 1475 2321 Et
1512 2272 1619 2321 volo
1658 2273 1841 2323 habere
1879 2273 2002 2322 duos
2042 2273 2113 2323 vel
2138 2280 2238 2323 tres
2264 2289 2377 2338 por·

231 2370 314 2404 cos
354 2361 401 2404 et
438 2355 545 2405 volo
587 2370 671 2405 eos
709 2355 1015 2421 impinguare
1054 2357 1182 2422 quod
1224 2356 1408 2406 faciunt
1444 2357 1562 2406 mihi
1600 2357 1784 2408 bonum
1823 2357 2031 2408 lardum.
2108 2357 2227 2416 Quia
2267 2366 2379 2408 ante

232 2440 392 2489 omnia
439 2439 549 2488 volo
598 2442 649 2489 in
700 2441 845 2490 domo
894 2457 1000 2490 mea
1041 2440 1224 2491 habere
1262 2441 1390 2491 bona
1431 2441 1668 2506 coqualia.
1742 2443 1896 2493 Etiam
1939 2442 2046 2493 volo
2084 2443 2234 2493 semel
2272 2459 2373 2493 ma·
2389 2461 2433 2494 2⁵

232 2531 365 2574 ctare
402 2541 553 2576 unum
591 2531 811 2583 taurum,
851 2531 899 2576 et
936 2526 1187 2575 dimidium
1227 2526 1334 2575 volo
1374 2526 1587 2576 vendere
1624 2528 1844 2584 rusticiS,
1895 2534 1944 2579 et
1981 2529 2233 2579 dimidium
2272 2528 2378 2578 volo

233 2610 532 2673 suspendere
570 2611 621 2658 in
659 2611 810 2660 fum0.
886 2611 943 2660 Et
981 2617 1118 2661 retro
1157 2612 1358 2660 domum
1396 2611 1555 2660 habeo
1593 2611 1814 2669 hortum,
1866 2612 1949 2662 ubi
1990 2612 2096 2663 volo
2136 2615 2379 2664 seminare

234 2692 413 2749 allium,
456 2709 613 2758 cepaS‚
654 2695 989 2759 petrosilium‚
1031 2703 1078 2745 et
1116 2695 1222 2745 volo
1258 2695 1445 2746 hahere
1484 2696 1618 2746 olera
1657 2702 1704 2746 et
1741 2712 1886 2762 rapas
1924 2706 1971 2748 et
2008 2698 2115 2748 alia.
2190 2699 2251 2749 Et
2289 2713 2378 2762 ego

235 2776 340 2826 volo
379 2779 426 2827 in
465 2778 626 2834 hieme
663 2781 836 2831 sedere
874 2782 922 2830 in
961 2781 1102 2833 stuffa
1141 2796 1251 2830 mea
1287 2787 1335 2831 et
1372 2782 1571 2831 studere
1609 2782 1740 2848 quod
1777 2784 1958 2847 possim
1997 2785 2192 2834 rusticis
2218 2784 2379 2849 predi-

234 2878 346 2911 care
383 2863 432 2910 in
471 2864 781 2915 sermonibus
818 2865 979 2914 Parati
1020 2864 1091 2915 vel
1130 2865 1383 2930 Discipuli,
1423 2865 1498 2915 vel
1537 2867 1681 2916 etiam
1719 2869 1769 2917 in
1808 2866 1980 2925 Bibba,
2021 2869 2082 2917 ita
2123 2869 2252 2933 quod
2293 2884 2377 2918 ero
2395 2890 2436 2924 30

234 2946 511 2996 habituatus
559 2949 620 2997 ad
670 2950 1037 3014 predicandum.
1114 2950 1173 2998 Et
1218 2952 1267 2999 in
1314 2957 1467 3014 estate
1507 2950 1614 3000 volo
1653 2953 1727 3001 ire
1766 2953 2003 3016 piscatum
2043 2953 2117 3004 vel
2156 2953 2381 3003 laborare

236 3031 284 3078 in
323 3031 480 3081 horto.
558 3039 605 3082 et
641 3049 740 3082 non
777 3034 885 3083 volo
925 3050 1100 3085 curare
1138 3035 1199 3084 de
1237 3034 1392 3091 bellis,
1433 3037 1545 3099 quia
1584 3035 1692 3085 volo
1731 3052 1837 3087 esse
1874 3053 1966 3102 pro
2005 3053 2101 3094 me,
2143 3043 2190 3086 et
2217 3038 2379 3088 dicere

240 3116 484 3165 orationes
521 3131 655 3167 meas
694 3125 740 3167 et
776 3117 941 3183 legere
979 3120 1167 3176 missaS‚
1208 3125 1257 3168 et
1294 3135 1393 3168 non
1432 3136 1608 3171 curare
1645 3123 1733 3171 ista
1772 3122 2017 3172 mundana
2058 3124 2260 3187 negocia
2288 3139 2379 3188 que

238 3198 446 3248 afferunt
482 3202 805 3263 perditionem
843 3205 1016 3268 anime.
1094 3203 1270 3254 Valete.
1348 3205 1519 3254 Datum
1557 3206 1775 3270 Romane
1815 3207 1974 3270 Curie.

349 3422 366 3447 ³
398 3455 408 3465 .
430 3425 490 3464 Et
521 3427 560 3464 4.
575 3429 614 3465 5.
704 3427 720 3451 θ
754 3459 762 3468 .
787 3429 846 3467 Et
878 3431 916 3472 4.
1024 3429 1041 3454 ⁷
1071 3430 1311 3484 diligenita
1341 3435 1380 3471 5.
1495 3431 1525 3456 ¹⁶
1556 3431 1799 3474 Cautelosa
1831 3435 1870 3472 4.
1883 3437 1924 3474 5.
2031 3431 2068 3458 ²⁰
2097 3433 2238 3474 michi
2268 3437 2308 3473 5.
2341 3437 2382 3473 et

238 3494 299 3533 sic
328 3495 470 3544 paullo
498 3499 599 3545 post
630 3501 791 3547 quater.
879 3495 915 3523 ²⁸
947 3512 1083 3551 eepes
1115 3502 1154 3541 4.
1188 3499 1351 3553 Cepas.
1377 3506 1415 3545 5.
1505 3501 1541 3527 '2⁰
1573 3503 1703 3543 stuba
1734 3507 1773 3542 5.
1863 3502 1897 3529 ³¹
1931 3517 1954 3543 e
1987 3506 2025 3546 4.
2058 3517 2083 3557 q
2106 3506 2146 3543 5.
2236 3501 2271 3527 ³³
2302 3515 2379 3542 ne·
2448 3537 2456 3545 ,

240 3563 367 3616 gotia
397 3566 436 3603 5.
523 3561 560 3588 ³⁴¹
593 3578 614 3604 e
647 3565 708 3605 bis
738 3570 777 3606 5.
