2456 4264
166 269 227 298 οι·
250 267 509 301 nnvcnmm
530 265 932 297 cousvanonn.
955 268 1148 298 vlumus
1171 267 1284 297 moa.
1307 266 1370 297 An
1387 267 1614 298 cAESAnEM
1635 270 1706 299 ΕΡ.
1719 271 1762 298 D.
1775 271 1819 302 n.
1832 267 1887 302 29.
1904 272 2005 301 octr.
2021 267 2117 302 1510.
2156 249 2274 307 103

107 399 337 461 leychent
361 402 453 447 aut
480 399 646 458 leqere
670 398 986 458 audiverunt,
1019 397 1251 449 dicebant
1273 402 1460 460 aperte,
1486 399 1691 460 quando
1715 398 1961 449 Reuchlin
1988 402 2121 451 hanc
2150 417 2276 451 con-

106 485 416 535 sultationem
461 483 684 544 scripsit,
730 488 848 533 tunc
889 485 1093 545 pinquis
1128 482 1317 542 Judeus
1362 483 1492 532 sedit
1528 485 1580 532 in
1618 483 1745 532 libro
1789 486 1961 547 ipsius.
2037 487 2155 535 Post
2188 488 2279 547 hec

106 570 327 621 concessi
361 568 436 617 ad
467 570 752 631 episcopum
789 568 982 627 dicens,
1024 574 1137 618 ‘non
1172 567 1519 617 existimabam
1549 569 1686 630 quod
1716 575 1857 618 tanta
1884 571 2111 633 perfidia
2145 573 2275 621 inter

109 654 416 704 Chm'stianos
450 661 593 703 esset.
664 653 757 702 sed
789 655 962 714 quales
1004 652 1121 714 Urie
1156 653 1326 702 David
1357 654 1552 703 litteras
1587 654 1745 715 dedit,
1788 657 1912 705 tales
1953 661 2003 706 et
2042 658 2148 719 ipse
2175 671 2278 719 pro

65 759 88 791 ε.
109 739 247 790 nobis
278 739 427 789 sicuti
458 739 652 788 invenio
693 740 745 788 in
779 739 981 801 scriptis
1012 735 1152 788 eius’.
1234 738 1373 789 Tunc
1410 739 1544 788 dixit
1569 740 1705 801 mihi,
1743 741 2070 803 imperatoria
2096 745 2279 805 procul

21 827 26 853 ·'
105 823 256 882 dubio
281 824 515 873 maiestas
536 826 688 874 sciret
717 836 867 886 quam
890 825 1072 886 optime
1096 837 1393 885 coenoscere
1412 824 1624 886 probum
1649 825 1713 874 ab
1738 827 1974 890 improbo,
2008 830 2276 889 ecquando

107 910 325 975 Cesarea
356 910 590 959 maiestas
626 911 1034 960 consultationem
1069 911 1206 959 illam
1245 911 1297 958 in
1331 911 1548 973 propria
1569 924 1793 972 persona
1830 912 1999 961 videre
2042 926 2141 961 non
2176 914 2275 961 ha—

102 995 238 1049 beret
269 998 483 1062 tempus,
529 997 634 1057 ipse
669 1009 767 1044 non
805 994 1075 1056 dubitaret,
1125 995 1245 1056 quin
1285 995 1500 1056 Cesarea
1536 997 1769 1045 maiestas
1814 1004 1941 1045 esset
1973 997 2274 1046 ordinatura

104 1080 270 1145 doctos
300 1087 350 1133 et
378 1084 613 1142 expertos
641 1080 715 1128 ad
741 1080 1136 1129 examinandum
1174 1080 1268 1129 hoc
1303 1081 1575 1141 neqocium.
1650 1080 1719 1131 Et
1763 1082 1836 1130 sic
1876 1083 2007 1130 misit
2048 1095 2124 1132 me
2162 1097 2276 1132 cum

50 1184 94 1221 ιο
106 1165 326 1216 consitiis
352 1170 402 1214 et
435 1166 635 1227 scriptis
662 1166 767 1214 suis
802 1165 875 1214 ad
906 1166 1283 1228 imperatoriam
1317 1167 1649 1227 maiestatem,
1684 1170 1838 1228 prout
1866 1179 2001 1217 nunc
2037 1169 2276 1230 sequitur.

243 1291 566 1342 Serenissime
611 1304 677 1342 ac
723 1293 1035 1342 invictissime
1064 1294 1310 1356 princeps
1354 1298 1403 1342 et
1444 1294 1640 1344 domine
1679 1296 2067 1361 qratiosissime,
2115 1309 2275 1344 meam

102 1378 408 1429 humilimam
437 1378 782 1428 subiectionem
817 1391 880 1427 ac
923 1378 1251 1428 obedientiam
1295 1378 1453 1439 offero
1498 1393 1610 1429 cum
1647 1381 1934 1441 eratissimo
1978 1380 2279 1441 obsequendi

16 1471 19 1476 ’
102 1462 286 1526 officio·
365 1463 721 1514 Gloriosissime
744 1465 1033 1526 imperator,
1071 1465 1218 1514 sicuti
1238 1466 1364 1515 mihi
1388 1479 1552 1528 nuper
1570 1479 1668 1528 per
1697 1467 2082 1515 commissionem
2107 1480 2275 1526 quan-
2334 1508 2336 1511 ,

102 1550 223 1599 dam
254 1549 632 1607 commendasti,
669 1543 805 1611 quod
834 1550 1234 1599 universitatibus
1268 1551 1568 1612 Coloniensi,
1606 1551 1998 1612 Moquntinensi‚
2038 1551 2274 1614 Erphor-

16 1630 21 1677 ἶ
49 1651 90 1687 ¹⁵
106 1635 252 1685 densi
278 1639 331 1684 et
362 1633 783 1696 Heidelburqensi
792 1672 804 1696 ,
839 1640 1078 1697 preterea
1109 1635 1292 1685 Iacobo
1321 1635 1655 1686 Hochstraten
1692 1651 1838 1705 sacre
1874 1637 2119 1698 theoloqie
2143 1651 2273 1699 pro—

0 1707 4 1710 *
96 1719 307 1781 sessori,
347 1733 414 1770 ac
448 1708 663 1780 heretice
694 1722 964 1782 pravitatis
1008 1723 1247 1783 maqistro
1262 1760 1273 1782 ,
1313 1722 1506 1771 doctori
1536 1722 1724 1772 Ioanni
1754 1722 2001 1772 Reuchlin
2015 1761 2027 1784 ,
2072 1714 2120 1773 et
2155 1724 2274 1784 qui—

99 1806 310 1856 lmsdam
342 1806 459 1878 aliis
494 1805 740 1866 Hebraice
776 1807 1055 1867 litterature
1083 1809 1286 1868 peritis,
1339 1813 1419 1869 tue
1461 1809 1767 1858 celsitudinis
1803 1822 2012 1859 causam
2046 1809 2277 1858 indicare

99 1897 150 1942 et
179 1891 557 1952 commendare,
610 1896 667 1940 ut
708 1905 915 1941 causam
955 1892 1090 1942 hanc
1137 1893 1403 1957 diliqenter
1442 1895 1796 1944 examinarent
1839 1899 1888 1943 et
1921 1897 2275 1958 consultarent,

101 1977 343 2040 quomodo
373 1977 631 2039 neyocium
661 1976 754 2026 hoc
791 1978 855 2025 sit
890 1977 1227 2027 inchoandum
1267 1984 1315 2028 et
1335 1981 1624 2041 presertim,
1663 1993 1732 2028 an
1757 1982 1882 2029 tales
1917 1980 2038 2029 libri
2074 1980 2274 2041 (quibus

13 2056 85 2122 ἔω
101 2066 307 2113 utuntur
342 2075 498 2125 super
530 2062 683 2111 libros
718 2063 887 2112 decem
917 2068 1266 2126 preceptorum
1291 2065 1639 2126 Mosaicorum,
1665 2065 2033 2128 prophetarum
2057 2070 2106 2114 et
2140 2070 2274 2114 vete—

13 2139 26 2210 ᾗ
97 2151 173 2199 ris
203 2148 504 2210 testamenti)
541 2149 714 2197 tollere
748 2147 1032 2217 laudabillle
1066 2151 1131 2198 sit
1165 2154 1214 2198 et
1245 2149 1523 2210 Christiane
1556 2151 1683 2211 fidei
1708 2152 1853 2214 utile,
1900 2155 1949 2199 et
1975 2151 2109 2200 hanc
2144 2163 2270 2200 con-
2291 2159 2367 2213 {fiij

99 2235 409 2285 saltationem
437 2233 563 2282 mihi
594 2235 863 2292 mitterent,
900 2248 1050 2296 quam
1081 2248 1171 2297 eqo
1206 2237 1415 2286 ulterius
1451 2238 1617 2297 leqere
1654 2235 1906 2297 deberem,
1946 2242 1993 2285 et
2028 2250 2131 2285 una
2158 2249 2272 2285 cum

98 2319 302 2371 covasilio
337 2331 445 2369 meo
476 2319 621 2382 apud
639 2318 882 2369 Ioannem
906 2320 1293 2382 Pepericornum
1329 2323 1569 2371 mitterem
1606 2327 1686 2381 tue
1721 2323 1979 2371 serenitati
2001 2322 2273 2371 secundum

98 2405 332 2456 mandati
353 2405 428 2455 tui
459 2405 872 2455 commissionem.-
919 2405 1012 2455 hoc
1057 2419 1146 2467 eqo
1184 2412 1423 2468 tanquam
1459 2407 1690 2456 obediens
1726 2406 1952 2471 perfeci,
2000 2412 2049 2456 et
2078 2420 2272 2469 preno—

42 2513 88 2549 a
102 2492 305 2543 mittatis
333 2490 737 2541 universitatibus
769 2496 819 2540 et
852 2493 974 2542 viris
1009 2497 1088 2553 tue
1117 2492 1327 2553 Cesaree
1367 2493 1639 2542 maiestatis
1671 2494 1939 2556 propositis
1986 2493 2049 2542 de
2081 2493 2273 2552 Iudeo-

9 2614 24 2623 ,
99 2589 212 2628 rum
244 2576 388 2627 libris
410 2578 681 2640 proposui,
716 2581 890 2640 petens
923 2591 1077 2640 super
1115 2578 1210 2628 hoc
1243 2580 1624 2628 consultationes
1658 2593 1765 2628 esse
1794 2578 2054 2628 habendas
2085 2585 2132 2627 et
2154 2578 2277 2626 mihi

10 2655 26 2664 '¹
101 2664 217 2714 dein
252 2663 536 2713 mittendas.
609 2662 827 2726 Insuper
864 2663 928 2712 ab
962 2665 1283 2714 universitate
1322 2664 1618 2724 Coloniensi,
1658 2665 2031 2726 Moquntinensi
2064 2668 2112 2713 et
2143 2664 2272 2712 Hei—

101 2748 421 2812 delburyensi
461 2754 511 2799 et
552 2749 766 2810 heretice
807 2751 1074 2812 pravitatis
1121 2751 1412 2811 inquisitore
1457 2755 1506 2799 et
1551 2751 1751 2800 doctore
1796 2750 1989 2800 Ioanne
2026 2749 2272 2800 Reuchlin

99 2836 479 2886 contumationes
508 2848 623 2885 cum
659 2835 970 2898 opinionibus
1001 2837 1104 2885 suis
1134 2838 1326 2899 recepi,
1363 2849 1488 2898 quas
1522 2837 1670 2885 etiam
1703 2837 1818 2897 leqi.
1892 2837 2086 2886 invenio
2118 2836 2273 2896 iqitur

19 2921 309 2976 'nconsilia
342 2922 679 2972 universitatis
717 2921 1042 2986 Coloniensis,
1090 2921 1486 2984 Moquntinensis
1527 2929 1576 2971 et
1619 2922 1832 2982 heretice
1874 2922 2142 2985 pravitatis
2187 2922 2271 2969 in-

99 3008 348 3070 quisitoris
380 3021 486 3058 esse
516 3006 822 3069 conformia,
864 3022 958 3070 que
989 3009 1140 3058 etiam
1177 3021 1487 3070 summopere
1522 3008 1646 3057 mihi
1674 3009 1892 3070 placent,
1930 3012 1978 3057 et
2014 3007 2271 3067 neeocium

98 3078 191 3144 hoc
222 3094 344 3144 satis
374 3093 630 3143 laudabile
661 3093 852 3143 iudico:
891 3093 1077 3157 Nempe
1113 3094 1247 3155 quod
1278 3107 1444 3142 omnes
1465 3092 1736 3153 Iudeorum
1762 3092 1912 3142 libros
1936 3093 2272 3152 cuiuscunque

99 3179 309 3229 nominis
339 3178 565 3247 suerint,
609 3179 680 3228 ad
724 3185 835 3228 tuas
871 3192 1050 3229 manus
1086 3180 1330 3241 recipias,
1377 3180 1571 3228 solenni
1599 3179 1978 3240 protestatione,
2022 3177 2269 3239 quemad-

23 3315 26 3317 *
99 3264 296 3315 modum
331 3265 589 3314 consilium
624 3266 959 3315 universitatis
998 3265 1298 3315 Coloniensis
1330 3265 1547 3325 indicat,
1592 3269 1640 3313 et
1683 3270 1737 3312 ut
1782 3264 1920 3325 docte
1959 3267 2269 3313 constantes-

15 3337 200 3414 z'asqne
230 3363 444 3413 persone
481 3350 533 3399 in
566 3355 780 3412 utraque
815 3353 990 3413 linqua
1022 3356 1123 3399 tam
1159 3351 1344 3400 Latina
1381 3364 1530 3413 quam
1559 3349 1757 3410 Hebrea
1794 3350 1867 3398 ad
1901 3349 1992 3399 hoc
2027 3348 2272 3398 ordinen-

10 3421 46 3500 ἐξ
102 3438 207 3497 tur,
242 3435 394 3485 libros
428 3449 492 3485 ac
522 3437 698 3484 veteris
734 3438 1009 3485 testamenti
1043 3442 1230 3486 textum
1267 3437 1415 3498 quasi
1443 3448 1644 3485 suorum
1682 3435 1938 3485 doctorum
1961 3434 2113 3484 libros
2137 3447 2270 3483 exa—

9 3497 33 3555 ¹⁹
102 3521 310 3571 minare.
390 3520 516 3580 Quia
562 3522 715 3582 iqitur
761 3525 923 3570 textus
963 3523 1139 3570 veteris
1182 3523 1458 3571 testamenti
1505 3521 1943 3583 (quemadmodum
1980 3521 2271 3570 consultatio

11 3592 30 3638 ’ἶ
102 3602 396 3668 Mequntina
434 3606 649 3668 indicat)
677 3620 774 3669 per
803 3620 917 3656 suos
948 3605 1168 3655 Rabinos
1197 3614 1244 3656 et
1281 3608 1503 3657 doctores
1539 3611 1655 3655 sunt
1684 3608 1913 3669 corrupti
1933 3611 1980 3655 et
2003 3607 2054 3654 in
2078 3619 2268 3666 oppro—

11 3687 35 3755 ἶς’
106 3687 266 3740 brium
295 3692 424 3751 fidei
459 3691 737 3752 Christiane
774 3694 923 3742 aliter
957 3693 1194 3755 expositi,
1231 3692 1563 3741 laborandum
1597 3698 1670 3742 est
1705 3694 1879 3755 quales
1916 3692 2033 3740 libri
2065 3692 2135 3738 eis
2172 3691 2269 3736 siut

11 3759 92 3847 ’.ι-ρο
106 3773 384 3826 dimittendi
418 3780 494 3826 vel
525 3777 811 3838 auferendi.
877 3777 1089 3826 Possunt
1125 3780 1272 3827 etiam
1297 3777 1446 3838 Iudei
1480 3780 1653 3827 vocari
1682 3785 1729 3827 et
1755 3778 1817 3827 de
1842 3778 1934 3827 hoc
1963 3775 2264 3825 examinari.

135 3947 138 3951 -
215 3916 230 3944 ¹
260 3916 496 3973 legelgere
529 3922 567 3960 1.
656 3918 693 3944 ³⁷
725 3918 967 3961 cosultatio
1000 3921 1038 3959 1.
