2456 4264
235 274 354 331 508
939 295 1222 331 PAstvas
1245 295 1490 326 MARRANVS
1512 298 1647 327 nxvn.

230 434 419 493 scriptas
459 437 545 476 tuae
581 429 736 476 farinae
771 428 1025 475 fraterculis
1061 430 1455 488 persuasissimum
1493 434 1586 481 est,
1636 444 1748 490 quas
1793 430 1982 494 denique
2026 446 2110 493 pro
2161 432 2356 480 amuleto

229 503 345 549 collo
383 514 622 562 suspensas
659 505 816 546 contra
851 499 1198 545 Martinianistas
1234 514 1327 545 non
1363 501 1600 546 admodum
1637 499 1793 546 efficax
1827 501 2024 548 habuisti
2069 503 2355 564 praesidium:

228 574 403 618 desines
440 577 588 616 tamen
625 570 790 621 mirari,
830 571 866 615 si
904 584 1106 616 caussam
1145 585 1226 616 cur
1262 571 1428 617 factum
1467 572 1526 616 sit
1561 571 1744 631 penitus
1781 573 2008 630 cognoris,
2045 574 2238 634 primum
2274 576 2358 620 ita-

228 657 314 704 que
342 642 468 692 scias,
506 647 612 702 post
638 655 771 701 quam
795 640 1044 700 Imperator
1079 655 1280 687 summus
1318 642 1520 702 pontifex
1556 641 1680 687 humi
1716 642 1935 702 prostrati
1970 643 2146 690 latriam
2184 651 2229 690 et
2265 651 2356 691 tra-

227 719 392 759 ctatum
430 713 699 772 accepisset,
745 711 972 757 decretum
1023 717 1118 757 erat
1164 718 1252 757 tuae
1290 712 1606 758 Alveldialitati
1652 713 1800 757 aureis
1847 726 1946 758 esse
1983 714 2266 760 scribendum
2303 715 2391 761 li-5

226 785 362 829 teris:
410 782 521 827 nihil
558 783 674 828 enim
712 783 829 843 apud
865 788 1049 828 nostros
1087 782 1173 827 nisi
1211 782 1357 828 aureis
1395 783 1603 843 cuiquam
1650 782 1917 828 rescribitur
1962 783 2119 830 literis.
2193 786 2241 830 ld
2278 786 2354 831 ubi

224 855 375 900 nescio
415 853 516 913 quis
554 851 775 914 Coryceus
813 853 867 898 ad
904 853 1051 898 divum
1088 853 1371 899 Franciscum
1410 853 1671 904 detulisset,
1711 852 1860 900 subito
1899 853 2043 900 edicto
2081 857 2196 901 cavit
2219 862 2354 916 atque

226 924 484 985 imperatori
522 938 694 970 summo
732 923 949 984 pontifici,
987 930 1083 969 tum
1122 923 1330 969 omnihus
1367 926 1682 970 interminatus
1720 929 1790 969 est
1815 922 2133 975 Cardinalibus,
2170 926 2352 972 Archie-

223 995 443 1056 piscopis,
481 994 739 1055 Episcopis,
776 994 1047 1045 Abbatihus,
1085 994 1362 1054 Praepositis‚
1399 994 1750 1046 Archidiaconis,
1785 994 1984 1046 Decanis,
2020 995 2239 1047 Plebanis,
2278 996 2351 1041 Vi-

223 1067 353 1112 cariis
391 1072 436 1111 et
460 1065 753 1117 Monasteriis,
793 1072 836 1111 et
873 1066 1092 1111 universis
1129 1072 1174 1110 et
1212 1065 1401 1125 singulis
1426 1065 1636 1116 Notariis,
1675 1066 1765 1110 sive
1790 1065 1916 1112 Rotae
1951 1065 2044 1111 sive
2078 1066 2223 1112 totius
2250 1082 2351 1113 cur·
2372 1071 2408 1103 ¹0

222 1151 324 1187 rus,
362 1150 418 1181 ne
454 1137 660 1196 cuiquam
698 1142 818 1182 esset
853 1138 1079 1197 integrum
1117 1136 1198 1182 tibi
1236 1137 1382 1181 aureis
1420 1135 1670 1182 rescribere
1705 1135 1873 1182 literis:
1911 1135 2058 1182 aiebat
2083 1138 2198 1182 enim
2224 1137 2351 1183 neias

224 1220 322 1252 esse
347 1206 658 1258 Franciscano,
698 1208 787 1253 sive
824 1207 941 1267 patri
980 1208 1071 1252 sive
1107 1207 1250 1258 fratri,
1289 1207 1522 1253 noviciano
1560 1205 1628 1251 vel
1664 1206 1871 1258 lollardo,
1909 1221 2068 1253 aurum
2094 1213 2350 1259 attrectare,

222 1278 286 1323 nil
313 1277 519 1324 obstante
554 1277 690 1329 bulla,
730 1292 861 1338 quam
897 1276 1117 1324 Tezellius
1142 1277 1491 1323 Praedicatorum
1530 1278 1751 1323 semideus
1786 1291 1933 1338 nuper
1955 1278 2106 1324 Romae
2145 1278 2351 1324 omnibus

222 1347 571 1394 Mendicantihus
608 1348 882 1410 impetravit,
923 1364 1010 1409 qua
1046 1349 1093 1393 in
1118 1355 1351 1409 posterum
1376 1348 1482 1395 licet
1506 1363 1598 1395 non
1624 1363 1781 1395 aurum
1807 1354 2004 1400 tantum,
2042 1362 2193 1394 verum
2219 1350 2350 1395 etiam

222 1432 353 1465 omne
390 1419 667 1465 foemininum
705 1433 871 1479 genus,
911 1421 1010 1465 sive
1047 1421 1203 1480 primae
1240 1420 1331 1466 sive
1369 1419 1597 1471 secundae,
1645 1420 1816 1471 tertiae,
1866 1425 2038 1480 quartae
2073 1419 2143 1465 vel
2181 1422 2349 1480 quintae
2367 1424 2407 1457 15

221 1489 553 1542 declinationis,
601 1505 783 1551 quoquo
822 1490 952 1536 modo
990 1490 1220 1543 habuerit,
1268 1491 1401 1537 etiam
1438 1490 1484 1536 in
1521 1505 1701 1537 scamno
1738 1492 1943 1536 neutrius
1981 1492 2175 1551 generis,
2213 1497 2351 1537 attre-

216 1566 356 1606 ctare.
430 1559 526 1616 Quo
563 1561 715 1607 audito
753 1562 1001 1622 Imperator
1038 1575 1238 1607 summus
1275 1561 1476 1622 pontifex
1512 1563 1786 1622 provinciam
1830 1561 2105 1608 rescribendi
2150 1567 2241 1607 tuae
2278 1560 2352 1606 Al-

221 1631 478 1677 veldIalitati
514 1632 622 1677 mihi
660 1630 903 1692 delegavit,
942 1638 1077 1692 atque
1112 1632 1359 1693 plenariam
1396 1638 1669 1693 potestatem
1707 1639 1919 1693 tanquam
1943 1631 2112 1692 Legato
2151 1646 2175 1678 a
2211 1632 2353 1678 latere

218 1700 287 1747 vel
325 1702 457 1748 etiam
494 1718 518 1748 a
554 1704 698 1763 capite
735 1703 970 1749 commisit.
1042 1702 1136 1762 Ego
1174 1709 1323 1749 autem
1361 1717 1496 1765 quum
1535 1703 1580 1748 in
1617 1701 1743 1749 coelis
1778 1709 2077 1749 atramentum
2101 1716 2192 1749 non
2218 1702 2353 1749 habe-

218 1786 335 1824 rem,
374 1770 456 1818 nec
492 1787 601 1818 auro
640 1773 720 1819 tibi
760 1773 1007 1819 rescribere
1046 1774 1112 1819 fas
1149 1780 1289 1826 esset,
1328 1774 1371 1820 in
1397 1773 1655 1819 Paradisum
1692 1772 1874 1825 devolo,
1910 1773 1988 1819 ubi
2025 1774 2143 1819 forte
2167 1774 2352 1819 fortuna
2368 1779 2410 1811 ²0

216 1843 370 1889 Enoch
405 1843 699 1889 dormientem
736 1845 905 1904 reperi,
954 1843 1026 1890 cui
1073 1850 1370 1891 atramentum
1409 1843 1656 1890 suffuratus
1694 1844 1871 1890 tandem
1906 1844 2002 1890 haec
2037 1851 2127 1890 tuae
2162 1843 2354 1890 Alveldi-

218 1913 299 1958 tati
336 1913 666 1974 rescripsimus.
738 1915 1010 1966 Recordare,
1048 1914 1240 1967 Alveldi,
1289 1916 1396 1977 quid
1433 1914 1514 1960 tibi
1553 1921 1597 1961 et
1633 1914 1842 1961 omnibus
1878 1914 2150 1962 Romanistis
2187 1915 2355 1961 accide-
2408 1917 2411 1919 ’

217 1986 298 2035 rit,
339 1989 383 2030 et
418 1987 595 2046 respice
633 1985 928 2046 opprobrium
967 1992 1116 2039 tuum;
1153 1986 1251 2032 vide
1290 1986 1516 2047 quomodo
1544 2000 1754 2047 sponsam
1779 1985 1958 2037 Christi,
1996 1985 2227 2032 ecclesiam
2254 1999 2354 2031 san-

218 2061 407 2107 ctorum,
446 2056 653 2102 omnibus
691 2056 1096 2103 abominationibus
1135 2063 1179 2103 et
1215 2058 1482 2104 confusione
1518 2056 1751 2110 induistis,
1791 2056 1941 2103 sedem
1977 2057 2271 2117 apostolicam
2308 2056 2355 2101 in

218 2125 415 2172 omnium
453 2127 783 2188 turpitudinum
822 2127 1155 2175 effrontissimis
1193 2127 1547 2180 adulationibus,
1586 2127 1716 2190 plane
1739 2127 2037 2189 Pythagorica
2060 2128 2355 2174 transanima-
2369 2132 2411 2164 25

218 2197 342 2243 tione
389 2197 746 2258 transfiguratis,
794 2199 979 2259 perinde
1024 2205 1076 2245 ut
1112 2199 1188 2245 ille
1227 2213 1279 2245 ex
1315 2200 1508 2246 Homero
1546 2198 1683 2246 Alcen
1728 2199 2035 2251 meretricem,
2086 2198 2150 2245 sic
2185 2212 2265 2245 vos
2303 2212 2357 2244 ex

217 2267 381 2313 Christi
419 2283 584 2329 sponsa
622 2275 821 2315 scortum
859 2269 1218 2331 apocalypticum
1254 2271 1443 2317 fecistis.
1518 2270 1578 2331 Ve
1614 2268 1742 2316 vohis
1781 2269 1857 2331 qui
1894 2269 1940 2315 in
1978 2269 2355 2330 simplicissimum

219 2338 334 2385 sacri
372 2340 588 2399 evangelii
626 2341 940 2401 praescriptum
979 2341 1209 2388 hominum
1239 2342 1526 2392 traditiones,
1564 2341 1768 2390 decreta,
1806 2339 2145 2392 distinctiones,
2181 2339 2356 2386 Aristo-

217 2408 371 2456 telicas
408 2410 651 2472 chimeras,
693 2412 990 2458 Thomisticas
1028 2413 1308 2464 cucurbitas,
1347 2412 1606 2459 Scotisticas
1642 2410 1877 2463 tenebras,
1926 2410 2167 2458 Occisticas
2205 2412 2354 2462 cistas,

218 2480 587 2541 quadrangularis
634 2488 679 2527 et
723 2483 821 2528 eius
867 2496 1027 2529 massae
1075 2483 1196 2529 mille
1236 2484 1319 2530 alia
1357 2489 1570 2544 portenta
1606 2482 1918 2533 introducitis,
1966 2488 2012 2528 et
2049 2480 2186 2528 veluti
2223 2482 2350 2543 proci
2369 2485 2412 2519 3⁰

215 2551 460 2611 Penelopes
499 2558 544 2597 et
580 2552 829 2599 nebulones
867 2554 1120 2614 turpissimi
1157 2553 1453 2601 Christianam
1490 2553 1747 2608 veritatem,
1787 2555 1949 2599 summi
1985 2554 2106 2613 regis
2143 2566 2356 2614 sponsam

218 2620 445 2682 polluitis;
492 2637 545 2684 ve
582 2624 708 2670 vobis
746 2623 942 2670 falsariis
979 2624 1178 2685 perfidis,
1218 2625 1294 2686 qui
1332 2626 1504 2671 divinas
1542 2638 1682 2671 sacrae
1719 2625 1956 2685 scripturae
1994 2623 2149 2670 literas
2186 2623 2355 2670 consti-

219 2692 466 2739 tutionibus
504 2694 767 2741 iuristarum
805 2701 849 2740 et
887 2696 1074 2741 somniis
1111 2697 1433 2742 monachorum
1470 2695 1747 2746 adulteratis,
1785 2694 2002 2741 facientes
2027 2698 2232 2740 monstra
2256 2695 2355 2739 inu-

217 2765 349 2809 sitata
374 2763 428 2809 ad
466 2770 682 2811 extremas
707 2765 1068 2812 Alveldianorum
1106 2766 1275 2813 insulas
1313 2765 1610 2827 deportanda;
1649 2765 1879 2826 vevobis,
1920 2767 1997 2826 qui
2033 2779 2178 2826 nuper
2201 2765 2354 2810 nescio

217 2847 267 2878 ex
305 2848 392 2895 quo
432 2836 595 2895 angulo
635 2843 771 2896 atque
796 2837 942 2885 Belial.
969 2837 1266 2884 conciliabulo
1305 2837 1550 2884 mirabilem
1588 2836 2062 2883 antichristianismum
2099 2849 2182 2896 per
2207 2848 2350 2880 exem·
2369 2840 2410 2874 35

216 2903 289 2965 pla
336 2906 567 2951 reverendi
613 2907 768 2953 fratris
804 2907 1138 2959 Dormisecure‚
1186 2909 1386 2955 doctoris
1422 2908 1602 2954 Ioannis
1638 2906 1950 2960 Diudormirii,
2000 2906 2166 2952 domini
2205 2906 2359 2966 Augu-

217 3057 405 3098 diderim
436 3061 668 3100 auctorem
699 3059 753 3100 de
783 3059 1040 3100 Parisiensi
1069 3059 1254 3101 doctore
1285 3060 1538 3101 Francisco
1570 3059 1623 3100 de
1652 3058 1874 3100 Maitonis
1910 3058 2007 3100 sive
2036 3057 2262 3099 Maironio
2301 3057 2357 3098 de

216 3127 394 3181 Digna,
434 3129 618 3171 Ioannis
650 3129 775 3171 Scoti
805 3129 1045 3184 discipulo,
1086 3134 1216 3171 actus
1248 3130 1487 3172 Sorbonici
1516 3130 1803 3180 institutore,
1843 3129 1919 3170 cui
1946 3129 2160 3171 Doctoris
2191 3128 2356 3169 illumi-

217 3198 318 3238 nati
349 3201 394 3238 et
424 3200 550 3239 acuti
587 3203 724 3253 atque
753 3201 968 3254 Magistri
1006 3201 1367 3242 abstractionum
1406 3199 1741 3254 appellationes
1777 3199 1963 3241 honoris
2002 3212 2145 3241 causa
2183 3199 2356 3240 tribue·

221 3271 344 3316 runt,
378 3269 620 3321 cogitasse.
654 3270 723 3311 Cf.
745 3271 893 3312 Bulaei
922 3272 1028 3315 hist.
1050 3273 1173 3315 univ.
1196 3272 1344 3316 Paris.
1365 3273 1442 3313 IV.
1465 3285 1508 3325 p.
1534 3269 1628 3311 197.

331 3336 349 3362 ²
378 3338 611 3393 Martiam]
635 3341 957 3386 Lutherianos.
1015 3341 1033 3367 '7
1061 3342 1132 3383 De
1153 3343 1267 3383 Iano
1290 3342 1472 3383 Coricio
1493 3340 1921 3395 Lucilimburgensi,
1952 3339 2158 3394 pontifici
2180 3353 2208 3380 a
2228 3338 2357 3380 libel-

220 3408 300 3458 lis,
334 3408 391 3448 cf.
415 3409 512 3450 Ind.
543 3410 752 3464 bibliogr.
784 3426 828 3465 p.
851 3410 939 3454 36*
958 3427 1000 3466 γ.
1032 3414 1132 3454 Viri
1161 3414 1302 3454 vitam
1332 3412 1423 3454 vid.
1458 3426 1528 3465 ap.
1551 3411 1746 3452 Baelium
1773 3412 1819 3456 h.
1839 3425 1883 3455 v.
1998 3409 2033 3437 ¹3
2062 3409 2294 3451 Tezelltus
2315 3412 2355 3451 1.

219 3477 251 3504 ²¹
286 3479 344 3519 cf.
365 3478 689 3521 Ecclesiastici
707 3483 868 3523 XLIV.
893 3482 960 3524 16.
1017 3481 1054 3509 ²⁵
1083 3483 1476 3537 metempsychosi.
1534 3481 1571 3508 ²⁶
1600 3479 1804 3535 Homen]
1840 3481 1987 3533 immo,
2019 3481 2150 3521 Isaeo.
2210 3478 2246 3504 ²⁷
2274 3480 2357 3521 Vae

223 3552 264 3592 3.
287 3555 328 3590 et
356 3551 417 3590 sic
446 3550 578 3602 infra.
700 3550 737 3577 ³⁶
765 3552 1038 3607 Dormisec.]
1075 3554 1279 3595 Libellum
1308 3557 1335 3596 8
1360 3553 1559 3605 foliorum
1587 3555 1631 3593 in
1659 3550 1718 3594 8⁰.
1749 3566 1784 3594 s.
1817 3555 1844 3596 l.
1875 3558 1918 3594 et
1947 3565 1989 3595 a.
2015 3551 2269 3605 publicatum
2295 3550 2357 3590 sic

217 3621 483 3673 inscriptum:

891 3691 1051 3733 Oratio
1081 3692 1182 3733 haec
1214 3693 1280 3734 est
1310 3693 1532 3735 funebris.

886 3762 940 3802 In
969 3762 1150 3802 laudem
1180 3775 1371 3804 10Aun1s
1403 3776 1630 3805 cannoms

889 3832 987 3882 Qua
1014 3832 1346 3872 nominauimus
1376 3844 1498 3874 VADE
1530 3845 1688 3873 uncvn

888 3902 1006 3951 Quia
1037 3903 1093 3941 cu
1126 3902 1288 3941 emeris
1317 3904 1396 3942 tue
1426 3906 1581 3954 portas
1611 3906 1761 3943 tecum
