2456 4264
228 279 347 336 280
816 297 1050 325 emsronffl
1073 294 1378 323 onscvssonvu
1399 293 1610 337 vmossvm
1631 293 1777 323 novAE.

228 431 524 496 pretendunt
561 426 710 476 multa
750 431 917 474 contra
956 424 1213 488 Magistros
1253 429 1300 472 et
1336 421 1628 485 Theologos.
1704 422 1764 471 Et
1810 421 2006 487 quidam
2053 435 2211 484 nuper
2248 420 2367 469 dixit

207 515 356 582 ,quod
396 528 521 563 unus
561 510 837 560 bacularius
876 509 1000 558 Iuris
1038 508 1241 558 deberet
1278 509 1327 556 in
1365 508 1680 572 processione
1725 508 1800 556 ire
1837 521 1986 570 super
2022 519 2176 554 unuin
2214 505 2364 566 magi·

227 607 381 649 strum
420 600 467 646 in
505 595 716 645 Artibus.
796 593 895 642 dixi
948 594 1058 642 ‘hoc
1105 608 1202 641 non
1249 598 1322 642 est
1358 590 1605 655 possibile.
1681 591 1803 650 Quia
1839 589 1948 639 volo
1986 589 2197 654 probare
2235 589 2364 654 quod

184 673 442 746 'Magistri
489 683 536 729 in
584 678 769 728 artibus
816 683 929 726 sunt
976 692 1124 741 super
1171 677 1398 726 doctores
1444 677 1493 725 in
1529 678 1664 725 iure.
1739 676 1860 735 Quia
1909 675 2137 724 doctores
2174 675 2224 723 in
2260 674 2366 723 iure

227 768 385 817 sciunt
434 771 622 815 tantum
672 779 817 813 unam
855 763 1050 818 Artem,
1102 761 1285 811 scilicet
1322 767 1475 810 artem
1514 761 1669 816 IuriS,
1721 760 1819 810 Sed
1857 760 2079 822 magistri
2115 764 2230 808 sunt
2266 757 2400 807 Ma-5

228 852 363 916 gistri
399 853 448 899 in
488 856 674 914 septem
714 847 900 897 artibus
936 846 1244 896 liberalibus:
1298 852 1344 895 et
1394 847 1463 895 sic
1509 846 1671 895 sciunt
1715 844 1857 909 plus’.
1931 843 2070 893 Tunc
2108 842 2187 892 ille
2225 843 2366 892 dixit:
2443 833 2456 903 js

229 936 375 985 ‘Vade
413 935 461 984 in
501 934 712 990 ltaliam,
763 939 810 982 et
847 933 925 981 dic
963 932 1093 996 quod
1133 948 1184 981 es
1222 930 1451 994 Magister
1488 930 1762 994 LipsensiS,
1814 934 1864 979 et
1899 927 2085 978 videbis
2122 927 2367 992 quomodo
2426 904 2448 1022 ll

226 1020 471 1071 vexabunt
507 1025 553 1069 te
592 1017 689 1067 ibi’.
765 1018 902 1066 Tunc
940 1017 1058 1075 dixi,
1100 1016 1230 1080 quod
1268 1030 1463 1079 possem
1503 1015 1662 1064 adhuc
1698 1016 1763 1063 ita
1801 1014 1927 1064 bene
1965 1013 2230 1063 defendere
2267 1027 2368 1061 ma-

228 1106 482 1170 gisterium
529 1119 691 1153 meum
741 1104 867 1152 sicut
913 1116 1041 1151 unus
1089 1117 1147 1151 ex
1183 1100 1336 1150 Italia.
1412 1100 1472 1149 Et
1523 1099 1648 1150 abivi
1696 1099 1756 1149 ab
1807 1115 1864 1149 eo
1913 1100 2130 1162 cogitans
2176 1112 2370 1147 mecum

228 1190 362 1255 quod
400 1188 605 1238 facultas
642 1194 808 1237 nostra
846 1185 1051 1236 multum
1090 1186 1482 1251 parvipenditur,
1533 1190 1581 1234 et
1618 1191 1690 1234 est
1735 1182 1943 1233 malum:
1994 1184 2105 1248 quia
2151 1183 2368 1246 magistri
2386 1182 2442 1227 ιοἸ

228 1276 277 1323 in
317 1274 507 1323 artibus
546 1273 784 1323 deberent
819 1285 996 1334 regere
1034 1272 1397 1328 universitates,
1445 1285 1577 1323 nunc
1614 1270 1788 1334 Iuriste
1834 1268 2129 1334 pretendunt
2168 1284 2248 1318 eas
2285 1283 2372 1332 gu-

227 1358 454 1415 bernare,
495 1358 626 1423 quod
666 1364 738 1408 est
774 1357 911 1407 valde
949 1356 1248 1407 indecenter.
1323 1356 1382 1406 Et
1419 1354 1527 1405 volo
1566 1370 1650 1405 vos
1689 1353 1943 1404 consolare
1982 1354 2114 1418 quod
2151 1368 2251 1403 non
2289 1353 2372 1404 de-

228 1444 351 1493 hetis
382 1443 633 1507 disputare
671 1444 719 1491 in
761 1457 905 1492 causa
943 1442 1071 1491 fidei.
1148 1442 1270 1501 Quia
1310 1455 1454 1505 spero
1494 1440 1625 1505 quod
1663 1440 1784 1490 deus
1820 1439 1946 1489 bene
1972 1438 2248 1503 providebit
2273 1454 2371 1488 vos,

229 1529 290 1577 Et
327 1544 438 1578 cum
477 1528 571 1577 hoc
610 1526 772 1577 Valete
810 1534 909 1576 tam
948 1527 1030 1576 diu
1069 1526 1224 1576 donec
1262 1525 1569 1576 Pfefferkorn
1606 1530 1771 1574 manet
1808 1525 2124 1575 Christianus.
2200 1524 2374 1574 Datum

229 1612 444 1678 Liptzick
483 1614 534 1662 in
574 1612 788 1677 Collegio
826 1613 1084 1675 Principis,
2389 1595 2443 1653 ιε’

1260 1847 1341 1907 61.

869 1976 910 2023 (i
954 1966 1237 2026 Petrus
1285 1962 1730 2027 Charitatis

668 2082 849 2130 Cursor
889 2081 935 2130 in
972 2081 1298 2131 Grammatica
1338 2085 1385 2130 et
1420 2078 1673 2144 professor
1709 2079 1759 2128 in
1796 2077 1933 2145 loyca

1112 2179 1326 2230 Salutem
1367 2179 1481 2228 dicit

973 2277 1298 2347 Magistro
1337 2276 1644 2330 Ortvino.
2387 2299 2430 2334 ω

367 2393 792 2443 Reverendissime
832 2393 1027 2443 domine
1063 2394 1310 2456 Magister.
1387 2392 1508 2452 Quia
1555 2393 1634 2442 hic
1684 2398 1795 2443 ante
1843 2393 2004 2457 picem
2052 2395 2153 2444 sive
2191 2394 2372 2444 Harzo-

219 2475 340 2526 ‘nem
384 2484 457 2526 est
495 2478 824 2535 consuetudo,
871 2478 1001 2542 quod
1050 2479 1098 2527 in
1145 2478 1222 2528 die
1270 2477 1453 2527 habent
1498 2492 1697 2543 semper
1734 2478 1855 2528 duas
1892 2479 2094 2537 zechaS,
2151 2480 2257 2530 Una
2293 2495 2374 2528 vo·

229 2568 367 2612 catur
407 2562 591 2612 Civium
629 2562 777 2612 zecha
816 2562 876 2611 Et
911 2563 1082 2626 incipit
1118 2563 1240 2612 hora
1279 2563 1583 2619 duodecima,
1625 2568 1673 2612 et
1708 2570 1872 2614 manet
1908 2579 2065 2630 usque
2103 2564 2163 2614 ad
2201 2564 2373 2613 horam

229 2653 450 2712 quartam
490 2648 590 2696 sive
617 2648 861 2711 quintam;
901 2647 1063 2697 Altera
1090 2654 1289 2697 vocatur
1315 2648 1618 2698 nocturnalis
1644 2654 1692 2698 et
1718 2649 1993 2714 postzecha,
2034 2665 2128 2714 que
2155 2665 2182 2699 a
2209 2651 2371 2714 quinta

228 2732 349 2780 hora
396 2733 566 2795 incipit
613 2738 661 2781 et
708 2731 850 2788 durat
895 2733 1142 2781 interdum
1191 2733 1251 2781 ad
1299 2738 1544 2791 octavam,
1593 2748 1799 2792 nonam,
1850 2741 1897 2784 et
1944 2736 2086 2785 etiam
2135 2734 2427 2784 decimamzt

229 2817 419 2874 horam,
459 2815 705 2866 interdum
745 2818 890 2866 etiam
929 2818 1071 2867 durat
1108 2833 1264 2883 usque
1303 2817 1361 2866 ad
1401 2818 1742 2868 duodecimam
1782 2825 1829 2868 et
1855 2819 1915 2869 ad
1940 2821 2148 2884 primam
2176 2819 2371 2869 horam:

231 2902 288 2949 Et
325 2902 494 2951 divites
533 2902 684 2958 civeS,
737 2907 784 2950 et
832 2903 976 2951 etiam
1024 2902 1272 2961 consules,
1324 2909 1370 2952 et
1407 2904 1624 2966 Magistri
1673 2896 1847 2953 civium
1895 2904 2092 2970 quando
2130 2906 2179 2953 in
2217 2905 2418 2968 prima:

230 2986 377 3035 zecha
418 2986 654 3035 sederunt
692 2992 739 3036 et
775 2988 891 3036 satis
929 2986 1182 3045 biberunt,
1222 2995 1339 3037 tunc
1376 2988 1569 3038 solvunt
1606 2995 1654 3038 et
1692 2989 1870 3038 vadunt
1906 2989 1966 3038 ad
2005 2989 2219 3038 domum.
2278 2988 2372 3039 Sed

234 3070 422 3119 iuvenis
459 3070 607 3120 bursa
648 3077 694 3121 et
730 3071 799 3120 illi
838 3073 957 3121 socii
996 3074 1078 3136 qui
1116 3088 1213 3121 non
1252 3071 1457 3122 multum
1498 3080 1673 3123 curant
1710 3073 1825 3139 quid
1863 3073 2004 3123 solvit
2027 3075 2258 3132 triticum,
2297 3074 2372 3122 isti

230 3160 428 3203 manent
465 3155 637 3205 sedere
675 3157 724 3204 in
762 3154 843 3206 illa
881 3157 1143 3220 postzecha
1182 3163 1230 3206 et
1266 3157 1442 3208 hibunt
1478 3175 1534 3208 ac
1560 3160 1601 3208 si
1629 3174 1809 3224 corpus
1836 3164 1883 3208 et
1908 3160 2117 3208 animam
2143 3158 2424 3209 solveret.³o

228 3239 395 3302 Nuper
435 3254 551 3302 ergo
591 3256 702 3290 cum
740 3243 810 3291 sic
849 3243 993 3291 etiam
1031 3243 1314 3292 sederemus
1350 3245 1402 3292 in
1439 3258 1537 3293 una
1589 3243 1874 3308 postzecha,
1926 3259 2015 3308 ego
2063 3249 2111 3294 et
2148 3244 2371 3293 dominus

227 3322 401 3372 Petrus
439 3325 710 3374 monachus
748 3326 930 3375 ordinis
967 3327 1328 3391 predicatorum
1367 3329 1451 3393 qui
1491 3328 1624 3378 vohis
1661 3327 1868 3378 multum
1908 3328 2033 3378 favet
2070 3334 2273 3393 propter
2297 3328 2369 3377 Ia-

229 3406 408 3456 cobum
453 3408 779 3460 Hochstraten
824 3411 1156 3475 hereticorum
1203 3413 1492 3476 magistrum
1541 3415 1589 3462 in
1638 3412 1863 3463 Colonia:
1919 3419 2035 3463 tunc
2093 3419 2197 3463 erat
2245 3412 2369 3462 infra

340 3631 354 3659 ¹
387 3633 606 3686 pzetendi'l
638 3638 678 3677 5.
767 3634 784 3659 ⁶
815 3638 858 3675 et
888 3641 929 3678 5.
1016 3637 1032 3661 9
1065 3639 1120 3678 ob
1154 3642 1194 3680 4.
1285 3636 1319 3664 ¹⁴¹
1349 3639 1538 3679 Pfeffer.
1560 3643 1599 3679 5.

341 3703 375 3730 18
415 3704 645 3747 Gzamatia
676 3706 716 3746 4.
805 3706 963 3756 Loyca
994 3710 1032 3746 5.
1120 3708 1154 3732 ¹⁹
1196 3709 1239 3748 S.
1261 3709 1319 3749 D.
1342 3712 1382 3751 4.
1416 3708 1570 3749 Salute
1599 3709 1727 3749 Dicit
1756 3709 1967 3750 Plurima.
1992 3713 2032 3750 5.
2121 3707 2158 3734 ²⁰
2186 3710 2247 3750 M.
2272 3709 2367 3752 0212-

228 3776 348 3816 uino.
372 3776 411 3816 4.
425 3778 463 3814 5.
543 3772 578 3799 ²²
610 3775 703 3815 sine
726 3778 765 3814 5.
847 3775 1132 3817 Consuetudo
1165 3778 1293 3827 Quod
1316 3781 1357 3818 4.
1391 3779 1519 3828 Quod
1549 3781 1671 3818 etiam
1702 3783 1740 3819 5.
1800 3777 1836 3804 ²⁴
1866 3780 1964 3832 post
1994 3780 2138 3820 zecha
2160 3782 2200 3820 4.
2281 3779 2364 3831 (14.

229 3859 314 3898 que
345 3849 384 3885 5.
500 3843 536 3868 ²⁵
568 3845 798 3885 Interdum
829 3848 921 3886 45.
1035 3845 1070 3872 ²⁹
1109 3847 1298 3888 trittico.
1332 3848 1412 3887 Isti
1443 3850 1482 3887 4.
1515 3879 1525 3890 .
1548 3848 1628 3888 Isti
1658 3851 1781 3888 etiam
1802 3854 1842 3890 5.
1948 3849 1986 3875 ³⁰
2015 3850 2114 3902 post
2145 3849 2289 3898 cecha
2324 3852 2364 3888 5.

229 3916 261 3943 3¹
294 3916 392 3970 post
424 3914 567 3957 zecha
599 3917 691 3960 45.
779 3914 814 3941 ³³
849 3930 871 3956 e
904 3918 944 3956 4.
978 3930 1002 3969 e
1034 3920 1074 3956 5.
