2456 4264
1015 187 1041 198 x

262 298 676 331 CONSVLTATIONES
697 299 1100 334 VNIVERSITATIVM
1120 299 1431 328 COLONIENSIS
1452 300 1511 327 ET
1533 299 1837 329 MOGVNTINAE.
1858 300 1901 329 D.
1924 299 1967 328 A.
1990 295 2089 329 1510.
2181 277 2260 334 95

88 431 416 490 herciscunde
459 429 618 480 ‘Libri
648 430 921 492 improbate
953 430 1175 479 lectionis
1210 433 1326 477 sunt
1362 427 1684 492 destruendi’,
1732 429 2024 492 Expediens
2058 432 2265 492 insuper

7 516 12 520 ”
88 516 228 566 nobis
263 517 516 564 videretur
530 555 543 576 ‚
566 515 1010 564 -Reverendissime
1037 519 1187 576 pater
1224 519 1273 563 et
1304 515 1520 573 domine,
1566 519 1621 562 ut
1654 514 1718 562 ab
1753 517 1921 563 usuris
1951 520 2261 574 arcerentur,

90 601 164 651 ad
189 601 394 650 honesta
427 600 602 661 officia
623 613 726 662 pro
764 613 937 649 eorum
972 601 1323 648 sustentatione
1359 600 1764 656 admitterentur,
1798 599 1952 661 Siqno
1987 601 2204 650 evidenti
2231 615 2263 649 a

94 685 390 735 Christianis
420 686 868 746 distinyuerentur,
908 685 976 734 Et
1002 699 1101 746 per
1130 687 1318 746 peritos
1353 698 1613 734 conversos
1647 687 1697 733 in
1732 686 1909 746 linqua
1946 700 2040 734 sua
2078 687 2140 734 de
2173 700 2262 735 ve-

56 772 242 820 sritate
285 772 409 831 leqis
452 777 503 820 et
536 771 904 834 prophetarum
942 771 1308 819 instruerentur
1339 771 1412 818 ad
1440 771 1657 830 ,oloriam
1695 770 1800 825 dei,
1847 784 2017 820 eorum
2054 773 2262 820 salutem

90 861 141 905 et
171 855 448 917 Christiane
476 858 732 918 reliqionis
766 861 1082 916 auymentum
1096 893 1109 911 ,
1155 856 1349 903 domino
1391 855 1482 903 deo
1531 860 1832 915 cooperante
1867 857 1976 903 zelo
2014 858 2267 917 imperiali

89 945 140 990 et
169 946 346 990 vestro.
421 941 607 991 Datum
646 941 843 1000 Colonie
874 940 1018 990 Anno
1055 941 1298 999 dominice
1324 940 1689 988 incarnationis
1716 939 1981 989 Millesimo
2014 943 2263 1001 quincen-

91 1027 259 1075 tesimo
294 1026 486 1076 decimo
516 1029 685 1089 quinto
720 1026 847 1075 Idus
878 1025 1182 1074 Novembris.
1338 1014 1342 1018 ⁵

687 1112 750 1160 E.
777 1116 935 1171 vestre
967 1112 1133 1171 ⁸oratie
1169 1110 1376 1159 humiles
1410 1116 1634 1158 oratores

7 1210 80 1266 ξω
686 1196 871 1245 Rector
906 1201 955 1245 et
987 1197 1284 1245 universitas
1316 1192 1548 1243 Colonieii

234 1323 460 1374 Humiles
491 1326 741 1373 orationes
776 1329 973 1372 nostras
1007 1338 1119 1372 cum
1150 1337 1212 1373 ea
1249 1337 1350 1384 qua
1388 1313 1529 1371 decet
1559 1323 1870 1373 subiectione.
1946 1323 2267 1375 Serenissime

11 1412 17 1414 “
93 1410 388 1474 imperator,
435 1411 752 1459 invictissime
792 1412 1051 1471 princeps.
1099 1412 1151 1458 in
1200 1410 1402 1469 neeocio
1447 1408 1688 1457 librorum
1732 1409 2004 1469 Iudeorum
2049 1411 2192 1483 nobis¹
2232 1426 2265 1459 a

86 1490 256 1546 vestra
294 1495 511 1556 Cesarea
554 1497 812 1544 maiestate
852 1509 950 1557 per
985 1494 1469 1543 Reverendissimum
1517 1495 1568 1541 in
1610 1493 1802 1542 Christo
1835 1500 2039 1557 patrem
2077 1509 2139 1544 ac
2170 1497 2267 1544 do-

89 1582 275 1630 minum
302 1579 513 1630 Urielem
535 1580 975 1642 Archiepiscopum
994 1580 1422 1641 Moyuntinensem
1441 1580 1726 1642 principem
1752 1582 2010 1629 electorem
2036 1587 2144 1630 etc.
2169 1583 2267 1629 im-

36 1681 79 1715 15
90 1667 250 1729 posito
281 1680 345 1715 ac
379 1669 599 1716 iniuncto
634 1649 873 1728 quantum
903 1668 1184 1728 epistolaris
1217 1666 1430 1719 brevitas
1457 1665 1606 1725 ferre
1632 1667 1821 1728 potuit,
1854 1667 1998 1714 iuxta
2024 1668 2103 1731 rei
2132 1680 2264 1727 qua-

88 1753 276 1802 litatem
311 1753 659 1815 respondimus
694 1757 742 1800 et
775 1753 1066 1813 scripsimus
1103 1751 1238 1813 quod
1268 1752 1526 1815 sentimus,
1562 1749 1713 1799 Salvo
1750 1756 1914 1800 tamen
1951 1766 2147 1814 semper
2183 1754 2267 1801 iu-

91 1836 223 1887 dicio
254 1840 464 1888 saniori.
550 1839 745 1890 Verum.
769 1839 888 1898 quia
921 1840 1053 1886 lator
1090 1838 1273 1885 harum
1309 1836 1530 1885 Ioannes
1567 1835 1895 1895 Pfefferlcorn
1932 1839 2047 1886 olim
2076 1837 2267 1897 Iudeus

90 1936 225 1972 nunc
255 1923 593 1987 Christianus,
640 1926 691 1972 in
729 1924 822 1972 hoc
861 1925 1053 1983 neyotio
1075 1924 1305 1984 presenti
1335 1928 1492 1981 vestre
1520 1923 1792 1970 maiestatis
1821 1923 1988 1981 fidelis
2021 1925 2264 1971 sollicita-

13 2058 24 2065 „
92 2014 171 2057 tor
204 2013 255 2057 et
286 2010 523 2072 nuncius,
554 2011 742 2072 varias,
781 2013 835 2057 ut
857 2008 1152 2068 audivimu8‚
1192 2022 1225 2056 a
1253 2006 1508 2066 fratribus
1532 2009 1631 2055 illis
1655 2004 1676 2075 Η
1703 2008 1805 2055 suis
1840 2008 2114 2056 secundum
2139 2021 2264 2056 car—
2286 2015 2324 2058 αἱ

13 2106 77 2146 '220
94 2107 221 2158 ηεηι,
255 2094 470 2156 perfidis
504 2099 555 2143 et
587 2097 770 2153 cecatis
800 2094 1092 2156 hominibus,
1124 2094 1321 2154 patitur
1357 2094 1618 2153 molestias,
1654 2093 1942 2155 putantibus
1975 2094 2021 2141 si
2055 2093 2265 2142 hominis

13 2205 28 2225 ι
85 2178 286 2239 samam
323 2180 672 2240 denigrassent
686 2217 700 2243 ,
751 2185 900 2228 totam
946 2181 1046 2227 iam
1102 2191 1209 2226 rem
1255 2192 1354 2239 per
1398 2183 1612 2227 vestram
1653 2179 1916 2237 Cesaream
1961 2177 2264 2227 maiestatem

89 2266 251 2315 zelose
284 2270 481 2328 ceptam
516 2266 910 2328 impedivissent,
957 2264 1162 2312 Idcirco
1198 2265 1482 2312 curavimus
1516 2264 1693 2312 humili
1723 2277 1822 2324 qua
1855 2263 2022 2311 decuit
2054 2263 2265 2312 subiun-

89 2353 250 2401 ctione
283 2355 440 2412 vestre
473 2352 722 2400 maiestati
766 2352 822 2400 id
855 2352 962 2399 eius
999 2351 1194 2398 nomine
1226 2349 1490 2397 modestius
1526 2349 1772 2412 scribere,
1824 2362 1887 2397 ac
1922 2362 2112 2397 morum
2142 2361 2238 2397 suo-

90 2449 204 2486 rum
238 2439 671 2486 conversariorum
688 2472 700 2494 ‚
750 2441 799 2485 et
839 2438 934 2495 vite
974 2442 1088 2497 post
1122 2434 1436 2482 Iudaismum
1486 2440 1705 2496 tempore
1745 2439 1839 2482 toto
1880 2447 1975 2494 quo
2012 2436 2142 2483 inter
2179 2447 2267 2482 nos

35 2527 410 2575 ”conversatus
454 2528 548 2582 est,
595 2523 843 2583 inteqrum
888 2522 1210 2570 testimonium
1252 2519 1422 2579 serre,
1475 2521 1716 2569 obnixius
1760 2521 2097 2582 supplicantes
2133 2532 2267 2580 qua—

16 2635 35 2675 T
89 2612 233 2656 tenus
261 2607 436 2657 eadem
465 2614 630 2658 vestra
663 2610 896 2657 maiestas
922 2606 1185 2670 prefatum
1211 2605 1453 2654 Ioannem
1480 2606 1715 2666 diqnetur
1739 2606 2136 2654 commendatum
2167 2606 2267 2653 ha-

91 2692 206 2742 bere
247 2692 323 2743 Ac
365 2695 417 2743 in
462 2694 793 2743 saluberrimo
828 2693 1115 2742 huiusmodi
1151 2693 1379 2755 neeociO,
1428 2706 1495 2740 ex
1528 2692 1612 2740 dei
1645 2693 1859 2754 speciali
1894 2704 2126 2755 munere,
2176 2705 2268 2752 pre

89 2779 266 2828 ceteris
300 2776 543 2828 Romanis
579 2776 870 2839 Cesaribus.
888 2779 949 2827 E.
981 2779 1033 2827 C.
1065 2780 1370 2827 maiestatem
1407 2779 1625 2841 inceptO,
1662 2778 1834 2826 eodem
1873 2791 1968 2838 quo
2003 2779 2135 2839 cepit
2160 2779 2268 2825 zelo

23 2854 27 2857 ’
88 2876 302 2926 pervere
340 2869 390 2913 et
431 2867 757 2930 continuare,
807 2866 881 2914 ad
920 2865 1005 2914 dei
1049 2865 1391 2926 omnipotentis
1433 2865 1675 2927 eloi-iam,
1719 2864 1843 2922 fidei
1889 2877 1952 2912 ac
2000 2864 2145 2911 totius
2191 2865 2269 2911 rei

21 2943 284 3012 ''mpublzce
322 2949 604 3010 Christiane
642 2952 852 3001 salutem
887 2956 935 3000 et
969 2953 1341 3000 incrementum.
1414 2949 1599 2998 Datum
1639 2949 1833 3007 Colonie
1866 2949 1954 2997 sub
1992 2948 2135 2996 Anno
2171 2948 2268 2996 do—

91 3036 270 3096 minice
301 3037 665 3105 incarnationis
690 3036 955 3086 Millesimo
990 3037 1376 3098 qutnyenoestmo
1400 3035 1593 3084 decimo
1624 3035 1793 3095 quinto
1817 3033 1943 3082 Idus
1968 3033 2265 3082 Novembris.

25 3120 27 3122 ’
822 3124 878 3172 V.
910 3122 958 3171 C.
986 3136 1049 3171 m.
1075 3136 1139 3171 ac
1164 3121 1382 3171 Romani
1409 3122 1607 3184 imperii
1636 3120 1836 3168 humilis
1865 3124 1913 3167 et
1934 3120 2101 3179 fidelis
2125 3120 2196 3178 fi-

809 3209 882 3257 lia
916 3209 1252 3281 universitatis
1283 3209 1539 3268 generalis
1574 3206 1731 3255 studii
1760 3204 2005 3270 Colonien.

24 3347 54 3415 πμ.
24 3254 28 3273 '-

346 3362 657 3426 Honorande
693 3366 1140 3415 universitatis
1177 3365 1542 3425 Moquntine
1597 3363 2010 3427 consultatio,

350 3456 526 3500 contra
559 3450 724 3511 falsos
756 3457 805 3500 et
838 3452 1035 3501 inutiles
1076 3451 1226 3500 libros
1268 3450 1581 3499 Talmudicos
1614 3451 1870 3511 utriusque
1901 3447 2001 3509 sa-

1074 3518 1302 3586 cultatiss

237 3620 281 3669 «t
314 3606 538 3684 Recepta
575 3622 832 3684 imperiali
862 3622 1200 3671 commissione
1237 3622 1288 3670 in
1324 3622 1537 3670 materia
1567 3620 1838 3681 Iudeorum
1870 3619 2110 3670 librorum
2127 3658 2140 3683 ,
2180 3630 2262 3668 vo—

96 3703 297 3756 luerunt
318 3708 506 3756 domini
529 3708 591 3756 de
614 3709 933 3757 universitate
955 3708 1111 3757 studii
1134 3709 1312 3768 nostri,
1342 3707 1486 3766 Quod
1506 3707 1792 3757 huiusmodi
1812 3708 2025 3756 materia
2047 3720 2143 3767 per
2169 3706 2264 3752 do-

95 3795 252 3841 ctores
275 3792 543 3855 theoloqice
563 3793 829 3854 facultatis
852 3800 978 3844 esset
998 3794 1345 3844 examinanda
1388 3800 1436 3843 et
1457 3808 1627 3845 eorum
1655 3795 1912 3844 consitium
1945 3792 2263 3840 audiendum.

206 3930 246 3959 ⁸⁸
274 3935 592 3976 vniuersitatis
622 3934 724 3988 (non
754 3935 1054 3990 universitas)
1087 3938 1125 3978 1.
