2456 4264
221 236 300 294 96
520 258 614 287 ΙΟΔ.
639 259 951 286 PEPERICORNI
974 256 1204 285 DEFENSIO
1228 254 1409 283 CONTRA
1431 253 1638 282 FAMOSAS
1661 254 1704 282 Ο.
1726 254 1771 283 V.
1792 251 2063 281 EPISTOLAS.

216 391 409 438 Iccirco
447 389 666 437 doctores
698 387 894 449 prefati
925 401 1078 447 super
1109 386 1203 433 hac
1247 385 1459 431 materia
1507 383 1798 441 conqreqati
1833 388 1880 429 et
1912 380 2194 440 deliberati,
2245 393 2367 428 cen—

217 479 421 522 suerunt
469 482 520 521 ut
566 474 786 532 sequitur
830 470 1198 519 consulendum.
1273 468 1338 515 In
1375 468 1583 528 primis,
1631 467 1743 513 licet
1786 465 2058 512 secundum
2107 478 2366 513 sacrorum

217 571 459 606 canonum
502 558 719 604 instituta
769 558 964 602 terreno
999 553 1230 613 principi
1271 551 1620 599 consulendum
1668 562 1764 596 non
1801 550 1866 596 sit
1907 548 2255 608 quodJudeos
2298 549 2368 596 ad

215 641 576 702 suscipiendum
612 651 811 686 sacrum
843 637 1083 696 baptisma
1113 639 1162 682 et
1181 631 1333 693 sidem
1363 639 1580 682 nostram
1611 634 1943 680 Christianam
1973 635 2250 694 compellat,
2289 635 2367 680 lo-

216 725 407 785 quendo
443 724 503 771 de
538 722 864 782 compulsione
899 721 1123 780 violenta,
1164 718 1326 766 Potest
1363 723 1541 780 tamen,
1580 719 1724 764 immo
1756 721 1946 764 tenetur
1969 721 2195 764 terrenus
2212 718 2399 776 prin—5

215 823 330 869 ceps
366 808 558 856 eosdem
597 805 872 864 efficaciter
907 804 1188 864 admonere,
1222 807 1270 849 et
1304 802 1478 861 quibus
1510 806 1666 861 potest
1700 801 1875 849 mediis
1902 801 2155 855 inducere,
2195 805 2251 848 ut
2276 814 2368 848 sa-

215 907 355 942 crum
393 892 653 952 Baptisma
687 896 734 938 et
756 890 906 948 fidem
943 892 1161 935 nostram
1205 885 1534 933 Christianam
1568 887 1856 947 suscipiant,
1893 889 1942 932 et
1968 886 2134 933 omnia
2171 885 2235 932 ab
2266 886 2368 933 istis

215 978 519 1026 retrahentia
544 981 592 1023 et
612 988 778 1022 eorum
805 973 1164 1021 conversionem
1199 971 1516 1031 impedientia
1540 984 1567 1018 e
1589 969 1749 1017 medio
1776 970 1944 1018 tollere
1975 977 2022 1017 et
2040 983 2085 1017 e.
2159 966 2226 1017 Et
2249 970 2368 1029 quia

217 1064 344 1109 inter
397 1062 560 1108 omnia
603 1060 707 1106 alia
756 1070 924 1105 eorum
965 1056 1329 1104 conversionem
1376 1054 1696 1115 impedientia
1735 1054 1864 1102 illud
1910 1055 2220 1113 coqnoscitur
2264 1068 2368 1102 esse

143 1155 203 1199 ab
219 1147 514 1207 maximum,
557 1148 609 1191 ut
643 1142 850 1190 tradunt
875 1143 1048 1201 plures
1087 1153 1152 1187 ex
1190 1139 1468 1187 doctoribus
1506 1140 1684 1186 nostris
1728 1138 1983 1186 catholicis
2009 1133 2031 1204 [1
2054 1139 2142 1198 qui
2173 1139 2362 1186 utrius-
2380 1154 2422 1187 ιο

219 1245 311 1291 que
347 1231 512 1288 linque
549 1233 647 1275 tam
685 1226 872 1284 Hebree
909 1237 1057 1285 quam
1089 1223 1264 1281 Latine
1295 1225 1546 1284 periciam
1583 1223 1876 1286 habuerunt,
1913 1228 1961 1271 et
1996 1222 2146 1270 libros
2178 1222 2367 1281 Iudeo—

219 1328 329 1362 rum
384 1313 693 1362 exactissime
730 1309 1016 1357 reviderunt
1057 1313 1104 1355 et
1149 1311 1415 1367 taxarunt,
1471 1306 1612 1365 Quod
1648 1320 1816 1356 eorum
1850 1306 2165 1356 Thalmudici
2198 1312 2246 1355 et
2279 1309 2371 1356 alii

217 1400 502 1460 scriptores,
543 1396 785 1457 precipue
835 1394 889 1440 hi
939 1394 1025 1453 qui
1069 1397 1183 1453 post
1233 1391 1478 1440 Christum
1528 1397 1698 1439 natum
1741 1393 2073 1453 scripserunt,
2129 1393 2181 1440 in
2231 1392 2369 1440 libris

216 1489 266 1531 et
310 1483 505 1544 scriptis
549 1481 650 1528 suis
690 1481 862 1540 plures
905 1490 1102 1526 errores
1142 1478 1356 1537 sparsim
1393 1477 1722 1536 seminarunt,
1769 1476 1946 1537 quibus
1984 1476 2134 1524 libros
2182 1475 2366 1538 Moysi,

213 1567 571 1629 prophetarum
624 1569 671 1612 et
714 1564 1019 1625 psalmorum
1073 1563 1201 1609 male
1255 1566 1303 1609 et
1353 1574 1586 1621 perverse
1644 1562 2036 1622 interpretantur
2056 1597 2070 1623 ,
2119 1562 2366 1622 plurimos
2385 1576 2424 1608 15

218 1666 359 1710 sacre
388 1652 510 1710 leyis
553 1662 732 1710 passus
779 1649 850 1695 ad
880 1647 1071 1706 falsum
1117 1647 1412 1694 intellectum
1451 1629 1808 1706 retoreuente&
1861 1647 2009 1694 etiam
2048 1650 2223 1694 contra
2269 1659 2369 1693 an-

219 1737 507 1796 tiquissimos
561 1746 729 1782 eorum
786 1732 1130 1780 Thatmudicos
1182 1739 1227 1778 et
1279 1733 1568 1793 scriptoreS‚
1625 1732 1713 1791 qui
1759 1732 1907 1780 etiam
1958 1734 2073 1778 ante
2125 1729 2369 1785 Christum

219 1825 388 1868 natum
433 1820 763 1880 scripserunt,
817 1818 1083 1865 Iudaicam
1134 1817 1494 1877 simplicitatem
1537 1829 1569 1863 a
1610 1816 1737 1874 fidei
1773 1820 1936 1874 nostre
1969 1815 2245 1874 Christiane
2281 1829 2369 1863 ve-

216 1906 363 1951 ritate
410 1904 728 1962 abducentes,
780 1907 827 1950 et
871 1903 1087 1961 cecitatis
1135 1903 1354 1949 velamen
1401 1906 1517 1949 ante
1564 1914 1732 1949 eorum
1777 1902 1943 1949 oculos
1983 1904 2220 1962 ponentes
2265 1898 2364 1947 Id-

217 1991 350 2037 circo
387 1988 735 2036 consulendum
771 1991 1069 2035 censuerunt
1102 1986 1322 2034 doctores
1364 1987 1586 2046 pretacti
1624 1989 1820 2034 terreno
1855 1985 2107 2047 principi,
2157 1991 2210 2032 ut
2235 1998 2368 2045 pre-
2385 1999 2427 2033 20

218 2078 369 2122 tactos
404 2073 553 2121 libros
590 2072 653 2119 ab
685 2072 905 2120 omnibus
940 2071 1115 2129 Iudeis
1152 2070 1356 2129 auferri
1370 2071 1627 2132 precipiat
1671 2069 1739 2117 Et
1781 2084 1843 2117 ne
1887 2071 2006 2130 ipsis
2053 2069 2277 2117 decetero
2318 2070 2370 2116 in

218 2172 384 2206 eorum
414 2158 686 2219 perniciem
721 2161 769 2204 et
797 2157 921 2215 fidei
950 2161 1112 2213 nostre
1151 2155 1427 2213 Christiane
1462 2158 1787 2216 contemptum
1823 2158 2049 2214 utantur,
2087 2154 2371 2213 viyilantis-
2448 2205 2456 2213 ⁷.

217 2245 335 2291 sime
363 2255 644 2303 procurare
681 2241 927 2300 diynetur.
1004 2240 1056 2289 (Ι,
1097 2240 1318 2288 Ceterum
1360 2240 1478 2300 quia
1515 2241 1710 2286 timetur
1744 2239 1879 2299 quod
1910 2251 2008 2286 non
2053 2241 2206 2287 solum
2240 2252 2371 2299 pre-
2442 2230 2456 2259 ‘³

219 2329 339 2375 tacti
369 2327 507 2386 libri,
545 2326 634 2373 sed
665 2327 811 2372 etiam
839 2337 1008 2372 eorum
1044 2328 1205 2372 textus
1233 2325 1502 2384 originales
1530 2325 1629 2371 sint
1661 2325 1712 2371 in
1746 2324 1893 2372 certis
1922 2323 2153 2384 passibus
2179 2329 2226 2371 et
2239 2336 2372 2384 pre-
2451 2309 2456 2318 ’

219 2413 362 2471 cipue
387 2411 470 2458 ubi
491 2412 708 2458 maxime
727 2409 931 2468 faciunt
959 2421 1054 2470 pro
1083 2409 1186 2466 fide
1222 2416 1390 2456 nostra
1419 2408 1717 2466 Christiana,
1753 2409 1979 2468 corrupti
2011 2415 2058 2456 et
2094 2408 2368 2469 depravati,
2385 2410 2456 2467 πῖ,

221 2495 328 2542 Non
354 2508 539 2555 parum
579 2494 828 2541 videretur
854 2506 952 2554 pro
988 2494 1242 2553 republica
1278 2493 1559 2541 Christiana
1595 2493 1852 2554 expedire,
1889 2493 2023 2553 quod
2056 2494 2133 2542 illi
2162 2507 2258 2554 per
2292 2493 2372 2540 vi-

221 2594 302 2628 ros
340 2580 502 2627 doctos
536 2585 585 2626 et
619 2578 862 2636 Hebraice
897 2580 1064 2638 linque
1095 2579 1338 2638 periciam
1375 2577 1606 2625 habentes
1636 2577 2004 2637 reviderentur,
2054 2581 2370 2639 taxarentur,

220 2670 267 2712 et
301 2665 725 2723 examinarentur,
763 2668 812 2710 et
844 2664 890 2710 si
921 2663 1010 2722 qui
1039 2664 1204 2710 taliter
1234 2664 1459 2724 corrupti
1486 2664 1843 2726 reperirentur,
1881 2664 2104 2710 similiter
2135 2664 2371 2710 tolleren-

222 2754 318 2795 tur.
395 2747 437 2793 (Ι
482 2746 699 2795 Tandem
746 2749 873 2794 inter
920 2749 1024 2794 alia
1059 2747 1328 2806 Iudeorum
1375 2749 1737 2796 conversionem
1775 2747 2090 2810 impedientia
2124 2746 2253 2795 illud
2281 2759 2371 2794 co-

221 2834 470 2892 qnoscitur
505 2845 602 2879 non
638 2846 742 2880 esse
776 2833 1047 2889 minimum,
1101 2831 1240 2889 Quod
1271 2834 1470 2899 impune
1504 2834 1855 2892 permittuntur
1891 2832 2179 2880 usurariam
2214 2843 2424 2879 exer-30

221 2931 333 2964 cere
364 2918 684 2977 pravitatem,
723 2921 772 2964 et
804 2916 866 2964 ab
903 2917 1116 2977 artibus,
1155 2917 1520 2978 operationibus
1557 2922 1606 2965 et
1639 2916 1888 2965 laboribus
1922 2918 2068 2966 licitis
2093 2915 2372 2978 prohiben-
2452 2940 2456 2942 -

222 3007 324 3060 tur,
362 3003 438 3049 vel
468 3003 638 3049 saltem
675 3002 746 3059 ad
779 3003 890 3049 illas
930 3014 1027 3049 non
1061 3003 1435 3062 permittantur,
1470 3001 1694 3050 Maxime
1717 2986 1819 3063 p'ro
1855 3001 2108 3063 republica
2141 2999 2371 3049 Romana

219 3091 265 3132 et
286 3085 567 3134 Christiana
593 3087 841 3134 videretur
866 3087 1119 3147 expedire,
1149 3091 1197 3134 et
1214 3089 1542 3147 plurimorum
1566 3086 1835 3145 Iudeorum
1861 3087 2223 3135 conversionem
2244 3098 2372 3146 pro-

222 3182 435 3229 movere,
482 3170 539 3218 Si
569 3171 630 3218 ab
667 3166 822 3218 usura
861 3176 1098 3231 tanquam
1136 3184 1167 3217 a
1204 3185 1260 3218 re
1304 3173 1442 3219 licita
1482 3171 1725 3231 prohibiti
1771 3172 1844 3219 ad
1877 3173 2006 3220 alias
2041 3175 2197 3230 artes,
2247 3182 2370 3230 ope-

221 3256 435 3302 rationes
459 3259 506 3301 et
526 3255 718 3302 labores
753 3257 924 3303 saltem
960 3257 1120 3303 licitas
1156 3256 1546 3321 admitterentur.
1622 3254 1665 3302 (Ι
1705 3255 1810 3313 Qua
1838 3260 2000 3304 autem
2031 3257 2110 3303 via
2149 3255 2222 3302 ad
2242 3267 2428 3315 pre-3⁵

222 3339 356 3386 dicta
384 3339 758 3399 procedendum
794 3341 868 3400 sit,
910 3339 986 3386 An
1023 3341 1202 3400 aliquis
1230 3353 1494 3400 processus
1533 3344 1620 3387 aut
1653 3341 1815 3400 qualis
1841 3340 2163 3388 instituendus
2187 3339 2367 3400 veniat,

221 3423 431 3471 credunt
467 3423 600 3483 quod
633 3423 817 3471 domini
852 3425 913 3472 de
938 3423 1186 3482 facultate
1221 3425 1436 3472 iuridica
1472 3426 1570 3472 sint
1602 3426 1653 3472 in
1701 3426 1791 3473 isto
1838 3426 2130 3473 consulendi
2177 3429 2224 3472 et
2269 3437 2368 3471 au-

223 3507 406 3555 diendi.
482 3506 523 3553 (I
556 3507 788 3555 Decanus
823 3510 985 3568 itaque
1020 3513 1068 3556 et
1091 3509 1311 3556 doctores
1337 3506 1597 3567 facultatis
1619 3509 1829 3566 iuridice
1852 3509 1945 3556 hoc
1969 3513 2124 3570 pacto
2152 3508 2223 3555 ad
2242 3521 2369 3569 pre-

222 3591 355 3639 dicta
375 3591 749 3652 procedendum
781 3591 898 3650 fore
936 3597 1241 3653 censuerunt,
1279 3592 1432 3653 Quod,
1470 3608 1536 3641 ex
1571 3607 1664 3653 quo
1697 3594 1883 3641 crimen
1913 3593 2097 3652 heresis
2131 3597 2203 3641 est
2238 3606 2370 3640 mere

221 3677 627 3736 ecclesiasticum,
677 3676 831 3724 iudex
863 3677 1020 3725 laicus
1053 3676 1114 3724 de
1153 3690 1208 3724 eo
1239 3667 1661 3736 coonoscere'non
1691 3683 1866 3737 potest.
1902 3691 2018 3739 cap.
2061 3677 2126 3737 Ut,
2156 3678 2446 3738 inquisi-w·

223 3762 364 3810 tionis
400 3759 475 3809 De
511 3760 737 3820 hereticis
759 3759 907 3809 Libro
931 3760 1094 3821 Sext0‚
1131 3761 1221 3808 sed
1243 3762 1405 3822 potius
1440 3762 1700 3821 inquisitor
1736 3762 1948 3822 heretice
1963 3764 2234 3823 pravitatis
2257 3774 2368 3810 cum

223 3848 469 3909 episcopo,
513 3846 738 3896 Clement.
766 3847 871 3896 eod.
900 3847 985 3908 tit,
1029 3844 1238 3894 Tenetur
1275 3851 1437 3895 tamen
1475 3847 1628 3894 iudex
1664 3848 1822 3894 laicus
1856 3860 1953 3895 non
1981 3849 2135 3895 solum
2170 3851 2368 3895 senten-
