2456 4264
93 1916 121 1956 §.
137 1917 188 1953 16.

84 2768 178 2807 §.17.

233 271 354 329 468
901 271 1229 320 ΗοοΗεΤΒΑώνε
1253 290 1399 320 ovAns
1421 289 1671 318 numoovs.

227 430 390 475 ctionis
429 441 544 475 suae,
584 438 683 483 quae
720 422 842 468 nulla
879 428 1054 471 extant,
1093 428 1170 466 aut
1206 420 1442 467 blandiciis
1478 421 1693 481 vanisque
1730 422 2023 474 ceremoniis,
2061 422 2194 482 nugis
2218 436 2358 482 nuga-

228 497 418 545 cissimis
455 499 726 554 comparant,
763 493 818 537 de
856 491 1019 552 quibus
1056 493 1273 552 scriptum
1310 497 1380 536 est
1418 491 1479 535 ‘In
1504 490 1659 537 labore
1683 491 1914 538 hominum
1938 507 2030 539 non
2057 501 2162 538 sunt
2187 499 2232 538 et
2255 508 2356 539 cum

228 566 481 613 hominibus
507 578 595 609 non
622 563 856 608 caeduntur
891 561 1066 621 flagriS,
1104 569 1344 621 propterea
1383 561 1529 607 tenuit
1566 575 1645 608 eos
1683 559 1932 622 superbia':
1970 564 2083 608 nihil
2121 565 2237 609 enim
2274 565 2355 608 im·

225 637 493 698 patientius,
542 634 651 679 nihil
690 631 1015 678 intolerabilius
1064 631 1221 677 humili
1266 638 1444 692 patrum
1491 632 1684 678 fratrum
1719 632 2081 679 Reverendorum
2120 634 2262 684 fastu,
2311 641 2355 678 et

224 709 368 753 omnia
394 705 623 764 arroganti
649 717 806 750 eorum
843 702 1083 763 supercilio
1121 702 1176 747 de
1213 702 1420 748 omnibus
1456 702 1712 754 detrahunt,
1748 703 1973 754 damnant,
2009 704 2386 753 calumniantur,5

222 784 266 822 et
292 784 439 822 tamen
463 774 575 821 nihil
600 775 667 820 vel
704 774 935 820 ferendum
973 773 1106 818 edere
1140 779 1359 834 possunt,
1398 773 1509 818 nihil
1536 774 1737 819 consiliis
1763 780 1809 819 et
1833 774 2094 820 tantundem
2122 777 2257 820 armis
2282 789 2354 819 va-

220 848 333 898 lent,
373 847 459 892 nisi
493 860 614 892 arma
651 846 813 891 dixeris
850 844 1010 890 malam
1047 850 1269 895 mentem,
1307 844 1508 904 peiorem
1547 844 1767 896 animum,
1803 845 2049 905 pessimum
2087 845 2351 905 exemplum,

220 918 415 978 linguam
441 930 610 963 veneno
648 919 847 967 tinctam,
886 922 930 960 et
965 915 1009 960 id
1047 929 1189 974 genus
1224 914 1551 961 Fraternalium
1586 917 1826 960 virtutum:
1865 921 1912 960 et
1946 915 2091 962 adhuc
2127 930 2262 975 rogas
2301 915 2353 960 de

218 990 399 1047 ingenio
444 989 570 1048 porci
606 987 723 1048 apud
759 1001 922 1048 porcos
957 986 1281 1032 Praedicatores
1318 986 1509 1031 nutriti?
1546 985 1729 1033 fabulae!

358 1071 641 1106 LVPoLDvs.
712 1058 834 1104 Bona
879 1056 1031 1103 verba!
1083 1057 1206 1102 istud
1250 1071 1341 1102 non
1388 1056 1596 1116 agebam:
1645 1056 1777 1103 didici
1823 1054 2009 1117 pridem
2035 1070 2088 1102 ex
2122 1055 2409 1116 Magistrisio

215 1129 405 1181 Nostris,
443 1135 611 1190 quanto
649 1129 831 1189 ingenio
869 1128 923 1173 ad
948 1128 1195 1174 nocendum
1223 1129 1285 1173 sis
1310 1127 1548 1188 praeditus:
1589 1127 1698 1188 quid
1723 1133 1872 1174 autem
1895 1126 2014 1173 Leus
2039 1141 2206 1188 porcus
2230 1128 2352 1172 inter

215 1199 377 1245 fratres
417 1206 518 1246 tuos
556 1200 715 1246 seceris
755 1199 966 1244 tulerisve
1004 1212 1174 1259 quaero.

353 1283 496 1318 LEVS.
570 1270 714 1327 Quid?
750 1271 899 1316 voravi
935 1270 1134 1315 furfures
1173 1270 1347 1315 otiosus
1384 1270 1502 1315 inter
1535 1270 1743 1329 ignavos,
1790 1268 1975 1329 pinguis
2012 1268 2133 1314 inter
2169 1274 2350 1315 ventres

213 1341 482 1393 crassiores,
521 1341 690 1387 stultus
727 1346 773 1386 et
806 1340 971 1386 bardus
1008 1355 1109 1387 cum
1147 1339 1410 1401 stuporibus
1438 1347 1484 1386 et
1508 1342 1624 1386 saxis
1651 1339 1862 1400 agebam,
1899 1354 2064 1401 passus
2088 1352 2194 1385 vero
2221 1345 2349 1386 atrox

213 1412 376 1463 fatum,
416 1413 636 1458 dissectus
674 1413 719 1457 in
758 1411 904 1457 frusta
941 1411 1192 1457 delicatulis
1228 1411 1605 1458 Praedicatoribus
1642 1411 1841 1472 palatum
1879 1410 2042 1463 refeci;
2082 1410 2404 1469 demigravit¹5

211 1484 385 1529 animus
422 1483 604 1530 iubente
640 1482 908 1542 Proserpina
946 1483 992 1527 in
1030 1482 1151 1527 hunc
1186 1483 1373 1533 Canem,
1422 1482 1590 1543 alioqui
1639 1488 1765 1528 totus
1811 1487 1998 1542 egestus
2046 1480 2099 1526 in⁴
2138 1480 2346 1538 latrinam

210 1566 386 1599 misere.

347 1637 736 1671 HocHs'rRA'rvs.
812 1623 922 1674 Hui,
959 1623 1075 1669 Leus
1113 1623 1283 1669 oletum
1322 1623 1421 1668 est?

345 1708 492 1743 ΜΝΞ.
565 1696 632 1740 Tu
667 1708 868 1741 comesse
905 1701 1057 1755 potes,
1097 1695 1237 1740 amica
1273 1693 1369 1740 luto
1408 1708 1509 1744 sus,
1558 1695 1682 1740 canis
1719 1693 1854 1740 modo
1893 1708 2016 1746 sum,
2067 1693 2344 1754 splendidam

209 1764 398 1810 aliorum
436 1766 625 1827 gloriam
664 1766 876 1812 arrodere
915 1765 1065 1816 soleo,
1104 1779 1196 1810 non
1234 1770 1434 1816 stercus,
1474 1764 1595 1825 quod
1631 1765 1956 1826 inquisitorum
1991 1764 2192 1816 videtur,
2231 1771 2341 1811 tam·
2358 1770 2400 1802 20

208 1837 292 1881 etsi
328 1836 413 1882 sub
450 1850 590 1897 porco
629 1837 797 1896 degens
835 1842 879 1881 te
915 1835 1096 1881 fortiter
1131 1835 1221 1881 iuvi
1259 1842 1304 1880 et
1341 1835 1487 1882 docui.

343 1919 732 1955 HocHsTRA'rvs.
804 1907 904 1958 Dic,
944 1907 1099 1958 sodes,
1139 1921 1228 1966 quo
1266 1907 1447 1965 ingenio
1485 1921 1563 1952 sus
1600 1907 1839 1952 Minervam
1876 1906 2097 1952 docuisti?

340 1991 487 2026 ans.
559 1978 825 2024 Minervam?
872 1977 959 2026 ista
995 1978 1190 2023 Minerva
1235 1977 1371 2037 paulo
1418 1983 1523 2023 ante
1559 1978 1604 2022 in
1643 1984 1803 2039 stupro
1842 1983 1888 2023 et
1925 1976 2147 2024 adulterio
2185 1977 2343 2038 depre-

202 2048 339 2094 hensa
376 2055 462 2095 est.
498 2063 554 2094 ne
591 2049 847 2099 dissimula,
885 2049 1115 2110 ingenium
1154 2047 1235 2094 tibi
1273 2047 1458 2094 suillum
1493 2048 1681 2109 profuit.

338 2132 729 2168 Hocns'rRA‘rvs.
803 2118 899 2174 Qua
934 2121 1136 2170 ratione,
1177 2119 1398 2169 obsecro?

336 2204 480 2239 ans.
551 2191 793 2237 Accessisti
828 2191 979 2236 haram
1016 2204 1158 2236 meam
1195 2190 1369 2251 vesperi
1407 2190 1600 2251 quodam
1625 2204 1650 2235 a
1676 2205 1802 2237 coena
1827 2191 2070 2237 comitante
2095 2190 2338 2237 reverendo

198 2260 411 2320 Magistro
448 2261 615 2308 Nostro
651 2262 948 2308 Ecmundensi
984 2261 1220 2312 Camelita,
1269 2275 1403 2322 quem
1439 2262 1665 2323 hospitem
1701 2276 1913 2322 rogaras,
1960 2261 2123 2322 opinor
2159 2274 2212 2307 eo
2250 2261 2337 2308 loci

197 2331 427 2378 levaturus
463 2335 683 2386 vesicam;
730 2334 917 2378 arrectis
965 2339 1060 2378 tum
1107 2332 1292 2379 auribus
1330 2332 1483 2394 accepi
1522 2333 1699 2380 tristem
1738 2333 1820 2379 tibi
1857 2334 2062 2379 nuntium
2101 2333 2276 2379 venisse
2313 2347 2336 2378 a

196 2404 399 2462 patribus
436 2404 716 2454 reverendis,
755 2403 1041 2450 Franciscum
1078 2403 1285 2450 videlicet
1322 2403 1636 2463 Sickingerum
1673 2417 1774 2450 esse
1811 2410 2091 2450 asserturum
2128 2404 2174 2449 in
2214 2410 2333 2449 tran-

197 2473 463 2532 quillitatem
503 2489 654 2520 senem
692 2473 819 2520 illum
855 2474 1150 2535 Capnionem‚
1200 2476 1322 2521 varie
1368 2474 1581 2521 iactatum
1619 2489 1643 2520 a
1681 2481 1726 2521 te
1765 2481 1938 2536 septem
1985 2477 2136 2526 annis,
2187 2471 2390 2534 porro³0

194 2543 298 2589 illos
345 2545 670 2604 quodammodo
722 2544 890 2591 similes
927 2548 1122 2592 cessuris
1160 2546 1354 2606 tempori
1391 2545 1551 2597 videri,
1599 2552 1645 2591 te
1690 2559 1796 2592 vero
1834 2545 2022 2597 necdum
2059 2547 2206 2599 animo
2245 2545 2334 2591 fra-

194 2621 316 2660 ctum
354 2616 397 2660 in
434 2623 611 2662 noctem
646 2616 893 2677 proximam
931 2617 1142 2664 reiecisse
1178 2616 1588 2669 consultationem,
1637 2616 1715 2663 ubi
1759 2623 1939 2664 cautum
1977 2616 2185 2663 omnibus
2222 2615 2333 2662 late-

195 2684 288 2730 bris
324 2687 602 2746 praetentatis
650 2689 899 2733 tutum'sis
936 2689 1132 2734 initurus
1169 2688 1432 2738 consilium,
1480 2701 1538 2733 ne
1584 2687 1760 2749 quando
1808 2688 1878 2734 vel
1925 2702 2059 2734 causa
2094 2687 2225 2734 cadas
2262 2687 2330 2732 vel

196 2770 405 2816 magnum
442 2758 606 2803 malum
642 2764 722 2804 tuo
760 2758 943 2804 invehas
969 2759 1103 2820 capiti
1130 2758 1387 2805 inconsulta
1410 2758 1664 2815 celeritate:
1702 2760 2011 2819 magnanimus
2037 2760 2189 2819 itaque
2213 2758 2327 2818 Aga-

194 2840 401 2874 memnon
436 2831 605 2874 vocasti
642 2829 687 2874 in
725 2829 964 2876 concilium
1000 2830 1123 2876 istud
1159 2836 1431 2876 nocturnum
1468 2844 1551 2891 per
1586 2829 1773 2876 fratrem
1809 2829 2062 2891 Lupoldum
2086 2829 2322 2875 Latomum
2343 2825 2385 2858 3⁵

192 2896 394 2958 Ulyssem
430 2905 581 2951 tuum,
621 2900 697 2961 qui
736 2907 832 2946 tum
869 2900 1008 2946 altum
1046 2901 1281 2947 hauriebat
1317 2903 1540 2947 somnium
1566 2907 1727 2948 contra
1749 2900 2014 2953 Luthcrum,
2052 2906 2325 2950 asserentem

192 2969 435 3028 quemlibet
470 2971 696 3016 hominem
733 2986 785 3017 ex
821 2971 1096 3033 praeiudiciis
1133 2972 1258 3018 Pauli
1295 2973 1491 3034 apostoli
1529 2978 1815 3034 peccatorem
1841 2986 1965 3025 esse;
2002 2971 2150 3018 verbis
2177 2978 2326 3017 autem

2354 2121 2395 2153 25

302 3119 316 3146 ¹
349 3125 530 3162 exstant
559 3127 639 3163 aut
666 3123 907 3164 blanditiis
938 3127 982 3165 3.
1069 3122 1119 3151 ³·4
1148 3125 1471 3178 impacientius
1502 3128 1543 3167 2.
1639 3122 1657 3151 ⁴
1686 3124 2043 3165 intollerabilius
2073 3127 2115 3165 2.
2205 3122 2222 3149 ⁹
2254 3123 2325 3164 fa-

189 3189 323 3244 bulae]
355 3208 412 3226 Ξ
440 3193 631 3238 bummess
663 3191 907 3248 Θεὶὤὶυᾶῂῐ
938 3196 1085 3237 Possis
1114 3199 1237 3236 etiam
1266 3196 1450 3237 rabula!
1539 3193 1573 3221 ¹⁸
1603 3196 1783 3237 ociosus
1813 3200 1855 3237 2.
1871 3199 1914 3237 3.
2008 3193 2046 3221 ²²
2075 3194 2160 3235 Sus
2190 3192 2320 3247 Min.]

189 3262 306 3302 Fest.
346 3262 478 3313 ,‚‘Sus
518 3263 786 3306 Minervam'
827 3266 875 3304 in
912 3267 1153 3318 proverbio
1185 3271 1278 3318 est,
1317 3267 1397 3307 ubi
1429 3267 1528 3320 quis
1558 3266 1607 3306 id
1636 3266 1772 3309 docet
1810 3266 2024 3318 alterum,
2067 3267 2194 3306 cuius
2222 3266 2321 3319 ipse

187 3331 361 3372 inscius
392 3335 502 3374 est'’.
536 3335 619 3375 Cic.
641 3335 782 3376 Acad.
804 3336 840 3376 I.
865 3337 905 3376 4.
937 3338 1168 3391 ,‚..inepte
1201 3339 1391 3391 quisque
1422 3338 1677 3379 Minervam
1707 3337 1882 3380 docet”.
1938 3336 1978 3364 ²⁷
2007 3335 2258 3379 Carmelita
2279 3338 2319 3379 4.

189 3401 261 3442 Of.
285 3400 480 3454 (Nesenz')
510 3404 767 3457 Epistolam
796 3406 852 3447 de
881 3407 1118 3461 Magistris
1146 3409 1326 3449 Nostris
1355 3409 1748 3461 Lovaniensibus,
1779 3409 1910 3450 cuius
1938 3407 2213 3462 particulam
2245 3420 2319 3447 ex·
2357 3461 2367 3471 ⁸

185 3472 413 3513 hibuimus
432 3472 524 3514 vol.
544 3474 579 3513 I.
602 3488 648 3527 p.
671 3474 766 3515 171.
789 3489 855 3529 sq.
879 3491 922 3517 n.
945 3491 1168 3519 Lxxvnn.
1257 3479 1292 3505 ²⁹
1321 3480 1491 3520 Franc.
1515 3477 1656 3533 Sick.]
1681 3479 1754 3523 Cf.
1775 3492 1913 3533 supra
1940 3492 2079 3534 pagg.
2099 3477 2197 3520 438.
2220 3490 2318 3531 sqq.

183 3542 220 3569 ³¹
253 3556 458 3584 cessuros
488 3546 530 3584 4.
589 3542 673 3570 ³4³⁵
702 3546 987 3601 Agamemn.]
1022 3548 1091 3589 Cf.
1114 3550 1288 3597 Homer,
1310 3550 1363 3591 11.
1385 3551 1445 3591 11.
1468 3551 1570 3592 init.
1635 3548 1672 3575 ³⁵
1700 3547 1961 3603 Latomum]
1992 3550 2096 3591 Non
2124 3549 2316 3589 Bartho-

181 3614 287 3657 lom.
319 3615 512 3668 Μαεεοη,
543 3614 856 3666 Arlunensem‚
886 3631 973 3659 nec
1003 3619 1220 3660 Ioannem
1240 3621 1494 3670 Latomum‚
1528 3621 1609 3661 sed
1639 3621 1865 3662 seniorem
1884 3620 2102 3662 Iacobum
2125 3620 2314 3668 Massou,

186 3684 620 3737 camberonensem,
653 3686 744 3728 AA.
769 3691 814 3727 et
843 3688 981 3729 theol.
1002 3689 1058 3728 D.
1084 3690 1159 3741 qui
1187 3690 1386 3731 Lovanii
1417 3691 1473 3730 ab
1508 3704 1550 3734 a.
1573 3690 1697 3732 1500.
1721 3692 1901 3744 docuit,
1941 3691 2174 3733 haereticae
2211 3703 2314 3743 pra-

183 3757 340 3798 vitatis
370 3756 708 3810 inquisitorem,
749 3757 943 3799 Lutheri
973 3758 1194 3800 doctrinae
1223 3760 1425 3812 hostem,
1466 3762 1691 3814 primatus
1719 3761 1959 3803 Pontificis
1986 3761 2113 3801 Rom.
2147 3763 2192 3800 et
2221 3773 2312 3801 mo—

181 3828 460 3868 nasticorum
489 3828 797 3869 institutorum
835 3829 1124 3870 defensorem
1164 3831 1448 3871 acerrimum.
1490 3831 1520 3882 †
1545 3844 1590 3872 a.
1613 3830 1734 3873 1544.
1765 3832 1981 3886 Effigiem
2008 3831 2204 3873 hominis
2235 3845 2312 3873 ex-

179 3899 308 3939 hibet
327 3900 540 3953 Foppens
570 3899 787 3942 Biblioth.
808 3899 938 3954 Belg.
964 3901 1022 3941 ad
1051 3914 1094 3953 p.
1117 3900 1214 3941 520.
1300 3899 1339 3926 ³⁷
1367 3902 1490 3944 Paul.
1513 3914 1584 3955 ep.
1605 3901 1664 3943 ad
1696 3901 1799 3944 Gal.
1820 3902 1880 3943 H.
1903 3901 1971 3943 17.
