2456 4264
218 260 237 318 1
257 261 335 319 90
802 283 1040 311 EPISTOLAE
1062 280 1367 311 OBSCVRORVM
1388 279 1599 309 vntossvu
1620 278 1769 308 NOVAE.

215 416 352 469 tiVOS‚
383 418 549 461 contra
578 410 711 459 illum
738 410 923 458 bonum
951 411 1225 468 doctorum,
1266 415 1314 459 et
1339 408 1592 458 ascribunt
1618 422 1701 456 eos
1728 406 1842 456 huic
1866 406 2123 456 trufatori‘?
2162 407 2211 455 Si
2238 412 2364 456 esset

215 499 352 561 peior
390 502 436 545 et
472 495 775 543 maledictior
810 494 958 542 homo
995 509 1085 557 per
1122 500 1273 543 totam
1311 493 1605 548 Almaniam,
1652 491 1746 555 ipsi
1784 491 1929 540 etiam
1965 492 2235 540 sociassent
2273 491 2363 538 sibi

216 596 343 630 euin.
409 579 504 628 Sed
542 593 641 627 non
682 583 755 626 est
792 578 986 627 mirum.
1053 578 1175 636 Quia
1201 577 1373 627 schlim
1401 575 1585 625 schlem
1614 575 1776 638 querit
1800 573 1892 623 sibi
1918 573 2157 624 similem’.
2222 575 2362 623 Tunc

216 679 305 726 ego
333 677 432 711 non
459 663 595 725 potui
633 660 841 725 amplius
877 667 1061 717 tacere,
1102 662 1187 711 sed
1227 661 1348 710 dixi:
1391 661 1609 710 ‘Domine
1648 659 1837 716 doctor,
1876 661 2087 722 parcatis
2112 658 2247 716 mihi,
2288 658 2361 707 lo-

213 748 399 796 hannes
423 744 730 795 Pfefferkorn
769 751 841 794 est
877 746 948 793 vir
982 745 1232 802 honestUS,
1273 751 1321 794 et
1359 751 1431 794 est
1466 742 1624 792 fidelis
1661 741 1946 792 sollicitator
1972 742 2189 806 Caesaree
2215 743 2399 792 Mane-5

214 833 363 889 statiS,
405 836 453 880 et
490 835 563 880 est
601 836 744 879 natus
781 830 840 879 de
878 829 1008 879 tribu
1035 828 1292 893 Neptalim.
1367 828 1428 877 Et
1464 829 1595 877 scitis
1634 828 1764 892 quod
1804 833 1876 877 est
1900 843 1995 876 una
2025 828 2221 891 antiqua
2248 841 2364 890 pro-

214 917 394 979 genies,
468 914 528 963 Et
564 916 669 978 ipse
708 921 873 977 posset
909 914 1108 979 gloriari
1146 913 1277 978 quod
1317 919 1390 962 est
1415 911 1608 969 nobilis,
1649 913 1869 976 quamvis
1894 927 1994 961 non
2022 911 2136 960 facit
2160 916 2365 976 propter

213 996 564 1048 humilitatem’.
640 998 777 1047 Tunc
823 999 1078 1063 respondit
1132 998 1313 1047 Doctor
1359 997 1466 1047 ille:
1518 996 1792 1061 ‘Accipiatis
1839 994 2032 1045 coclear
2079 1001 2128 1046 et
2175 1001 2364 1059 gustate

214 1083 331 1149 quid
369 1081 584 1132 dixistis’.
659 1082 798 1131 Tunc
844 1083 968 1132 dixi:
1023 1083 1247 1132 ‘Creditis
1293 1081 1424 1145 quod
1472 1095 1570 1129 non
1619 1081 1766 1130 etiam
1813 1080 1907 1141 vidi
1955 1080 2213 1129 homines?
2261 1079 2364 1142 Ego

214 1182 322 1216 sum
359 1167 586 1231 Magister
623 1168 970 1224 ParhisiensiS‚
1020 1173 1067 1217 et
1105 1166 1302 1230 Colonie
1350 1166 1511 1215 studui
1561 1166 1610 1214 in
1649 1163 1916 1227 Theologia
1954 1163 2081 1214 bene
2118 1164 2241 1213 duos
2278 1178 2362 1212 an·
2378 1173 2421 1209 10

214 1266 330 1301 nos:
371 1252 566 1301 domine
605 1251 791 1308 doctor,
833 1267 930 1300 non
970 1252 1071 1300 sitis
1109 1252 1178 1300 sic
1216 1250 1459 1315 superbus
1497 1255 1759 1313 antequam
1786 1249 2082 1313 cognoscitis
2106 1248 2361 1298 homines'.

214 1336 482 1399 Respondit
519 1336 690 1386 doctor
715 1336 939 1385 Murner:
981 1334 1121 1392 Quod
1159 1350 1258 1384 non
1295 1334 1432 1384 scivit
1470 1334 1599 1398 quod
1639 1333 1708 1383 fui
1733 1333 1977 1397 Magister,
2019 1338 2067 1382 et
2103 1332 2247 1382 dixit:
2288 1333 2364 1383 ‘de

214 1420 468 1469 honestate
493 1419 723 1469 Iohannis
748 1410 1055 1470 Pfefferk01·n
1095 1435 1192 1469 non
1233 1419 1439 1468 multum
1480 1418 1657 1474 audivi,
1697 1417 1783 1467 sed
1822 1417 1953 1482 quod
1992 1417 2052 1466 de
2091 1433 2148 1466 eo
2188 1417 2362 1473 audivi,

214 1504 342 1554 bene
379 1519 579 1569 possum
618 1504 808 1561 dicere,
859 1505 987 1569 quod
1038 1505 1132 1553 nisi
1168 1504 1304 1568 ludei
1355 1502 1631 1552 voluissent
1665 1517 1777 1552 eum
1824 1502 2124 1552 mortificare
2162 1507 2366 1566 propter

214 1588 448 1638 maleficia
474 1605 577 1645 sua,
616 1588 725 1652 Ipse
764 1604 1013 1654 nunquam
1052 1589 1222 1637 fuisset
1258 1588 1414 1637 factus
1441 1584 1772 1636 Christianus'.
1845 1586 1906 1635 Et
1943 1586 2062 1635 dixit
2099 1585 2231 1651 quod
2257 1586 2364 1651 qui·
2381 1597 2422 1634 ¹5

215 1674 324 1721 dam
361 1673 539 1737 ludens
577 1673 696 1722 dixit
734 1673 826 1722 sibi
867 1674 1010 1723 ‘Ecce
1045 1672 1163 1721 illud
1204 1672 1334 1737 quod
1372 1686 1470 1720 non
1509 1671 1634 1721 valet
1670 1671 1800 1736 apud
1826 1670 2028 1734 IudeOS,
2070 1669 2256 1720 bonum
2295 1675 2367 1721 est

214 1757 343 1820 apud
382 1757 706 1806 Christianos:
757 1757 856 1805 Nos
904 1756 1145 1806 voluimus
1183 1757 1242 1806 ad
1282 1762 1493 1805 mortem
1530 1755 1750 1804 iudicare
1798 1756 1943 1804 istum
1982 1754 2364 1813 malefactorem,

213 1840 310 1889 Vos
348 1840 606 1890 Christiani
642 1840 832 1891 habetis
871 1857 982 1891 eum
1019 1842 1068 1889 in
1107 1842 1296 1890 honore
1335 1842 1475 1905 quasi
1512 1846 1642 1890 esset
1678 1840 1825 1889 homo
1864 1838 2055 1904 probus
2093 1845 2142 1889 et
2178 1839 2364 1897 doctuS,
2406 1855 2408 1857 ·

214 1940 325 1974 cum
362 1930 523 1974 tamen
563 1924 732 1974 videtis
769 1932 975 1988 propter
1014 1925 1130 1990 quid
1170 1931 1243 1974 est
1268 1926 1425 1974 factus
1451 1922 1790 1974 Christianus’.
1863 1924 1937 1974 Ibi
1976 1937 2068 1987 ego
2106 1915 2394 1989 respondi:

214 2009 436 2060 ‘Domine
474 2008 662 2065 doctor,
703 2009 910 2059 audiatis
947 2010 1220 2059 modicum:
1260 2009 1396 2074 Iudei
1435 2009 1617 2058 faciunt
1653 2009 1883 2058 iniuriam
1920 2008 2125 2058 Iohanni
2161 2009 2423 2058 Pfess‘er—zo

211 2092 361 2150 korn,
414 2094 525 2157 quia
574 2108 824 2157 nunquam
876 2094 1054 2143 furavit
1099 2094 1306 2159 aliquid,
1358 2109 1518 2158 neque
1567 2091 1812 2143 malefecit
1861 2095 2005 2143 etiam
2044 2093 2239 2158 quando
2278 2093 2368 2143 fuit

211 2178 415 2241 ludeuS,
465 2178 590 2227 sicut
640 2183 711 2227 est
747 2179 826 2242 pie
865 2178 1183 2238 credendum.
1258 2178 1318 2227 Et
1355 2178 1484 2243 quod
1523 2178 1618 2228 hoc
1654 2179 1714 2227 sit
1750 2192 1947 2234 verum,
1998 2176 2185 2227 debetis
2222 2179 2365 2236 scire,

214 2262 460 2325 quomodo
500 2262 595 2311 duo
638 2262 770 2326 [udei
807 2262 959 2312 semel
995 2262 1257 2312 voluerunt
1295 2264 1340 2312 ei
1388 2263 1640 2326 imponere
1688 2263 1935 2312 infamiam
1986 2262 2125 2319 furti,
2174 2262 2260 2312 sed
2308 2277 2366 2312 ex

212 2346 387 2396 invidia
424 2346 658 2396 duntaxat
697 2353 744 2397 et
782 2346 1046 2396 execrabili
1093 2346 1306 2396 malicia:
1358 2353 1476 2396 tunc
1523 2347 1628 2411 ipse
1676 2347 1837 2396 citavit
1883 2361 1966 2396 eos
2012 2347 2074 2396 ad
2112 2345 2366 2396 Cameram

212 2431 536 2495 imperialem,
588 2437 634 2481 et
672 2431 913 2481 dederunt
959 2431 1051 2480 sibi
1091 2450 1224 2480 .xxx.
1253 2431 1467 2480 florenos
1515 2445 1608 2494 pro
1657 2432 1905 2496 expensiS‚
1954 2430 2085 2495 quod
2122 2431 2212 2481 fuit
2248 2445 2420 2481 con-2⁶

211 2521 389 2565 tentus,
462 2516 619 2565 Etiam
656 2516 898 2565 Iohannes
936 2515 1243 2565 Pfess'erkorn
1281 2520 1425 2564 natus
1464 2522 1536 2564 est
1572 2514 1702 2565 bona
1740 2517 1992 2580 progenie,
2034 2515 2131 2564 Sed
2170 2515 2364 2579 quando

215 2599 303 2648 fuit
339 2600 544 2665 IudeuS,
594 2601 685 2649 fuit
723 2602 846 2649 sicut
884 2599 965 2649 alii
1003 2599 1154 2664 ludei.
1231 2599 1377 2657 Quia,
1426 2604 1480 2649 ut
1519 2600 1845 2650 communiter
1883 2599 2087 2656 dicitur,
2128 2600 2256 2659 „Qui
2294 2605 2367 2650 est
2442 2643 2445 2647 ,

214 2685 342 2733 inter
379 2683 545 2748 lupOS‚
586 2690 780 2748 oportet
817 2683 1008 2734 ululare
1049 2700 1161 2733 cum
1201 2682 1382 2748 lupis''.
1458 2684 1600 2734 Nunc
1638 2690 1801 2734 autem
1840 2684 2055 2735 comedit
2092 2698 2268 2733 carnes
2303 2683 2363 2733 de
2403 2711 2408 2713 -

214 2783 390 2831 porca,
442 2773 489 2817 et
535 2770 648 2817 facit
685 2769 808 2819 sicut
845 2768 1006 2819 honus
1045 2768 1380 2818 Christianus’.
1456 2768 1596 2818 Tunc
1634 2769 1888 2833 respondit
1924 2769 2098 2818 doctor
2135 2768 2362 2818 Murner:

216 2851 451 2901 ‘Comedit
485 2853 790 2902 Pfefferkorn
830 2854 973 2902 etiam
1012 2852 1310 2902 farcimina?’
1358 2852 1606 2917 Respondi
1653 2869 1768 2918 ego:
1823 2853 1948 2903 ‘Non
1993 2853 2091 2902 vidi
2129 2868 2240 2902 eum
2279 2865 2423 2902 ατο-3ο

214 2937 437 2994 medere,
486 2938 570 2986 sed
609 2939 1019 3002 presupponitur,
1069 2939 1108 2987 si
1158 2937 1370 2986 comedit
1416 2951 1620 3001 porcaS,
1670 2936 1801 3001 quod
1851 2939 2003 2988 etiam.
2036 2937 2247 2987 comedit
2283 2935 2363 2985 illa

216 3029 307 3084 que
346 3021 468 3070 fiunt
514 3022 574 3070 de
612 3022 807 3085 porcis’.
883 3021 1007 3070 Dixit
1048 3023 1176 3086 ipse:
1229 3021 1378 3070 ‘Bene
1417 3022 1681 3070 excusastis
1719 3021 1985 3072 Iohannem
2022 3018 2360 3078 Pfefferkorn’,

216 3111 264 3152 et
299 3106 636 3169 interrogavit,
677 3108 718 3156 si
756 3107 902 3155 etiam
941 3105 1101 3155 adhuc
1126 3105 1274 3154 habet
1299 3104 1466 3154 ambas
1491 3107 1650 3155 aures.
1726 3105 1975 3171 Respondi
2012 3105 2143 3171 quod
2169 3103 2364 3169 quando
2406 3128 2410 3131 -

217 3203 307 3251 ego
346 3188 505 3237 adhuc
542 3189 611 3238 fui
649 3189 874 3253 Colonie,
914 3189 1098 3248 habuit,
1140 3197 1188 3240 et
1226 3190 1374 3239 credo
1413 3190 1545 3254 quod
1584 3191 1728 3240 etiam
1764 3191 1860 3240 iam
1898 3190 2047 3240 habet
2083 3196 2132 3240 et
2168 3188 2366 3239 habebit

217 3271 264 3319 in
302 3277 541 3335 eternum.
616 3274 754 3323 Tunc
791 3274 936 3323 dixit:
997 3274 1129 3338 ‘quid
1166 3275 1343 3324 tenetis
1382 3274 1442 3323 de
1480 3274 1696 3323 Iohanne
1733 3272 2021 3324 Reuchlin‘?'
2085 3275 2191 3324 Dixi
2229 3272 2356 3339 quod
2372 3283 2417 3318 3⁵

217 3370 317 3403 non
355 3357 466 3404 novi
504 3372 640 3413 eum,
691 3358 775 3407 sed
813 3360 916 3408 scio
954 3357 1081 3407 bene
1119 3358 1250 3422 quod
1288 3357 1525 3421 Theologi
1564 3363 1611 3407 et
1647 3357 1865 3408 Ecclesia
1916 3360 2243 3408 communiter
2279 3357 2362 3407 ha-

216 3439 334 3488 bent
373 3455 483 3489 eum
521 3454 612 3503 pro
651 3441 883 3505 heretico,
924 3444 1034 3506 quia
1075 3444 1347 3492 criminavit
1384 3442 1652 3499 Iohannem
1676 3441 1985 3492 Pfefferkorn
2023 3449 2072 3493 et
2108 3442 2228 3492 alios
2252 3435 2362 3507 press·

331 3607 341 3632 ¹
375 3605 416 3661 P]
444 3639 452 3647 .
478 3610 517 3647 4.
530 3610 571 3648 5.
677 3605 696 3632 ²
724 3608 930 3657 Ioannes⁴
951 3614 993 3652 5.
1089 3610 1200 3651 Caes.
1225 3613 1265 3655 4.
1300 3610 1397 3664 Ces.
1420 3615 1460 3652 5.
1559 3611 1576 3637 ⁹
1608 3609 1642 3664 ἲ]
1666 3642 1677 3654 .
1700 3613 1790 3654 4.5.
1898 3611 1948 3638 Μ
1977 3610 2298 3665 aezlptogenieS.
2320 3611 2360 3649 4.

217 3678 253 3704 ¹⁰
282 3677 626 3718 Pari-hiriensis:
658 3679 698 3717 5.
779 3675 812 3702 ¹³
843 3680 1027 3719 Ioannis
1059 3684 1099 3719 5.
1167 3679 1203 3705 ¹⁶
1232 3680 1398 3720 Iudeos
1429 3684 1470 3720 5.
1543 3678 1577 3705 ¹⁷
1606 3710 1619 3729 ‚
1640 3682 1733 3722 Nos
1765 3684 1806 3725 4.
1842 3711 1851 3722 .
1873 3682 1966 3724 Nos
1996 3686 2037 3722 5.
2101 3679 2134 3707 ¹8
2166 3713 2175 3722 .
2197 3681 2288 3722 Vos
2318 3683 2358 3719 5.

215 3748 253 3774 ²⁰
284 3781 294 3792 .
316 3748 446 3789 Iudei
476 3751 516 3790 4.
620 3747 746 3788 Ιοῖιηί
774 3747 908 3790 Pfeff.
930 3753 970 3789 5.
1076 3747 1107 3773 ²¹
1141 3749 1259 3789 male
1291 3749 1405 3789 fecit
1425 3752 1468 3788 5.
1573 3748 1610 3775 ²³
1641 3752 1875 3804 Imponere
1897 3755 1939 3793 4.
2055 3749 2091 3776 ²⁴
2119 3751 2298 3791 Inuidia
2319 3751 2360 3790 4.

217 3850 228 3871 ,
251 3823 362 3859 tunc
384 3821 425 3859 4.
503 3818 540 3845 ²⁶
570 3819 732 3859 Ioanes
753 3821 792 3859 5.
871 3850 881 3861 .
906 3818 994 3859 Sed
1016 3822 1056 3859 5.
1143 3815 1177 3842 3¹
1212 3847 1222 3867 ,
1247 3817 1338 3857 Sed
1370 3821 1409 3859 4.
1443 3849 1452 3859 .
1477 3817 1567 3859 Sed
1597 3823 1638 3860 5.
1728 3820 1765 3847 ³²
1795 3822 1965 3863 Ioanne
1993 3821 2177 3863 Pfeffer.
2200 3833 2217 3864 2
2241 3824 2288 3863 5.
2319 3824 2361 3859 et

215 3893 277 3930 sic
307 3889 371 3929 bis
398 3891 539 3942 paullo
566 3895 682 3942 post.
769 3886 806 3913 ³⁵
835 3888 1008 3929 Ioanne
1040 3891 1080 3928 5.
1167 3884 1206 3938 ·?]
1235 3920 1244 3929 .
1269 3890 1308 3930 4.
1322 3891 1361 3928 5.
