2456 4264
258 265 788 322 07.[A1²1’.5.]u01.1,131311
810 279 958 310 s‘rncn
979 281 1038 310 nn
1061 279 1308 312 caunum.
1367 267 2027 325 68.[A1›1².6.]1011.‘r131·roms.
2095 258 2216 318 297

28 399 218 475 diam
264 411 537 462 examinavi
566 409 834 476 speculum
885 410 1127 462 Reuchlin
1176 418 1222 462 et
1268 413 1373 462 eius
1411 412 1673 472 Gabalam,
1722 415 1848 464 sicut
1896 413 2025 466 bene
2071 417 2220 466 scitiS.

7 486 51 561 §J
94 504 114 542 >
166 501 229 554 ιιι
241 511 359 552 non
395 495 575 547 faciam
612 495 764 547 multa
801 496 975 547 verba:
1025 497 1084 548 Et
1121 512 1212 562 ego
1249 498 1373 548 nihil
1410 505 1554 550 teneo
1592 499 1652 549 de
1680 498 1919 558 -,Erasm0
1959 499 2080 559 Quia
2120 502 2222 566 ipse

0 591 117 659 ς(
181 582 411 633 inimicus
445 581 826 632 monachorum:
866 582 927 632 Et
964 582 1081 633 dicit
1117 583 1267 634 multa
1305 583 1431 634 mala
1470 585 1530 635 de
1570 586 1665 635 eis:
1706 590 1753 635 et
1790 586 1906 636 dicit
1943 587 2070 651 quod
2110 594 2223 637 sunt

57 664 108 713 ἲ,
146 689 205 714 .-.·;
266 668 405 726 asini,
445 673 493 718 et
530 667 701 718 odiunt
737 667 903 718 literas
939 668 1217 734 politiores:
1258 670 1320 719 Et
1355 670 1507 720 nichil
1545 672 1701 721 sciant
1736 672 1825 721 nisi
1865 672 2135 722 Comedere
2174 679 2223 722 et

0 678 22 830 Ξ
60 812 90 823 ‚7
240 776 244 783 =
293 759 342 804 et
375 752 593 819 psalmos
629 753 792 804 lirare.
868 754 1001 820 quod
1038 755 1143 819 ipse
1180 757 1415 806 mentitur
1453 757 1500 805 in
1527 755 1714 806 Collum
1740 771 1882 806 suum
1909 757 2103 823 quando
2129 756 2224 806 hoc

62 851 110 891 ⁴5
138 841 194 876 '=
278 838 432 889 Immo
469 840 574 905 ipse
611 845 684 890 est
721 854 849 890 unus
885 842 1074 891 asinus:
1125 842 1228 906 ipse
1267 845 1341 890 est
1376 840 1538 892 bonus
1586 840 1819 900 latinista,
1869 848 1916 892 et
1962 843 2054 892 scit
2099 841 2223 892 bene

69 927 72 954 ³
135 925 347 983 'izare,
387 923 507 975 alias
542 925 694 975 nichil
732 926 838 974 scit.
914 925 1023 990 Ipse
1063 925 1178 976 fecit
1213 925 1394 976 multos
1430 925 1610 984 libros,
1648 928 1905 991 presertim
1943 942 2088 977 unam
2128 927 2222 977 Na-

71 1076 73 1079 v
119 1032 168 1057 ..;
215 1009 507 1061 stultiferam
546 1016 595 1062 et
630 1017 965 1062 commentum
1003 1026 1153 1076 super
1191 1011 1555 1067 Hieronimum,
1606 1012 1654 1061 in
1703 1011 1879 1077 quibus
1929 1014 2034 1078 ipse
2074 1012 2225 1061 nichil

225 1111 373 1162 quam
410 1097 541 1162 quod
580 1096 795 1150 stimulat
831 1096 1110 1162 religiosos:
1158 1112 1249 1162 per
1285 1097 1433 1148 deum
1473 1111 1565 1162 ego
1603 1096 1711 1147 dico
1751 1097 1863 1156 sibi,
1913 1099 1952 1147 si
1990 1113 2086 1147 non
2125 1096 2227 1147 vult

16 1197 26 1234 ς
71 1170 115 1203 ‘7
130 1170 157 1187 ⁸
214 1197 273 1233 e
308 1180 371 1232 ab
407 1181 525 1239 illis,
567 1187 683 1232 tunc
718 1181 945 1234 volumus
981 1181 1075 1232 sibi
1111 1182 1274 1232 facere
1312 1183 1439 1233 sicut
1474 1180 1730 1240 Reuchlin,
1771 1184 1914 1233 etiam
1952 1183 1992 1232 si
2031 1188 2226 1233 centum

78 1252 153 1262 '¹
171 1281 174 1312 ι
205 1291 222 1312 a
274 1273 405 1320 esset
450 1273 682 1335 acceptus
730 1269 860 1335 apud
899 1269 1081 1334 Papam
1131 1274 1179 1318 et
1214 1267 1399 1332 Regem
1437 1267 1699 1318 Kar-olum.
1748 1268 1843 1319 Sed
1893 1283 1984 1318 nos
2022 1267 2228 1318 vidimus

20 1334 328 1420 Μίδαι
350 1353 595 1420 superbos
630 1355 759 1404 sicut
793 1356 900 1420 ipse
938 1359 1026 1412 est,
1068 1360 1116 1405 et
1152 1359 1317 1405 tamen
1355 1354 1717 1420 suppressimus
1754 1369 1853 1404 eos.
1929 1353 2032 1419 Ego
2071 1353 2228 1404 dicam

56 1439 138 1471 ·“
196 1438 469 1508 aliquid‚
518 1440 606 1492 sed
653 1455 754 1490 non
801 1439 993 1491 debetis
1039 1439 1192 1490 michi
1242 1440 1339 1490 hoc
1386 1440 1687 1505 postdicere‚
1737 1438 1853 1490 alias
1891 1438 2113 1489 diabolus
2152 1454 2230 1489 me

73 1583 95 1597 s
256 1530 427 1578 *zen-et
474 1525 705 1593 Magister
751 1531 920 1577 noster
969 1525 1179 1576 Iacobus
1215 1525 1482 1576 Hochstrat
1519 1531 1566 1577 et
1603 1540 1772 1576 omnes
1810 1526 2026 1590 magistri
2075 1526 2231 1575 nostri

169 1613 220 1658 ἁ»
265 1634 269 1657 ε
298 1613 364 1662 ‘a
401 1617 451 1664 et
486 1613 539 1663 iu
577 1611 837 1663 Cantabria
874 1611 944 1662 illi
983 1613 1262 1664 examinant
1298 1612 1395 1662 iam
1435 1617 1767 1663 commentum
1807 1626 1956 1676 super
1993 1610 2231 1677 Hierony-

53 1701 85 1767 ,ἕξ
116 1698 239 1763 ’·,
282 1702 332 1749 'et
362 1698 504 1748 'sicut
552 1713 644 1764 ego
693 1698 864 1755 audio,
911 1705 1029 1750 tunc
1077 1699 1182 1764 ipse
1219 1697 1431 1764 pessime
1469 1697 1639 1755 stabit;
1690 1713 1779 1764 ego
1817 1713 1917 1747 non
1954 1698 2231 1763 acciperem

60 1805 90 1854 3
111 1775 154 1930 ἦ,
204 1805 259 1829 ιιιι
317 1781 537 1835 florenos
585 1784 716 1850 quod
761 1783 999 1835 haberem
1047 1785 1144 1834 hoc
1189 1785 1239 1833 in
1287 1784 1398 1835 loco
1437 1799 1552 1834 suo:
1603 1785 1715 1850 quia
1754 1784 1923 1834 dicunt
1959 1782 2090 1849 quod
2130 1783 2233 1848 ipse

59 1864 84 1893 ¹³
124 1875 126 1877 ’
178 1867 383 1922 mlbm
419 1871 676 1921 seminavit
711 1872 972 1928 zizaniam;
1025 1876 1073 1920 et
1119 1875 1260 1936 putat
1307 1870 1439 1936 quod
1484 1885 1630 1920 nemo
1678 1869 1854 1920 debeat
1899 1868 1994 1918 hoc
2040 1873 2230 1919 notare.

143 1956 430 2022 'magistri
466 1957 623 2007 nostri
660 1971 759 2007 non
807 1962 921 2007 sunt
968 1963 1065 2006 tam
1112 1955 1272 2015 stulti,
1320 1955 1418 2006 Sed
1464 1956 1557 2021 ipsi
1602 1955 1730 2006 bene
1776 1955 1934 2006 sciunt
1978 1953 2062 2004 ubi
2109 1954 2235 2004 iacet

297 2042 348 2094 in
384 2041 542 2094 herba
583 2044 653 2110 (ut
688 2042 964 2093 Alexander
1001 2041 1099 2108 ait).
1174 2042 1278 2106 Ego
1316 2056 1414 2091 non
1464 2042 1599 2107 potui
1645 2042 1805 2091 omnia
1854 2041 2092 2091 retinere:
2146 2038 2232 2090 sed

64 1544 77 1563 ἱ,
94 1527 98 1530 Δ
131 1526 170 1542 A

18 1969 193 2129 'Vh‘

71 2182 75 2186 ,
190 2151 213 2168 ..
243 2149 246 2155 ·
273 2127 435 2180 adhuc
472 2129 592 2186 scio,
633 2130 747 2194 quia
785 2128 901 2179 dicit
938 2127 1068 2194 quod
1107 2134 1305 2189 sanctus
1343 2127 1659 2178 Hieronimus
1696 2141 1793 2176 non
1833 2126 1924 2176 fuit
1948 2123 2231 2182 cardinalis„

42 2259 96 2292 ,ἓ
119 2282 123 2286 ¹
243 2214 418 2280 ntique
456 2219 530 2266 est
567 2214 756 2265 crimen
793 2213 891 2280 lese
930 2215 1220 2273 maiestatis,
1271 2219 1318 2263 et
1364 2211 1490 2263 male
1528 2213 1675 2263 sentit
1711 2212 1771 2263 (le
1809 2216 1978 2261 sancto
2016 2210 2230 2274 Georgio

0 2316 16 2322 ·
79 2357 82 2363 ,
137 2293 491 2358 ’ῦιήεῑοῐθιω
540 2306 590 2351 et
636 2299 857 2365 reliquiis
892 2306 1183 2351 sanctorum
1235 2305 1284 2349 et
1321 2298 1560 2354 candelis,
1610 2303 1657 2348 et
1703 2297 1763 2347 de
1802 2296 2108 2347 consessione
2145 2295 2232 2345 Sa-

46 2379 391 2446 mentali:
429 2387 577 2437 etiam
615 2387 665 2437 in
702 2386 868 2437 multis
905 2385 1027 2436 locis
1063 2384 1396 2452 blasphemat,
1449 2384 1561 2448 quia
1601 2381 1817 2448 loquitur
1855 2387 2023 2432 contra
2063 2381 2234 2433 docto-

24 2475 188 2526 'm
221 2476 447 2523 sanctum
484 2478 534 2523 et
570 2478 741 2523 contra
780 2472 1034 2523 doctorem
1073 2470 1317 2522 subtilem.
1394 2470 1455 2520 Et
1492 2470 1608 2520 dicit
1644 2468 1775 2535 quod
1802 2466 2066 2532 Theologia
2105 2467 2234 2533 ipso·

46 2545 375 2630 ,suh-nichil
411 2558 503 2608 sit:
551 2572 647 2624 que
695 2559 859 2608 omnia
907 2557 1129 2622 magistri
1175 2558 1331 2607 nostri
1369 2556 1678 2621 scripserunt
1715 2556 1763 2604 in
1801 2568 1952 2604 unum
1991 2552 2233 2609 volumen,

79 2646 133 2694 et
165 2636 335 2695 volunt
370 2658 484 2695 eum
522 2642 828 2695 confundere
866 2645 994 2694 sicut
1030 2643 1326 2708 hereticum,
1366 2644 1493 2692 sicut
1531 2640 1754 2691 fecerunt
1790 2640 1962 2690 loanni
1999 2636 2234 2688 Wessalia

50 2720 133 2780 “h
165 2725 428 2794 Haguntia.
503 2727 565 2779 Et
610 2730 651 2778 si
701 2728 805 2779 vult
849 2728 1056 2780 multum
1104 2727 1344 2779 relatrare
1393 2732 1441 2778 et
1487 2727 1749 2777 invectivas
1795 2723 2015 2776 scribere
2066 2728 2237 2773 contra

81 2801 192 2874 ὼε,
227 2819 349 2866 tunc
384 2813 554 2865 volunt
590 2820 852 2880 expectare
891 2830 1047 2881 usque
1085 2819 1197 2880 post
1234 2819 1445 2863 mortem
1484 2813 1616 2870 eius,
1665 2810 1725 2862 Et
1762 2818 1878 2861 tunc
1914 2807 2083 2859 volunt
2120 2822 2237 2859 con-

0 2896 318 2951 maenum
355 2914 528 2951 omnes
565 2898 719 2950 libros
756 2901 877 2950 eius,
953 2899 1036 2951 llla
1078 2905 1152 2950 est
1189 2900 1285 2949 iam
1325 2898 1540 2965 practica
1580 2896 1709 2963 apud
1738 2897 1996 2960 magistros
2022 2899 2234 2945 nostros,

81 2982 143 3038 a
174 2985 289 3054 quia
326 2987 476 3037 etiam
513 2983 724 3036 libenter
761 2984 938 3036 auditis
985 2986 1247 3042 novitates,
1298 2983 1486 3034 debetis
1533 2984 1684 3040 scire,
1733 2981 1864 3047 quod
1903 2981 2100 3031 Fratres
2148 2980 2234 3029 mi·

79 3071 231 3124 notes
265 3070 451 3123 debent
485 3071 581 3120 iam
619 3069 805 3122 habere
852 3069 1133 3136 generalem
1184 3070 1244 3121 de
1286 3069 1633 3125 observantia,
1683 3067 1812 3133 quod
1852 3068 2240 3132 impetraverunt

55 3154 174 3224 ’ἳῇ
218 3156 270 3207 ίιι
308 3155 453 3207 Curia
503 3170 595 3221 pro
624 3159 724 3210 .16.
754 3154 885 3207 Mille
932 3156 1135 3206 ducatis,
1212 3155 1272 3206 Et
1310 3153 1545 3206 Moniales
1592 3152 1651 3203 ad
1692 3158 1907 3202 sanctam
1947 3149 2137 3202 Claram
2178 3150 2238 3200 de

81 3239 257 3293 ordine
302 3239 547 3291 Minorum
596 3239 735 3292 valde
779 3242 951 3292 timent
997 3256 1059 3291 ne
1106 3241 1463 3296 reformentur.
1515 3243 1564 3289 et
1611 3237 1839 3303 quicquid
1889 3235 2095 3293 liabent.
2144 3234 2239 3285 hoc

29 3324 259 3393 §figunt
304 3327 354 3377 in
392 3325 642 3377 Civitatem
693 3331 742 3376 et
787 3326 947 3376 iacent
992 3324 1339 3376 miserabiliter
1377 3324 1423 3374 in
1463 3321 1779 3373 scaminibus.
1855 3320 2013 3386 Aliqui
2052 3319 2237 3378 dicunt,

67 3409 215 3481 *οὐ
253 3411 431 3463 doctor
468 3409 671 3461 Murner
709 3409 857 3461 habet
893 3426 999 3461 rem
1038 3426 1148 3461 cum
1190 3410 1330 3475 ipsis:
1380 3409 1464 3459 sed
1504 3408 1598 3458 hoc
1635 3423 1733 3457 non
1772 3413 1845 3458 est
1881 3421 2075 3458 verum:
2124 3406 2235 3473 quia

80 3490 190 3565 fite
225 3502 300 3549 est
335 3494 571 3547 Enuchus
609 3500 865 3546 castratus.
940 3494 1035 3546 Sed
1085 3494 1144 3544 de
1197 3493 1302 3543 aliis
1350 3492 1589 3558 religiosis
1639 3506 1731 3557 ego
1770 3508 1867 3543 non
1907 3491 2035 3542 bene
2073 3491 2237 3548 credo,

53 3565 280 3651 'Quando
316 3582 388 3633 sic
426 3586 632 3631 currunt
669 3579 728 3630 ad
768 3596 865 3631 eas.
942 3578 1028 3629 Est
1075 3586 1298 3630 mortuus
1343 3578 1390 3628 in
1442 3579 1631 3629 civitate
1669 3593 1797 3629 unus
1835 3578 2120 3629 Curtisanus
2157 3575 2237 3641 qui

0 3725 1 3736 γ
79 3661 255 3719 munit
292 3666 392 3718 ‚22
433 3665 670 3718 beneficia
710 3666 936 3732 pinguia,
987 3671 1035 3715 et
1071 3670 1215 3730 poete
1252 3664 1334 3731 qui
1373 3669 1487 3715 sunt
1523 3662 1618 3721 ibi,
1670 3664 1855 3715 faciunt
1891 3661 2040 3714 multa
2079 3667 2233 3711 metra

0 3755 1 3774 l
101 3766 114 3788 ι
126 3765 131 3773 .

122 3892 126 3898 ,
198 3850 218 3879 ⁴
253 3851 522 3896 Politiozes:
554 3854 600 3892 5.
714 3850 730 3877 '³
769 3881 780 3892 .
802 3850 853 3891 1n
885 3855 925 3892 5.
1035 3850 1069 3878 ¹³
1100 3851 1198 3906 post
1235 3850 1388 3893 dicere
1420 3854 1462 3892 5.
1577 3848 1612 3877 ¹⁴
1653 3880 1663 3890 .
1688 3853 1754 3906 et}
1784 3852 1826 3890 5.
1943 3845 1977 3872 ¹⁷
2017 3842 2163 3885 inloco
2193 3843 2234 3882 5.

87 3918 128 3950 ⁸
154 3937 168 3966 ε
189 3927 237 3965 et
265 3924 313 3964 in
341 3925 383 3965 5.
467 3921 504 3948 ²⁸
535 3918 635 3962 vult
663 3921 705 3961 5.
793 3919 830 3946 ³⁹
862 3918 964 3975 ,221
998 3932 1062 3966 αὶ.
1083 3926 1126 3966 5.
1149 3922 1285 3964 etiam
1317 3923 1590 3964 ree-entiores.
