2456 4264
341 291 446 321 v01..
469 291 502 318 1,
564 283 619 321 14.
642 289 835 318 10ANN1s
857 289 1101 321 KRABACH.
1190 284 1245 322 15.
1269 290 1535 320 GUILHELm
1559 292 2026 327 scunnscnmrrssnn.
2192 274 2271 332 23

245 420 362 470 Fuit
396 419 479 469 hic
516 421 729 470 nuncius
767 421 851 485 qui
888 421 1103 485 portavit
1140 434 1263 469 nova
1303 434 1397 484 que
1436 425 1550 470 sunt
1587 420 1712 470 mala
1753 423 1795 470 si
1833 428 1948 472 sunt
1972 440 2101 481 vera,
2143 428 2274 491 quod

107 521 253 558 causa
297 510 458 555 vestra
502 519 605 554 non
651 504 780 555 bene
818 509 913 555 stat
948 505 1000 552 in
1049 505 1185 554 curia
1232 519 1462 562 romana3
1512 506 1597 555 sed
1648 520 1739 570 ego
1787 522 1887 556 non
1937 510 2112 567 credo,
2162 512 2275 575 quia

106 592 184 643 isti
217 591 386 640 nuncii
421 590 591 640 dicunt
629 591 775 639 etiam
813 589 967 639 multa
1006 590 1279 639 mendacia.
1331 596 1475 655 poete
1503 590 1630 641 hene
1656 599 1970 643 murmurant
1996 594 2075 644 hic
2102 602 2272 646 contra

104 691 218 735 voe,
256 680 304 726 et
341 675 515 725 dicunt
551 675 684 740 quod
722 673 890 724 volunt
929 674 1196 724 defendere
1235 673 1492 726 doctorem
1519 676 1763 727 Reuchlin
1803 694 1915 728 cum
1954 681 2056 729 suis
2095 681 2272 729 carmi-

46 783 75 825 ⁸
106 761 275 817 nibus;
313 760 401 810 sed
439 761 553 825 quia
592 775 680 809 vos
713 761 861 810 etiam
902 760 1016 809 estis
1053 766 1199 824 poeta
1239 761 1434 825 quando
1472 760 1639 819 vultis,
1681 763 1831 812 credo
1859 765 1990 829 quod
2015 764 2143 815 hene
2170 782 2272 816 ma-

101 845 279 896 nubitis
326 859 415 910 pre
463 845 598 909 ipsis,
673 845 858 895 Tamen
906 844 1102 894 debetis
1147 845 1266 895 mihi
1314 845 1537 896 scribere
1575 848 1823 912 quomodo
1862 854 1956 898 stat
1993 852 2270 914 negocium.

70 931 146 986 ,εἰ
178 935 298 981 tunc
333 944 537 994 possum
575 930 806 980 adiuvare
848 946 955 986 vos,
1006 936 1125 980 tunc
1173 931 1418 980 habebitis
1465 947 1546 981 me
1579 931 1782 998 fidelem
1820 934 2011 983 socium
2051 940 2099 984 et
2135 936 2272 984 adiu-

25 1034 65 1182 ³}
102 1020 275 1066 torem.
348 1012 515 1064 Valete
553 1030 614 1065 ex
651 1014 994 1079 Nurenberga.

42 1191 79 1241 Ur·

30 1390 87 1444 10
541 1367 1041 1431 Gruilhelmus
1092 1368 1828 1432 Scherscleifferius

1002 1484 1212 1535 salutem
1252 1485 1368 1534 dicit

40 1564 58 1671 l·
845 1580 1179 1651 Magistro
1220 1582 1532 1636 OrtvinO.

41 1674 52 1722 ³⁸
235 1696 386 1747 Valde
422 1698 594 1754 miror,
637 1696 932 1748 venerabilis
961 1699 1044 1755 vir,
1074 1714 1229 1763 quare
1254 1698 1375 1748 mihi
1403 1715 1501 1747 non
1530 1699 1758 1757 scribitiS,
1800 1706 1846 1749 et
1873 1706 2035 1750 tamen
2063 1700 2274 1750 scribitis

52 1827 57 1829 .
94 1781 203 1834 aliis
237 1783 322 1848 qui
359 1797 460 1832 non
499 1781 726 1832 scribunt
765 1782 901 1833 vobis
940 1784 1004 1832 ita
1045 1798 1161 1848 sepe
1199 1784 1330 1833 sicut
1369 1799 1461 1848 ego
1501 1784 1666 1834 scribo
1705 1785 1860 1834 vobis,
1938 1786 1988 1835 Si
2028 1787 2143 1835 estis
2181 1787 2270 1834 ini-

24 1854 254 1956 {micus
303 1883 446 1918 meus
483 1867 616 1932 quod
661 1883 764 1917 non
811 1867 957 1918 vultis
1004 1869 1123 1918 mihi
1171 1868 1383 1935 amplius
1431 1869 1679 1927 scribere,
1732 1878 1849 1919 tunc
1887 1870 2114 1920 scribatis
2152 1871 2273 1919 mihi

39 1979 53 2020 «ρ
93 1960 255 2006 tamen
292 1968 447 2018 quare
483 1968 585 2002 non
623 1952 767 2004 vultis
804 1954 926 2003 mihi
974 1953 1183 2018 amplius
1222 1954 1470 2011 scribere,
1521 1961 1575 2004 ut
1622 1957 1774 2005 sciam
1822 1972 1976 2020 quare
2014 1956 2134 2005 mihi
2171 1971 2272 2005 non

37 2021 331 2162 {scribitiffi
383 2054 498 2088 cum
546 2054 638 2103 ego
686 2053 886 2104 semper
933 2037 1101 2088 scribo
1153 2039 1313 2096 vobiS‚
1362 2041 1490 2090 sicut
1536 2042 1683 2090 etiam
1731 2056 1866 2090 nunc
1912 2040 2077 2090 scribo
2116 2041 2270 2097 vobiS‚
2325 2099 2333 2104 ,

7 2133 16 2136 ’
49 2140 57 2176 f
90 2125 315 2191 quamvis
351 2124 454 2174 scio
493 2124 627 2188 quod
665 2139 764 2173 non
813 2123 949 2173 eritis
986 2123 1107 2172 mihi
1144 2124 1439 2174 rescribere.
1516 2112 1866 2175 Verumtamen
1906 2141 1996 2175 oro
2037 2142 2121 2175 vos
2159 2141 2270 2190 pre-

37 2169 375 2290 fcordialiter
421 2209 554 2274 quod
602 2207 754 2259 velitis
800 2209 919 2258 mihi
966 2214 1129 2258 tamen
1175 2209 1423 2266 scribere,
1484 2215 1532 2260 et
1579 2211 1775 2275 quando
1815 2210 1968 2261 semel
2006 2211 2271 2275 scripsistis

36 2293 229 2359 bmihi,
267 2300 386 2344 tunc
424 2307 517 2358 ego
555 2293 664 2343 volo
703 2293 839 2344 vobis
877 2295 1040 2344 decies
1078 2294 1315 2352 scribere,
1355 2296 1468 2360 quia
1504 2295 1716 2346 libenter
1742 2296 1906 2346 scribo
1934 2297 2103 2346 amicis
2129 2298 2269 2353 meis

94 2385 144 2431 ct
176 2379 287 2430 volo
332 2395 414 2430 me
450 2381 725 2430 exercitare
763 2381 835 2428 irr
852 2379 1145 2437 scribendO,
1195 2382 1261 2429 ita
1300 2381 1432 2445 quod
1472 2396 1675 2445 possum
1716 2381 1969 2445 eleganter
2009 2382 2270 2430 dictamina

37 2448 53 2509 ‘i
93 2470 144 2516 ct
186 2464 419 2531 epistolas
468 2465 708 2516 scribere.
785 2479 877 2529 ego
923 2480 1023 2514 non
1071 2480 1275 2528 possum
1325 2467 1544 2530 cogitare
1593 2467 1710 2531 quid
1750 2473 1823 2516 est
1860 2468 1910 2516 in
1951 2482 2095 2516 causa
2136 2468 2270 2531 quod

42 2570 47 2609 τ
93 2565 193 2602 non
238 2550 450 2601 scribitis
496 2551 632 2600 mihi.
708 2550 770 2600 Et
815 2555 1115 2614 conquestus
1165 2566 1273 2601 sum
1325 2566 1485 2615 nuper
1525 2553 1722 2615 quando
1761 2552 1844 2601 hic
1882 2552 2085 2603 suerunt
2123 2552 2270 2617 aliqui

36 2634 424 2710 j-ssssolonienses,
465 2642 514 2687 et
550 2637 875 2700 interrogavi:
917 2636 1060 2695 ‘Quid
1101 2637 1217 2685 facit
1253 2642 1418 2686 tamen
1456 2639 1690 2701 magister
1718 2638 1966 2695 Ortvinus,
2009 2638 2141 2702 quod
2170 2654 2269 2687 non

37 2719 267 2781 {scribit
301 2721 451 2771 mihi?
487 2723 594 2786 ipse
631 2737 731 2771 non
770 2722 967 2785 scripsit
992 2721 1111 2771 mihi
1135 2723 1188 2770 in
1215 2722 1410 2772 duobus
1437 2725 1605 2780 annis3
1647 2724 1819 2774 dicatis
1856 2730 2021 2774 tamen
2058 2725 2101 2774 ei
2137 2724 2270 2789 quod

94 2805 281 2859 suffibat
302 2806 448 2866 mihi,
487 2809 602 2872 quia
628 2806 861 2857 libentius
887 2807 1063 2858 vellem
1091 2823 1205 2858 suas
1231 2806 1420 2858 litteras
1446 2808 1630 2874 legere,
1672 2825 1819 2874 quam
1847 2808 1948 2859 mel
1976 2810 2267 2865 comedere;

44 2887 45 2891 ’
94 2897 144 2943 et
175 2893 284 2959 ipse
321 2892 413 2943 ruit
449 2891 566 2942 olim
604 2893 791 2943 amicus
816 2891 1134 2957 principalis’.
1205 2893 1266 2943 Et
1291 2894 1591 2959 interrogavi
1628 2895 1773 2944 etiam
1809 2895 2058 2959 quomodo
2095 2896 2271 2944 transit

94 2976 231 3029 vobis
276 2978 325 3028 in
373 2976 453 3028 illa
500 2977 585 3028 lite
630 2993 742 3028 cum
782 2978 986 3028 doctore
1023 2977 1284 3029 Reuchlin.
1360 2980 1501 3029 Tunc
1539 2980 1771 3030 dixerunt
1809 2980 1941 3045 quod
1980 2978 2059 3028 ille
2098 2980 2291 3038 iuristav

93 3063 185 3114 scit
228 3078 314 3113 vos
361 3062 737 3114 circumducere
785 3079 898 3113 cum
946 3079 1034 3114 sua
1084 3070 1204 3114 arte.
1281 3064 1421 3114 Tunc
1476 3067 1635 3130 optavi
1687 3065 1817 3128 quod
1867 3065 2098 3114 dominus
2148 3065 2269 3114 deus

38 3146 212 3219 prelii.
245 3148 365 3199 dare
405 3147 542 3199 vobis
578 3164 718 3199 suam
758 3150 963 3213 gratiam
1003 3150 1135 3214 quod
1175 3151 1311 3200 eritis
1350 3152 1521 3200 victor.
1599 3151 1639 3199 si
1687 3149 1830 3200 vultis
1868 3149 1987 3199 mihi
2026 3149 2266 3208 scribere,

41 3220 60 3306 :a
93 3237 211 3285 tunc
255 3235 402 3285 etiam
439 3233 628 3285 debetis
665 3234 787 3284 mihi
826 3234 886 3284 de
925 3233 1007 3283 illo
1045 3234 1295 3292 scribere,
1348 3237 1460 3299 quia
1503 3235 1674 3285 vellem
1715 3234 1927 3285 libenter
1966 3236 2108 3287 scire.
2183 3236 2266 3285 Isti

42 3317 260 3391 sulm-iste
298 3318 482 3370 vadunt
517 3319 598 3369 hic
636 3326 687 3369 et
723 3320 916 3370 dicunt:
959 3320 1158 3370 ‘Doctor
1184 3320 1429 3370 Reuchlin
1469 3321 1621 3371 habet
1657 3321 1845 3370 bonum
1886 3322 2177 3385 negocium,
2220 3327 2267 3369 et

43 3409 71 3460 ’9
94 3400 329 3469 Theologi
376 3405 429 3453 in
468 3403 670 3455 Colonia
719 3405 943 3454 fecerunt
982 3407 1027 3455 ei
1064 3406 1326 3456 iniuriam’.
1402 3407 1463 3456 Et
1503 3422 1591 3470 per
1630 3406 1777 3456 deum
1819 3421 1909 3470 ego
1950 3407 2098 3455 timeo
2133 3406 2265 3469 quod

89 3478 300 3540 ecclesia
348 3495 511 3554 potest
555 3490 605 3539 in
663 3490 950 3540 scandalum
1003 3491 1194 3547 venire,
1252 3493 1292 3541 si
1339 3491 1420 3542 ille
1458 3491 1584 3541 liber
1624 3490 1889 3556 Speculum
1930 3490 2129 3540 oculare
2168 3506 2265 3539 nou

96 3571 419 3631 comburitur,
461 3575 573 3639 quia
612 3574 763 3625 habet
796 3575 976 3625 multas
1003 3577 1367 3641 propositiones
1394 3576 1806 3634 irreverentialeS‚
1849 3584 1896 3626 et
1923 3582 2091 3626 contra
2120 3575 2263 3624 iidem

94 3657 397 3709 catholicam,
474 3659 535 3709 Et
572 3661 613 3709 si
652 3676 751 3709 non
791 3662 983 3725 cogitur
1020 3659 1102 3710 ille
1140 3661 1307 3710 iurista
1348 3662 1410 3710 ad
1448 3663 1829 3718 revocationem,
1872 3668 1987 3711 tunc
2015 3661 2092 3709 alii
2121 3661 2263 3709 ctiam

96 3742 350 3794 tentabunt
377 3746 448 3794 sic
477 3746 697 3795 scribere
725 3747 773 3795 in
800 3745 1086 3810 Theologia,
1129 3748 1347 3810 quamvis
1374 3763 1471 3795 non
1500 3748 1676 3806 sciunt,
1707 3754 1749 3796 ct
1780 3763 1941 3811 neque
1970 3745 2265 3794 studuerunt

209 3925 239 3953 ¹¹
273 3929 387 3970 SA).
412 3932 533 3972 1...3.
608 3929 640 3955 ¹²
674 3931 732 3970 M.
759 3933 880 3971 1...3.
958 3928 995 3955 ²⁷
1028 3930 1345 3983 Eoepectcweris
1377 3931 1485 3971 mihi
1513 3937 1612 3984 post
1645 3932 1745 3984 ipso
1776 3935 1851 3971 (1ch
1871 3941 1997 3970 meus
2016 3933 2117 3981 post
2138 3925 2259 3966 olim.
