2456 4264
565 275 712 304 INDEX.
730 273 892 303 EORVM
915 273 1018 309 QVAE.
1040 273 1131 302 HOC
1153 273 1396 303 VOLVMINE
1421 273 1767 304 CONTINENTVR.

144 463 355 514 Litteroe
379 463 603 513 Adriani
623 464 876 512 Florentii
909 463 972 511 de
1002 461 1239 512 Traiecto
1277 465 1348 512 ad
1386 464 1708 534 Cardinalem
1744 478 1782 512 s.
1825 466 1992 513 crucis

412 550 476 598 de
512 549 788 599 Reuchlini
818 549 965 598 libris
1003 549 1243 598 delendis.
1286 550 1337 598 d.
1372 554 1446 599 16.
1476 550 1606 599 Mai.
1635 563 1684 599 a.
1718 555 1860 599 1515.

141 635 278 686 Nota
303 635 647 699 Pepericorni.
709 635 1077 701 Consummatio
1102 635 1343 685 historice.
1385 635 1706 711 Protestatio.
1761 635 1989 685 Summa-

409 723 543 771 rium
581 722 733 771 totius
768 722 974 782 neyotii.
1060 758 1709 772 ........
1719 748 1732 759 ·
1791 760 1801 771 .
1882 759 1893 771 .
1974 759 1986 771 .
2028 727 2154 771 153...

143 807 220 856 Be
255 807 496 870 Epistolis
536 806 868 879 obscurorum
906 809 1144 857 virorum.
1241 844 1985 858 .........
2029 813 2122 856 159.

142 893 479 955 Pepericorni
511 894 906 943 exclamationes
943 897 992 941 et
1029 892 1358 955 Expurqatio
1397 893 1659 954 infamiae,
1701 898 1749 942 et
1787 894 1989 953 Fiqura

409 980 640 1029 veritatis
663 978 997 1028 Reuchlinum
1022 992 1217 1041 semper
1247 978 1414 1039 fuisse
1450 993 1590 1028 reum
1629 980 1982 1039 oriqinarium.
2027 983 2156 1028 162...

142 1063 423 1128 Responsio
460 1065 533 1114 ad
567 1069 917 1126 aryumentum
944 1065 1348 1114 contendentium
1374 1065 1706 1119 Reuchlinum
1732 1078 1832 1113 non
1858 1078 1988 1113 com-

397 1152 629 1213 posuisse
666 1150 924 1213 Epistolas
965 1149 1303 1200 obscurorum
1351 1152 1608 1201 Virorum.
1694 1186 1706 1199 .
1786 1187 1797 1199 .
1877 1187 1889 1199 .
1970 1187 1981 1199 .
2027 1154 2138 1199 166..

142 1236 349 1286 Contra.
367 1249 451 1286 eos
484 1219 577 1299 oui
610 1236 787 1286 dicunt
811 1236 1206 1299 Pepericornum
1243 1251 1344 1286 non
1381 1250 1485 1287 esse
1522 1237 1729 1298 dionum
1755 1250 1867 1286 cum
1894 1250 1991 1298 quo

406 1322 719 1372 Reuchlinus
753 1326 913 1372 staret
947 1325 1054 1372 iuri
1054 1359 1981 1373 ...........
2027 1327 2154 1372 168...

138 1408 215 1457 De
248 1409 559 1471 capitalibus
596 1409 895 1471 quibusdam
932 1410 1211 1459 mendaciis
1247 1409 1535 1459 Reuchlini.
1602 1446 1614 1458 .
1694 1447 1705 1457 .
1785 1446 1796 1457 .
1876 1446 1887 1458 .
1969 1421 1981 1458 .’
2027 1414 2119 1456 170.

142 1493 385 1552 Quoedam
416 1495 693 1557 prophetia
729 1498 780 1543 et
814 1495 877 1543 de
913 1508 1042 1545 novo
1077 1496 1413 1558 proedicante.
1511 1532 1981 1544 ......
2027 1500 2120 1543 171.

141 1579 311 1638 Quare
344 1581 516 1630 Iudoei
547 1594 649 1631 non
686 1580 984 1642 efficiantur
1023 1581 1315 1631 Christiani.
1430 1617 1991 1631 .......

139 1665 215 1715 De
239 1667 619 1730 proedicatione
655 1681 688 1716 a
726 1668 1068 1730 Pepericorno
1107 1657 1453 1728 Francofurti
1485 1667 1678 1716 habita.

139 1752 215 1801 De
250 1753 474 1815 quadam
512 1755 729 1816 epistola
760 1752 1139 1814 >nefandissima
1177 1754 1452 1804 Reuchlini
1452 1791 1989 1803 .......

144 1837 291 1897 Quod
323 1839 434 1889 hoec
469 1840 802 1904 Pepericorni
835 1839 1077 1900 Defensio
1114 1854 1216 1889 non
1252 1842 1317 1889 sit
1345 1839 1555 1900 famosa
1560 1876 1989 1890 ......

135 1925 407 1975 Conclusio
442 1927 594 1975 totius
629 1926 762 1976 libri.
879 1963 1985 1976 .............
2029 1930 2124 1973 174.

139 2010 286 2060 Lima
321 2012 471 2060 lolius
507 2013 690 2073 operis.
733 2012 847 2076 Eyn
885 2012 1131 2076 duytsche
1167 2011 1490 2060 ProtestatiO.
1606 2048 1982 2060 .....
2026 2015 2122 2060 175.

106 2091 273 2160 {urm
309 2095 506 2160 iohanne
542 2091 799 2160 Reudjlins
835 2094 975 2163 tiitfd)
1023 2094 1196 2163 millius
1241 2097 1440 2146 matumb
1486 2095 1560 2146 bit
1594 2093 1757 2166 Julian
1797 2095 1837 2161 [u
1876 2097 1989 2158 lang

410 2181 474 2232 im
510 2180 650 2231 rumh
691 2181 803 2248 [inb.
846 2187 956 2230 1505
962 2219 1982 2233 ............
2028 2187 2155 2230 177...

108 2268 343 2316 Reuchlini
380 2282 450 2332 ep.
490 2270 544 2316 ad
582 2268 994 2331 Questembergum
1044 2270 1086 2316 d.
1126 2273 1194 2318 12.
1231 2272 1351 2333 Aug.
1392 2286 1429 2317 a.
1474 2271 1598 2316 1515.
1639 2269 1712 2330 (ex
1751 2265 1988 2347 Reuchlini

410 2340 542 2404 praef.
570 2341 625 2388 ad
651 2340 696 2388 S.
721 2341 937 2389 Athanas.
966 2344 1012 2388 in
1050 2338 1229 2406 psalm.)
1332 2377 1982 2389 ........
2025 2343 2120 2387 179.

70 2481 454 2531 EPISTOLARVM
491 2483 858 2533 OBSCVRORVM
895 2484 1140 2533 VIRORVM
1178 2484 1439 2532 VOLVMEN
1475 2484 1751 2532 ALTERVM.

14 2667 17 2669 ‚
70 2598 270 2662 Exempli
307 2600 467 2662 primae
505 2600 716 2647 editionis
752 2601 993 2662 inscriptio
999 2635 1988 2648 ............

71 2669 271 2733 Exempli
309 2671 518 2718 secundae
556 2672 769 2719 editionis
807 2672 1060 2734 inscriptio.
1159 2707 1536 2720 .....
1561 2723 1573 2730 ,
1615 2707 1989 2719 .....

72 2788 118 2838 1.
156 2782 399 2835 Iohannes
436 2782 588 2834 Labia
627 2782 829 2834 Ortvino
869 2784 1053 2834 Grati0.
1201 2785 1251 2833 in
1291 2782 1434 2834 Curia
1473 2784 1710 2834 Romana.
1790 2822 1801 2833 .
1881 2822 1892 2833 .
1973 2821 1983 2832 .
2030 2787 2155 2831 185...

209 2858 463 2907 Convivalis
499 2858 749 2920 disputatio
788 2874 870 2907 cur
907 2859 1122 2920 Magister
1153 2858 1371 2906 ‘Ortvinus
1410 2858 1619 2921 epistolis
1657 2859 1711 2904 ad
1750 2872 1798 2904 se
1838 2859 1988 2904 missis

211 2921 518 2978 Obscurorum
556 2930 768 2977 Virorum
804 2944 971 2977 nomen
1009 2931 1209 2986 dederit,
1260 2932 1353 2977 sive
1391 2946 1414 2978 a
1453 2931 1635 2977 nominc
1673 2930 1861 2991 proprio
1902 2929 1989 2975 Ob-

212 3015 474 3054 scurorum.
523 3003 615 3048 sive
665 3001 993 3050 obscuritatem
1033 3003 1224 3064 mystice
1262 3004 1615 3064 interpretatus,
1667 3002 1758 3046 sive
1796 3009 1989 3063 propter

126 3118 131 3123 .
211 3073 509 3120 humilitatem
546 3075 819 3120 contrariam
846 3073 1078 3121 Reuclnlini
1118 3074 1416 3126 inmodestiae‚
1456 3074 1533 3136 qui
1573 3073 1843 3134 ‘Epistolarc
1882 3075 1989 3119 ami-

211 3159 370 3191 corum
410 3158 596 3192 suorum
635 3146 882 3192 intitulavit
920 3145 1168 3208 „Epistolae
1195 3146 1430 3193 Clarorum
1455 3145 1711 3192 Virorum”.
1751 3145 1851 3206 lpse
1891 3144 1988 3190 Ort-

211 3215 340 3263 vinus
378 3229 527 3264 veram
566 3217 765 3264 nominis
804 3217 1027 3264 rationem
1066 3217 1320 3264 rescribere
1358 3224 1564 3279 rogatur.

70 3313 120 3364 2.
157 3309 399 3363 lohannes
436 3313 603 3380 Grapp
643 3313 861 3365 Ortvino.
1009 3315 1055 3364 in
1095 3313 1220 3364 urbe
1257 3314 1428 3365 Roma.
1517 3352 1983 3364 ......
2027 3319 2152 3362 187...

211 3386 350 3434 mittit
386 3402 472 3435 suo
510 3389 735 3451 quondam
774 3389 1047 3451 praeceptori
1087 3389 1341 3452 exemplum
1392 3390 1503 3436 artis
1552 3390 1743 3450 poeticoe
1783 3389 1983 3434 ‘Carmen

211 3459 447 3506 metricum
486 3461 532 3506 in
570 3460 830 3522 despectum
870 3460 1106 3508 Reuchlini
1145 3467 1191 3507 et
1227 3461 1666 3508 Reuchlinistarum’.

74 3555 120 3607 3.
158 3553 434 3620 Stephanus
471 3555 837 3606 Romedelantis
875 3555 1078 3606 Ortvino
1118 3558 1300 3607 Gratio.
1450 3557 1693 3608 Treveris.
1787 3595 1798 3607 .
1878 3595 1889 3607 .
1969 3595 1981 3607 .
2025 3564 2133 3606 180..

211 3629 272 3676 De
310 3631 494 3677 Thomae
521 3631 742 3683 Murneri,
781 3632 889 3678 varii
931 3632 1101 3693 ingenii
1142 3634 1359 3684 hominis,
1399 3631 1635 3678 Reuchlini
1676 3632 1881 3693 partibus
1923 3632 1985 3677 sa-

214 3702 360 3748 ventis
398 3700 629 3763 theologis
667 3703 1016 3750 Coloniensibus
1064 3704 1293 3765 sociisque
1342 3705 1506 3750 infensi
1554 3703 1712 3754 dictis,
1764 3704 1984 3764 imprimis

211 3769 510 3819 Pl'ell'erkorui
549 3774 773 3836 insignem
812 3775 1061 3836 nequitiam
1100 3775 1406 3836 maleficiaquc
1444 3774 1836 3836 exprobrantibus,
1875 3789 1983 3820 con-

215 3848 284 3889 tra
310 3858 410 3906 quae
436 3843 692 3906 Stephanus
719 3847 818 3892 cius
845 3847 1153 3898 honestatem.
1194 3847 1375 3908 generis
1415 3846 1722 3897 nobilitatem,
1763 3846 1892 3892 fidem
1933 3861 1982 3890 ac

214 3929 296 3975 pro
335 3914 559 3976 religione
597 3917 848 3964 Christiana
888 3917 1032 3964 zelum
1071 3918 1283 3965 audacter
1318 3918 1535 3964 defendit.

2156 270 2241 311 XV

2162 556 2244 598 152

2162 728 2245 770 159

2130 813 2243 857 ..162

2165 985 2245 1027 166

2146 1154 2244 1199 ,168
2322 1177 2324 1179 >

2161 1328 2245 1370 170
2338 1376 2343 1377 ⁷

2162 1414 2236 1455 171

2165 1500 2244 1542 172

2163 1587 2245 1628 172

2162 1672 2245 1714 172

2165 1758 2246 1800 173

2163 1844 2247 1886 173

2165 1930 2245 1971 175

2169 2016 2246 2057 176

2162 2186 2244 2228 179

2163 2344 2246 2387 180

2163 2602 2244 2644 183

2165 2674 2246 2716 184

2164 2788 2243 2830 187

2163 3318 2241 3360 189

2140 3562 2234 3605 ,191
