<?xml version="1.0" encoding="UTF-8"?>
<!DOCTYPE html PUBLIC "-//W3C//DTD XHTML 1.0 Transitional//EN"
    "http://www.w3.org/TR/xhtml1/DTD/xhtml1-transitional.dtd">
<html xmlns="http://www.w3.org/1999/xhtml" xml:lang="en" lang="en">
 <head>
  <title>
</title>
<meta http-equiv="Content-Type" content="text/html;charset=utf-8" />
  <meta name='ocr-system' content='tesseract 3.04.00' />
  <meta name='ocr-capabilities' content='ocr_page ocr_carea ocr_par ocr_line ocrx_word'/>
</head>
<body>
  <div class='ocr_page' id='page_1' title='image "./supoperaquaerepe01huttuoft_0155.png"; bbox 0 0 2456 4264; ppageno 0'>
   <div class='ocr_carea' id='block_1_1' title="bbox 282 249 2253 312">
    <p class='ocr_par' dir='ltr' id='par_1_1' title="bbox 282 249 2253 312">
     <span class='ocr_line' id='line_1_1' title="bbox 282 249 2253 312; baseline -0.003 -6"><span class='ocrx_word' id='word_1_1' title='bbox 282 276 506 312; x_wconf 64' lang='lat' dir='ltr'><strong><em>Qvoxono</em></strong></span> <span class='ocrx_word' id='word_1_2' title='bbox 529 275 771 306; x_wconf 74' lang='lat' dir='ltr'>SPROVLVM</span> <span class='ocrx_word' id='word_1_3' title='bbox 793 275 1006 305; x_wconf 71' lang='lat' dir='ltr'>OCVLARE</span> <span class='ocrx_word' id='word_1_4' title='bbox 1029 275 1213 304; x_wconf 69' lang='lat' dir='ltr'><strong>Panum</strong></span> <span class='ocrx_word' id='word_1_5' title='bbox 1232 272 1294 302; x_wconf 79' lang='lat' dir='ltr'><strong><em>AD</em></strong></span> <span class='ocrx_word' id='word_1_6' title='bbox 1316 273 1471 303; x_wconf 72' lang='lat' dir='ltr'>MANVS</span> <span class='ocrx_word' id='word_1_7' title='bbox 1494 274 1744 304; x_wconf 77' lang='lat' dir='ltr'>DOCTORVM</span> <span class='ocrx_word' id='word_1_8' title='bbox 1766 274 2077 304; x_wconf 72' lang='lat' dir='ltr'>PERVENERIT.</span> <span class='ocrx_word' id='word_1_9' title='bbox 2120 249 2198 306; x_wconf 76' lang='grc'><strong><em>11</em></strong></span> <span class='ocrx_word' id='word_1_10' title='bbox 2219 251 2253 307; x_wconf 81' lang='grc'>5</span> 
     </span>
    </p>
   </div>
   <div class='ocr_carea' id='block_1_2' title="bbox 0 403 2354 3018">
    <p class='ocr_par' dir='ltr' id='par_1_2' title="bbox 0 403 2354 3018">
     <span class='ocr_line' id='line_1_2' title="bbox 0 403 2260 471; baseline -0.002 -14"><span class='ocrx_word' id='word_1_11' title='bbox 0 403 3 460; x_wconf 69' lang='grc' dir='ltr'>ζ</span> <span class='ocrx_word' id='word_1_12' title='bbox 83 407 428 461; x_wconf 65' lang='lat' dir='ltr'><strong><em>coloniensem</em></strong></span> <span class='ocrx_word' id='word_1_13' title='bbox 452 419 558 471; x_wconf 83' lang='lat' dir='ltr'><strong><em>pro</em></strong></span> <span class='ocrx_word' id='word_1_14' title='bbox 584 418 675 454; x_wconf 91' lang='lat' dir='ltr'><strong><em>suo</em></strong></span> <span class='ocrx_word' id='word_1_15' title='bbox 709 405 918 454; x_wconf 91' lang='lat' dir='ltr'><strong><em>arbitrio</em></strong></span> <span class='ocrx_word' id='word_1_16' title='bbox 951 405 1004 453; x_wconf 90' lang='lat' dir='ltr'><strong><em>in</em></strong></span> <span class='ocrx_word' id='word_1_17' title='bbox 1030 404 1357 465; x_wconf 87' lang='lat' dir='ltr'><strong><em>quodcunque</em></strong></span> <span class='ocrx_word' id='word_1_18' title='bbox 1386 405 1463 452; x_wconf 92' lang='lat' dir='ltr'><strong><em>ius</em></strong></span> <span class='ocrx_word' id='word_1_19' title='bbox 1488 417 1660 452; x_wconf 91' lang='lat' dir='ltr'><strong><em>coram</em></strong></span> <span class='ocrx_word' id='word_1_20' title='bbox 1686 405 1855 465; x_wconf 91' lang='lat' dir='ltr'><strong><em>quovis</em></strong></span> <span class='ocrx_word' id='word_1_21' title='bbox 1887 404 2051 453; x_wconf 86' lang='lat' dir='ltr'><strong><em>iudice</em></strong></span> <span class='ocrx_word' id='word_1_22' title='bbox 2089 404 2260 465; x_wconf 87' lang='lat' dir='ltr'><strong><em>(prout</em></strong></span> 
     </span>
     <span class='ocr_line' id='line_1_3' title="bbox 92 473 2260 554; baseline -0.002 -14.163"><span class='ocrx_word' id='word_1_23' title='bbox 92 492 226 554; x_wconf 66' lang='lat' dir='ltr'><strong><em>ina-is</em></strong></span> <span class='ocrx_word' id='word_1_24' title='bbox 250 494 348 552; x_wconf 81' lang='lat' dir='ltr'><strong><em>est)</em></strong></span> <span class='ocrx_word' id='word_1_25' title='bbox 386 473 661 550; x_wconf 83' lang='lat' dir='ltr'><strong><em>vacavisse,</em></strong></span> <span class='ocrx_word' id='word_1_26' title='bbox 706 503 763 538; x_wconf 92' lang='lat' dir='ltr'><strong><em>eo</em></strong></span> <span class='ocrx_word' id='word_1_27' title='bbox 807 489 943 551; x_wconf 89' lang='lat' dir='ltr'><strong><em>quod</em></strong></span> <span class='ocrx_word' id='word_1_28' title='bbox 974 495 1214 550; x_wconf 90' lang='lat' dir='ltr'><strong><em>paratum</em></strong></span> <span class='ocrx_word' id='word_1_29' title='bbox 1260 502 1337 541; x_wconf 81' lang='lat' dir='ltr'><strong><em>me</em></strong></span> <span class='ocrx_word' id='word_1_30' title='bbox 1386 489 1537 537; x_wconf 89' lang='lat' dir='ltr'><strong><em>obtuli</em></strong></span> <span class='ocrx_word' id='word_1_31' title='bbox 1583 502 1646 537; x_wconf 87' lang='lat' dir='ltr'><strong><em>ea</em></strong></span> <span class='ocrx_word' id='word_1_32' title='bbox 1692 490 1744 537; x_wconf 95' lang='lat' dir='ltr'><strong><em>in</em></strong></span> <span class='ocrx_word' id='word_1_33' title='bbox 1778 502 1836 536; x_wconf 91' lang='lat' dir='ltr'><strong><em>re</em></strong></span> <span class='ocrx_word' id='word_1_34' title='bbox 1874 490 1955 548; x_wconf 83' lang='lat' dir='ltr'><strong><em>(ut</em></strong></span> <span class='ocrx_word' id='word_1_35' title='bbox 1987 491 2260 550; x_wconf 89' lang='lat' dir='ltr'><strong><em>pauloante</em></strong></span> 
     </span>
     <span class='ocr_line' id='line_1_4' title="bbox 0 563 2103 638; baseline -0 -15"><span class='ocrx_word' id='word_1_36' title='bbox 0 598 7 623; x_wconf 70' lang='grc' dir='ltr'><strong>ι</strong></span> <span class='ocrx_word' id='word_1_37' title='bbox 73 577 279 633; x_wconf 62' lang='lat' dir='ltr'><strong><em>diuinam</em></strong></span> <span class='ocrx_word' id='word_1_38' title='bbox 310 578 406 638; x_wconf 82' lang='lat' dir='ltr'><strong><em>est)</em></strong></span> <span class='ocrx_word' id='word_1_39' title='bbox 445 563 618 624; x_wconf 88' lang='lat' dir='ltr'><strong><em>coram</em></strong></span> <span class='ocrx_word' id='word_1_40' title='bbox 649 587 939 635; x_wconf 88' lang='lat' dir='ltr'><strong><em>quocunque</em></strong></span> <span class='ocrx_word' id='word_1_41' title='bbox 972 587 1168 634; x_wconf 83' lang='lat' dir='ltr'><strong><em>semper</em></strong></span> <span class='ocrx_word' id='word_1_42' title='bbox 1196 573 1641 622; x_wconf 88' lang='lat' dir='ltr'><strong><em>obedientissimum</em></strong></span> <span class='ocrx_word' id='word_1_43' title='bbox 1677 587 1784 622; x_wconf 92' lang='lat' dir='ltr'><strong><em>esse</em></strong></span> <span class='ocrx_word' id='word_1_44' title='bbox 1815 575 1937 622; x_wconf 90' lang='lat' dir='ltr'><strong><em>velle</em></strong></span> <span class='ocrx_word' id='word_1_45' title='bbox 1973 579 2041 622; x_wconf 81' lang='lat' dir='ltr'><strong><em>‚et</em></strong></span> <span class='ocrx_word' id='word_1_46' title='bbox 2058 587 2103 622; x_wconf 94' lang='lat' dir='ltr'><strong><em>c.</em></strong></span> 
     </span>
     <span class='ocr_line' id='line_1_5' title="bbox 0 639 2261 726; baseline -0.001 -18"><span class='ocrx_word' id='word_1_47' title='bbox 0 639 13 726; x_wconf 46' lang='grc' dir='ltr'><strong><em>ῗ</em></strong></span> <span class='ocrx_word' id='word_1_48' title='bbox 103 716 108 721; x_wconf 38' lang='grc'><strong>,</strong></span> <span class='ocrx_word' id='word_1_49' title='bbox 137 716 142 723; x_wconf 35' lang='lat'>2</span> <span class='ocrx_word' id='word_1_50' title='bbox 182 695 184 700; x_wconf 85' lang='lat'><em>-</em></span> <span class='ocrx_word' id='word_1_51' title='bbox 230 659 279 708; x_wconf 65' lang='lat'>1</span> <span class='ocrx_word' id='word_1_52' title='bbox 318 659 407 708; x_wconf 81' lang='lat' dir='ltr'><strong><em>Ex</em></strong></span> <span class='ocrx_word' id='word_1_53' title='bbox 439 660 519 709; x_wconf 70' lang='lat' dir='ltr'><strong><em>liis</em></strong></span> <span class='ocrx_word' id='word_1_54' title='bbox 562 662 719 721; x_wconf 74' lang='lat' dir='ltr'><strong><em>iqitur</em></strong></span> <span class='ocrx_word' id='word_1_55' title='bbox 761 664 811 708; x_wconf 94' lang='lat' dir='ltr'><strong><em>et</em></strong></span> <span class='ocrx_word' id='word_1_56' title='bbox 848 660 964 708; x_wconf 90' lang='lat' dir='ltr'><strong><em>aliis</em></strong></span> <span class='ocrx_word' id='word_1_57' title='bbox 995 659 1243 720; x_wconf 80' lang='lat' dir='ltr'><strong><em>predictis</em></strong></span> <span class='ocrx_word' id='word_1_58' title='bbox 1279 658 1554 706; x_wconf 89' lang='lat' dir='ltr'><strong><em>rationibus</em></strong></span> <span class='ocrx_word' id='word_1_59' title='bbox 1592 658 1792 719; x_wconf 88' lang='lat' dir='ltr'><strong><em>(quibus</em></strong></span> <span class='ocrx_word' id='word_1_60' title='bbox 1827 671 1904 707; x_wconf 92' lang='lat' dir='ltr'><strong><em>me</em></strong></span> <span class='ocrx_word' id='word_1_61' title='bbox 1940 657 2261 717; x_wconf 88' lang='lat' dir='ltr'><strong><em>defendendo</em></strong></span> 
     </span>
     <span class='ocr_line' id='line_1_6' title="bbox 0 726 2261 812; baseline -0.002 -16"><span class='ocrx_word' id='word_1_62' title='bbox 0 741 6 812; x_wconf 75' lang='lat' dir='ltr'><em>J</em></span> <span class='ocrx_word' id='word_1_63' title='bbox 53 761 77 809; x_wconf 64' lang='lat'><strong><em>³.</em></strong></span> <span class='ocrx_word' id='word_1_64' title='bbox 92 726 368 809; x_wconf 70' lang='lat' dir='ltr'><strong><em>extremum</em></strong></span> <span class='ocrx_word' id='word_1_65' title='bbox 403 746 582 794; x_wconf 88' lang='lat' dir='ltr'><strong><em>iudicii</em></strong></span> <span class='ocrx_word' id='word_1_66' title='bbox 627 745 758 794; x_wconf 92' lang='lat' dir='ltr'><strong><em>diem</em></strong></span> <span class='ocrx_word' id='word_1_67' title='bbox 801 748 1160 805; x_wconf 81' lang='lat' dir='ltr'><strong><em>expectaturus</em></strong></span> <span class='ocrx_word' id='word_1_68' title='bbox 1204 745 1338 804; x_wconf 87' lang='lat' dir='ltr'><strong><em>sum)</em></strong></span> <span class='ocrx_word' id='word_1_69' title='bbox 1385 744 1508 792; x_wconf 89' lang='lat' dir='ltr'><strong><em>satis</em></strong></span> <span class='ocrx_word' id='word_1_70' title='bbox 1548 756 1663 790; x_wconf 90' lang='lat' dir='ltr'><strong><em>vere</em></strong></span> <span class='ocrx_word' id='word_1_71' title='bbox 1705 749 1757 791; x_wconf 89' lang='lat' dir='ltr'><strong><em>et</em></strong></span> <span class='ocrx_word' id='word_1_72' title='bbox 1793 745 1933 792; x_wconf 89' lang='lat' dir='ltr'><strong><em>clare</em></strong></span> <span class='ocrx_word' id='word_1_73' title='bbox 1970 746 2136 804; x_wconf 83' lang='lat' dir='ltr'><strong><em>patet,</em></strong></span> <span class='ocrx_word' id='word_1_74' title='bbox 2184 757 2261 792; x_wconf 91' lang='lat' dir='ltr'><strong><em>me</em></strong></span> 
     </span>
     <span class='ocr_line' id='line_1_7' title="bbox 0 827 2261 892; baseline -0.002 -11"><span class='ocrx_word' id='word_1_75' title='bbox 0 838 13 890; x_wconf 99' lang='lat'>5</span> <span class='ocrx_word' id='word_1_76' title='bbox 91 830 335 889; x_wconf 62' lang='lat' dir='ltr'><strong><em>Iomanem</em></strong></span> <span class='ocrx_word' id='word_1_77' title='bbox 368 829 758 892; x_wconf 84' lang='lat' dir='ltr'><strong><em>Pepericornum</em></strong></span> <span class='ocrx_word' id='word_1_78' title='bbox 794 842 953 890; x_wconf 91' lang='lat' dir='ltr'><strong><em>neque</em></strong></span> <span class='ocrx_word' id='word_1_79' title='bbox 983 827 1272 876; x_wconf 91' lang='lat' dir='ltr'><strong><em>adversarii</em></strong></span> <span class='ocrx_word' id='word_1_80' title='bbox 1299 829 1510 876; x_wconf 90' lang='lat' dir='ltr'><strong><em>consilia</em></strong></span> <span class='ocrx_word' id='word_1_81' title='bbox 1547 828 1726 875; x_wconf 88' lang='lat' dir='ltr'><strong><em>iniuste</em></strong></span> <span class='ocrx_word' id='word_1_82' title='bbox 1756 827 2062 888; x_wconf 79' lang='lat' dir='ltr'><strong><em>publicasse,</em></strong></span> <span class='ocrx_word' id='word_1_83' title='bbox 2102 842 2261 889; x_wconf 92' lang='lat' dir='ltr'><strong><em>neque</em></strong></span> 
     </span>
     <span class='ocr_line' id='line_1_8' title="bbox 0 913 2260 989; baseline -0.003 -22"><span class='ocrx_word' id='word_1_84' title='bbox 0 927 26 967; x_wconf 84' lang='grc'><strong><em>.’</em></strong></span> <span class='ocrx_word' id='word_1_85' title='bbox 91 927 255 989; x_wconf 63' lang='lat' dir='ltr'><em>W</em></span> <span class='ocrx_word' id='word_1_86' title='bbox 286 927 433 963; x_wconf 86' lang='lat' dir='ltr'><strong><em>suam</em></strong></span> <span class='ocrx_word' id='word_1_87' title='bbox 467 915 859 976; x_wconf 87' lang='lat' dir='ltr'><strong><em>perditissimam</em></strong></span> <span class='ocrx_word' id='word_1_88' title='bbox 893 914 1300 962; x_wconf 77' lang='lat' dir='ltr'><strong><em>consultationem</em></strong></span> <span class='ocrx_word' id='word_1_89' title='bbox 1338 913 1397 960; x_wconf 91' lang='lat' dir='ltr'><strong><em>ob</em></strong></span> <span class='ocrx_word' id='word_1_90' title='bbox 1431 914 1686 974; x_wconf 81' lang='lat' dir='ltr'><strong><em>speculum</em></strong></span> <span class='ocrx_word' id='word_1_91' title='bbox 1723 925 1884 960; x_wconf 93' lang='lat' dir='ltr'><strong><em>meum</em></strong></span> <span class='ocrx_word' id='word_1_92' title='bbox 1930 915 2165 961; x_wconf 80' lang='lat' dir='ltr'><strong><em>manuale</em></strong></span> <span class='ocrx_word' id='word_1_93' title='bbox 2208 915 2260 962; x_wconf 89' lang='lat' dir='ltr'><strong><em>in</em></strong></span> 
     </span>
     <span class='ocr_line' id='line_1_9' title="bbox 0 996 2262 1060; baseline -0.002 -9"><span class='ocrx_word' id='word_1_94' title='bbox 0 1007 11 1051; x_wconf 68' lang='grc' dir='ltr'><strong><em>’τ</em></strong></span> <span class='ocrx_word' id='word_1_95' title='bbox 90 1001 252 1060; x_wconf 69' lang='lat' dir='ltr'><strong><em>lucem</em></strong></span> <span class='ocrx_word' id='word_1_96' title='bbox 289 999 522 1049; x_wconf 80' lang='lat' dir='ltr'><strong><em>edidisse.</em></strong></span> <span class='ocrx_word' id='word_1_97' title='bbox 597 1000 906 1060; x_wconf 74' lang='lat' dir='ltr'><strong><em>Intelliqenti</em></strong></span> <span class='ocrx_word' id='word_1_98' title='bbox 938 999 1092 1059; x_wconf 71' lang='lat' dir='ltr'><strong><em>iqitur</em></strong></span> <span class='ocrx_word' id='word_1_99' title='bbox 1136 1003 1185 1046; x_wconf 95' lang='lat' dir='ltr'><strong><em>et</em></strong></span> <span class='ocrx_word' id='word_1_100' title='bbox 1227 998 1351 1046; x_wconf 89' lang='lat' dir='ltr'><strong><em>bono</em></strong></span> <span class='ocrx_word' id='word_1_101' title='bbox 1401 997 1684 1045; x_wconf 77' lang='lat' dir='ltr'><strong><em>Christiano</em></strong></span> <span class='ocrx_word' id='word_1_102' title='bbox 1729 998 1866 1045; x_wconf 88' lang='lat' dir='ltr'><strong><em>satis.</em></strong></span> <span class='ocrx_word' id='word_1_103' title='bbox 1947 996 2262 1059; x_wconf 79' lang='lat' dir='ltr'><strong><em>Quapropter</em></strong></span> 
     </span>
     <span class='ocr_line' id='line_1_10' title="bbox 0 1053 2264 1143; baseline -0 -12"><span class='ocrx_word' id='word_1_104' title='bbox 0 1053 22 1131; x_wconf 56' lang='grc' dir='ltr'><strong>ἱ</strong></span> <span class='ocrx_word' id='word_1_105' title='bbox 91 1083 484 1136; x_wconf 72' lang='lat' dir='ltr'><strong><em>cmtinuabintus</em></strong></span> <span class='ocrx_word' id='word_1_106' title='bbox 530 1083 779 1142; x_wconf 80' lang='lat' dir='ltr'><strong><em>Quomodo</em></strong></span> <span class='ocrx_word' id='word_1_107' title='bbox 821 1085 1010 1132; x_wconf 90' lang='lat' dir='ltr'><strong><em>scilicet</em></strong></span> <span class='ocrx_word' id='word_1_108' title='bbox 1050 1096 1118 1131; x_wconf 78' lang='lat' dir='ltr'><strong><em>ex</em></strong></span> <span class='ocrx_word' id='word_1_109' title='bbox 1153 1081 1542 1142; x_wconf 75' lang='lat' dir='ltr'><strong><em>Francksordia</em></strong></span> <span class='ocrx_word' id='word_1_110' title='bbox 1578 1082 1833 1143; x_wconf 86' lang='lat' dir='ltr'><strong><em>speculum</em></strong></span> <span class='ocrx_word' id='word_1_111' title='bbox 1870 1082 2026 1143; x_wconf 89' lang='lat' dir='ltr'><strong><em>ipsius</em></strong></span> <span class='ocrx_word' id='word_1_112' title='bbox 2059 1084 2264 1130; x_wconf 90' lang='lat' dir='ltr'><strong><em>oculare</em></strong></span> 
     </span>
     <span class='ocr_line' id='line_1_11' title="bbox 0 1143 1240 1243; baseline -0.007 -21"><span class='ocrx_word' id='word_1_113' title='bbox 0 1143 311 1243; x_wconf 56' lang='lat' dir='ltr'><strong><em>{nmmum</em></strong></span> <span class='ocrx_word' id='word_1_114' title='bbox 346 1168 421 1217; x_wconf 92' lang='lat' dir='ltr'><strong><em>ad</em></strong></span> <span class='ocrx_word' id='word_1_115' title='bbox 448 1181 631 1218; x_wconf 91' lang='lat' dir='ltr'><strong><em>manus</em></strong></span> <span class='ocrx_word' id='word_1_116' title='bbox 660 1169 915 1218; x_wconf 89' lang='lat' dir='ltr'><strong><em>doctorum</em></strong></span> <span class='ocrx_word' id='word_1_117' title='bbox 936 1168 1240 1230; x_wconf 91' lang='lat' dir='ltr'><strong><em>pervenerit.</em></strong></span> 
     </span>
     <span class='ocr_line' id='line_1_12' title="bbox 0 1250 2263 1315; baseline -0 -13"><span class='ocrx_word' id='word_1_118' title='bbox 0 1304 13 1312; x_wconf 80' lang='grc'><strong>,</strong></span> <span class='ocrx_word' id='word_1_119' title='bbox 234 1250 395 1312; x_wconf 82' lang='lat' dir='ltr'><strong><em>Quum</em></strong></span> <span class='ocrx_word' id='word_1_120' title='bbox 424 1258 602 1315; x_wconf 86' lang='lat' dir='ltr'><strong><em>pastor</em></strong></span> <span class='ocrx_word' id='word_1_121' title='bbox 625 1252 1091 1312; x_wconf 76' lang='lat' dir='ltr'><strong><em>Franckfordensis</em></strong></span> <span class='ocrx_word' id='word_1_122' title='bbox 1129 1252 1210 1311; x_wconf 86' lang='lat' dir='ltr'><strong><em>(ut</em></strong></span> <span class='ocrx_word' id='word_1_123' title='bbox 1242 1265 1402 1314; x_wconf 90' lang='lat' dir='ltr'><strong><em>supra</em></strong></span> <span class='ocrx_word' id='word_1_124' title='bbox 1438 1251 1624 1300; x_wconf 92' lang='lat' dir='ltr'><strong><em>dictum</em></strong></span> <span class='ocrx_word' id='word_1_125' title='bbox 1659 1254 1755 1314; x_wconf 84' lang='lat' dir='ltr'><strong><em>est)</em></strong></span> <span class='ocrx_word' id='word_1_126' title='bbox 1793 1265 1861 1300; x_wconf 78' lang='lat' dir='ltr'><strong><em>ex</em></strong></span> <span class='ocrx_word' id='word_1_127' title='bbox 1896 1251 2134 1301; x_wconf 90' lang='lat' dir='ltr'><strong><em>mandato</em></strong></span> <span class='ocrx_word' id='word_1_128' title='bbox 2158 1252 2263 1301; x_wconf 87' lang='lat' dir='ltr'><strong><em>Ar-</em></strong></span> 
     </span>
     <span class='ocr_line' id='line_1_13' title="bbox 0 1330 2262 1403; baseline 0 -15"><span class='ocrx_word' id='word_1_129' title='bbox 0 1339 14 1395; x_wconf 75' lang='grc' dir='ltr'><em>ζ</em></span> <span class='ocrx_word' id='word_1_130' title='bbox 90 1338 387 1403; x_wconf 63' lang='grc' dir='ltr'><strong><em>ὼῳνᾳετιῐτζς</em></strong></span> <span class='ocrx_word' id='word_1_131' title='bbox 419 1337 707 1399; x_wconf 72' lang='lat' dir='ltr'><strong><em>Moyuntini</em></strong></span> <span class='ocrx_word' id='word_1_132' title='bbox 743 1339 796 1386; x_wconf 89' lang='lat' dir='ltr'><strong><em>in</em></strong></span> <span class='ocrx_word' id='word_1_133' title='bbox 843 1338 1083 1386; x_wconf 93' lang='lat' dir='ltr'><strong><em>nundinis</em></strong></span> <span class='ocrx_word' id='word_1_134' title='bbox 1120 1337 1458 1398; x_wconf 77' lang='lat' dir='ltr'><strong><em>prohibuisset</em></strong></span> <span class='ocrx_word' id='word_1_135' title='bbox 1491 1350 1555 1385; x_wconf 91' lang='lat' dir='ltr'><strong><em>ne</em></strong></span> <span class='ocrx_word' id='word_1_136' title='bbox 1591 1338 1852 1398; x_wconf 85' lang='lat' dir='ltr'><strong><em>quisquam</em></strong></span> <span class='ocrx_word' id='word_1_137' title='bbox 1889 1341 1989 1386; x_wconf 92' lang='lat' dir='ltr'><strong><em>tam</em></strong></span> <span class='ocrx_word' id='word_1_138' title='bbox 2024 1330 2262 1388; x_wconf 89' lang='lat' dir='ltr'><strong><em>sonticum</em></strong></span> 
     </span>
     <span class='ocr_line' id='line_1_14' title="bbox 0 1407 2264 1486; baseline -0.001 -10"><span class='ocrx_word' id='word_1_139' title='bbox 0 1407 15 1462; x_wconf 53' lang='grc' dir='ltr'>ἶ</span> <span class='ocrx_word' id='word_1_140' title='bbox 90 1425 300 1476; x_wconf 69' lang='lat' dir='ltr'><strong><em>omum-e</em></strong></span> <span class='ocrx_word' id='word_1_141' title='bbox 332 1425 589 1485; x_wconf 86' lang='lat' dir='ltr'><strong><em>speculum</em></strong></span> <span class='ocrx_word' id='word_1_142' title='bbox 624 1423 888 1486; x_wconf 90' lang='lat' dir='ltr'><strong><em>venderet,</em></strong></span> <span class='ocrx_word' id='word_1_143' title='bbox 937 1427 986 1471; x_wconf 94' lang='lat' dir='ltr'><strong><em>et</em></strong></span> <span class='ocrx_word' id='word_1_144' title='bbox 1032 1422 1214 1471; x_wconf 92' lang='lat' dir='ltr'><strong><em>deinde</em></strong></span> <span class='ocrx_word' id='word_1_145' title='bbox 1244 1435 1358 1470; x_wconf 92' lang='lat' dir='ltr'><strong><em>cum</em></strong></span> <span class='ocrx_word' id='word_1_146' title='bbox 1394 1422 1615 1471; x_wconf 85' lang='lat' dir='ltr'><strong><em>eiusdem</em></strong></span> <span class='ocrx_word' id='word_1_147' title='bbox 1642 1422 2022 1485; x_wconf 81' lang='lat' dir='ltr'><strong><em>Arcbiepiscopi</em></strong></span> <span class='ocrx_word' id='word_1_148' title='bbox 2051 1425 2264 1474; x_wconf 89' lang='lat' dir='ltr'><strong><em>iussione</em></strong></span> 
     </span>
     <span class='ocr_line' id='line_1_15' title="bbox 0 1504 2268 1572; baseline 0.001 -15"><span class='ocrx_word' id='word_1_149' title='bbox 0 1504 10 1551; x_wconf 74' lang='grc' dir='ltr'>Ξ</span> <span class='ocrx_word' id='word_1_150' title='bbox 92 1509 373 1572; x_wconf 65' lang='lat' dir='ltr'><strong><em>{inquisitori</em></strong></span> <span class='ocrx_word' id='word_1_151' title='bbox 404 1507 631 1567; x_wconf 74' lang='lat' dir='ltr'><strong><em>heretice</em></strong></span> <span class='ocrx_word' id='word_1_152' title='bbox 673 1509 941 1569; x_wconf 89' lang='lat' dir='ltr'><strong><em>pravitatis</em></strong></span> <span class='ocrx_word' id='word_1_153' title='bbox 989 1506 1241 1556; x_wconf 85' lang='lat' dir='ltr'><strong><em>Coloniam</em></strong></span> <span class='ocrx_word' id='word_1_154' title='bbox 1289 1508 1520 1570; x_wconf 86' lang='lat' dir='ltr'><strong><em>misisset,</em></strong></span> <span class='ocrx_word' id='word_1_155' title='bbox 1570 1521 1663 1556; x_wconf 91' lang='lat' dir='ltr'><strong><em>nec</em></strong></span> <span class='ocrx_word' id='word_1_156' title='bbox 1709 1509 1794 1556; x_wconf 89' lang='lat' dir='ltr'><strong><em>ille</em></strong></span> <span class='ocrx_word' id='word_1_157' title='bbox 1836 1510 1968 1557; x_wconf 90' lang='lat' dir='ltr'><strong><em>solus</em></strong></span> <span class='ocrx_word' id='word_1_158' title='bbox 2010 1510 2090 1569; x_wconf 88' lang='lat' dir='ltr'><strong><em>(eo</em></strong></span> <span class='ocrx_word' id='word_1_159' title='bbox 2133 1511 2268 1571; x_wconf 88' lang='lat' dir='ltr'><strong><em>quod</em></strong></span> 
     </span>
     <span class='ocr_line' id='line_1_16' title="bbox 0 1588 2269 1678; baseline -0.001 -31"><span class='ocrx_word' id='word_1_160' title='bbox 0 1588 210 1678; x_wconf 51' lang='lat' dir='ltr'><strong><em>{ptplus</em></strong></span> <span class='ocrx_word' id='word_1_161' title='bbox 241 1593 411 1643; x_wconf 82' lang='lat' dir='ltr'><strong><em>vident</em></strong></span> <span class='ocrx_word' id='word_1_162' title='bbox 438 1594 574 1642; x_wconf 84' lang='lat' dir='ltr'><strong><em>oculi</em></strong></span> <span class='ocrx_word' id='word_1_163' title='bbox 598 1606 749 1653; x_wconf 92' lang='lat' dir='ltr'><strong><em>quam</em></strong></span> <span class='ocrx_word' id='word_1_164' title='bbox 783 1595 977 1654; x_wconf 86' lang='lat' dir='ltr'><strong><em>oculus)</em></strong></span> <span class='ocrx_word' id='word_1_165' title='bbox 1011 1606 1118 1641; x_wconf 90' lang='lat' dir='ltr'><strong><em>rem</em></strong></span> <span class='ocrx_word' id='word_1_166' title='bbox 1155 1597 1257 1640; x_wconf 90' lang='lat' dir='ltr'><strong><em>tam</em></strong></span> <span class='ocrx_word' id='word_1_167' title='bbox 1295 1593 1563 1653; x_wconf 88' lang='lat' dir='ltr'><strong><em>ancipitem</em></strong></span> <span class='ocrx_word' id='word_1_168' title='bbox 1595 1593 1812 1653; x_wconf 74' lang='lat' dir='ltr'><strong><em>aqqredi</em></strong></span> <span class='ocrx_word' id='word_1_169' title='bbox 1843 1595 2010 1659; x_wconf 88' lang='lat' dir='ltr'><strong><em>vellet,</em></strong></span> <span class='ocrx_word' id='word_1_170' title='bbox 2051 1595 2269 1669; x_wconf 81' lang='lat' dir='ltr'><strong><em>fuerunt</em></strong></span> 
     </span>
     <span class='ocr_line' id='line_1_17' title="bbox 0 1666 2266 1740; baseline 0.001 -12"><span class='ocrx_word' id='word_1_171' title='bbox 0 1683 7 1736; x_wconf 71' lang='grc' dir='ltr'><strong>ξ</strong></span> <span class='ocrx_word' id='word_1_172' title='bbox 92 1677 273 1729; x_wconf 74' lang='lat' dir='ltr'><strong><em>ibidem</em></strong></span> <span class='ocrx_word' id='word_1_173' title='bbox 310 1677 548 1727; x_wconf 89' lang='lat' dir='ltr'><strong><em>ordinati</em></strong></span> <span class='ocrx_word' id='word_1_174' title='bbox 575 1678 639 1726; x_wconf 89' lang='lat' dir='ltr'><strong><em>ab</em></strong></span> <span class='ocrx_word' id='word_1_175' title='bbox 683 1679 1004 1727; x_wconf 83' lang='lat' dir='ltr'><strong><em>universitate</em></strong></span> <span class='ocrx_word' id='word_1_176' title='bbox 1047 1682 1097 1726; x_wconf 88' lang='lat' dir='ltr'><strong><em>et</em></strong></span> <span class='ocrx_word' id='word_1_177' title='bbox 1151 1677 1215 1725; x_wconf 88' lang='lat' dir='ltr'><strong><em>ab</em></strong></span> <span class='ocrx_word' id='word_1_178' title='bbox 1267 1677 1481 1737; x_wconf 79' lang='lat' dir='ltr'><strong><em>heretice</em></strong></span> <span class='ocrx_word' id='word_1_179' title='bbox 1516 1680 1790 1740; x_wconf 88' lang='lat' dir='ltr'><strong><em>pravitatis</em></strong></span> <span class='ocrx_word' id='word_1_180' title='bbox 1829 1681 2117 1740; x_wconf 80' lang='lat' dir='ltr'><strong><em>inquisitore</em></strong></span> <span class='ocrx_word' id='word_1_181' title='bbox 2167 1666 2266 1730; x_wconf 88' lang='lat' dir='ltr'><strong><em>duo</em></strong></span> 
     </span>
     <span class='ocr_line' id='line_1_18' title="bbox 0 1761 2267 1827; baseline 0.002 -15"><span class='ocrx_word' id='word_1_182' title='bbox 0 1762 17 1821; x_wconf 48' lang='grc' dir='ltr'><strong><em>ἓ</em></strong></span> <span class='ocrx_word' id='word_1_183' title='bbox 91 1762 306 1827; x_wconf 55' lang='lat' dir='ltr'><strong><em>Effreyii</em></strong></span> <span class='ocrx_word' id='word_1_184' title='bbox 337 1762 584 1823; x_wconf 88' lang='lat' dir='ltr'><strong><em>doctores,</em></strong></span> <span class='ocrx_word' id='word_1_185' title='bbox 630 1776 843 1824; x_wconf 90' lang='lat' dir='ltr'><strong><em>quorum</em></strong></span> <span class='ocrx_word' id='word_1_186' title='bbox 879 1777 1008 1811; x_wconf 91' lang='lat' dir='ltr'><strong><em>unus</em></strong></span> <span class='ocrx_word' id='word_1_187' title='bbox 1039 1761 1147 1822; x_wconf 88' lang='lat' dir='ltr'><strong><em>fuit</em></strong></span> <span class='ocrx_word' id='word_1_188' title='bbox 1194 1762 1500 1811; x_wconf 84' lang='lat' dir='ltr'><strong><em>Venerabilis</em></strong></span> <span class='ocrx_word' id='word_1_189' title='bbox 1534 1765 1773 1824; x_wconf 79' lang='lat' dir='ltr'><strong><em>maqister</em></strong></span> <span class='ocrx_word' id='word_1_190' title='bbox 1810 1770 1977 1813; x_wconf 89' lang='lat' dir='ltr'><strong><em>noster</em></strong></span> <span class='ocrx_word' id='word_1_191' title='bbox 2014 1765 2267 1816; x_wconf 89' lang='lat' dir='ltr'><strong><em>Arnoldus</em></strong></span> 
     </span>
     <span class='ocr_line' id='line_1_19' title="bbox 0 1846 2265 1911; baseline 0.002 -15"><span class='ocrx_word' id='word_1_192' title='bbox 0 1848 8 1911; x_wconf 58' lang='grc' dir='ltr'>ᾖ</span> <span class='ocrx_word' id='word_1_193' title='bbox 99 1846 440 1909; x_wconf 64' lang='lat' dir='ltr'><strong><em>Tunqarensis</em></strong></span> <span class='ocrx_word' id='word_1_194' title='bbox 473 1861 619 1907; x_wconf 90' lang='lat' dir='ltr'><strong><em>sacre</em></strong></span> <span class='ocrx_word' id='word_1_195' title='bbox 655 1849 894 1908; x_wconf 80' lang='lat' dir='ltr'><strong><em>theoloqie</em></strong></span> <span class='ocrx_word' id='word_1_196' title='bbox 927 1847 1213 1908; x_wconf 83' lang='lat' dir='ltr'><strong><em>professor,</em></strong></span> <span class='ocrx_word' id='word_1_197' title='bbox 1247 1849 1529 1908; x_wconf 90' lang='lat' dir='ltr'><strong><em>primarius</em></strong></span> <span class='ocrx_word' id='word_1_198' title='bbox 1564 1847 1763 1908; x_wconf 74' lang='lat' dir='ltr'><strong><em>Reqens</em></strong></span> <span class='ocrx_word' id='word_1_199' title='bbox 1798 1850 1848 1898; x_wconf 91' lang='lat' dir='ltr'><strong><em>in</em></strong></span> <span class='ocrx_word' id='word_1_200' title='bbox 1885 1852 2092 1911; x_wconf 73' lang='lat' dir='ltr'><strong><em>colleqio</em></strong></span> <span class='ocrx_word' id='word_1_201' title='bbox 2120 1851 2265 1901; x_wconf 89' lang='lat' dir='ltr'><strong><em>Lau-</em></strong></span> 
     </span>
     <span class='ocr_line' id='line_1_20' title="bbox 0 1919 2265 2000; baseline 0.002 -18"><span class='ocrx_word' id='word_1_202' title='bbox 0 1919 18 1994; x_wconf 59' lang='grc' dir='ltr'><strong><em>ξ,</em></strong></span> <span class='ocrx_word' id='word_1_203' title='bbox 91 1933 348 1996; x_wconf 77' lang='lat' dir='ltr'><strong><em>rentiam,</em></strong></span> <span class='ocrx_word' id='word_1_204' title='bbox 383 1933 524 1981; x_wconf 85' lang='lat' dir='ltr'><strong><em>Alter</em></strong></span> <span class='ocrx_word' id='word_1_205' title='bbox 550 1947 665 1981; x_wconf 87' lang='lat' dir='ltr'><strong><em>vero</em></strong></span> <span class='ocrx_word' id='word_1_206' title='bbox 693 1933 798 1992; x_wconf 85' lang='lat' dir='ltr'><strong><em>fuit</em></strong></span> <span class='ocrx_word' id='word_1_207' title='bbox 825 1932 1124 1980; x_wconf 86' lang='lat' dir='ltr'><strong><em>venerabilis</em></strong></span> <span class='ocrx_word' id='word_1_208' title='bbox 1159 1937 1210 1980; x_wconf 90' lang='lat' dir='ltr'><strong><em>et</em></strong></span> <span class='ocrx_word' id='word_1_209' title='bbox 1241 1931 1524 1992; x_wconf 75' lang='lat' dir='ltr'><strong><em>Reliqiosus</em></strong></span> <span class='ocrx_word' id='word_1_210' title='bbox 1551 1939 1732 1997; x_wconf 91' lang='lat' dir='ltr'><strong><em>pater,</em></strong></span> <span class='ocrx_word' id='word_1_211' title='bbox 1773 1940 1822 1982; x_wconf 92' lang='lat' dir='ltr'><strong><em>et</em></strong></span> <span class='ocrx_word' id='word_1_212' title='bbox 1861 1935 2111 2000; x_wconf 91' lang='lat' dir='ltr'><strong><em>dominus,</em></strong></span> <span class='ocrx_word' id='word_1_213' title='bbox 2149 1950 2265 1986; x_wconf 88' lang='lat' dir='ltr'><strong><em>ma-</em></strong></span> 
     </span>
     <span class='ocr_line' id='line_1_21' title="bbox 0 2000 2264 2124; baseline 0.001 -57"><span class='ocrx_word' id='word_1_214' title='bbox 0 2000 248 2124; x_wconf 54' lang='lat' dir='ltr'><strong><em>{poister</em></strong></span> <span class='ocrx_word' id='word_1_215' title='bbox 282 2017 547 2067; x_wconf 84' lang='lat' dir='ltr'><strong><em>Conradus</em></strong></span> <span class='ocrx_word' id='word_1_216' title='bbox 582 2017 781 2078; x_wconf 71' lang='lat' dir='ltr'><strong><em>Reqens</em></strong></span> <span class='ocrx_word' id='word_1_217' title='bbox 818 2017 1118 2066; x_wconf 88' lang='lat' dir='ltr'><strong><em>Monasterii</em></strong></span> <span class='ocrx_word' id='word_1_218' title='bbox 1146 2017 1523 2078; x_wconf 75' lang='lat' dir='ltr'><strong><em>predicatorum</em></strong></span> <span class='ocrx_word' id='word_1_219' title='bbox 1537 2056 1549 2074; x_wconf 93' lang='lat'><strong><em>,</em></strong></span> <span class='ocrx_word' id='word_1_220' title='bbox 1605 2018 1972 2068; x_wconf 89' lang='lat' dir='ltr'><strong><em>Conterraneus</em></strong></span> <span class='ocrx_word' id='word_1_221' title='bbox 2005 2025 2055 2069; x_wconf 91' lang='lat' dir='ltr'><strong><em>et</em></strong></span> <span class='ocrx_word' id='word_1_222' title='bbox 2084 2022 2264 2082; x_wconf 68' lang='lat' dir='ltr'><strong><em>sinqu-</em></strong></span> 
     </span>
     <span class='ocr_line' id='line_1_22' title="bbox 0 2101 2264 2170; baseline 0.002 -18"><span class='ocrx_word' id='word_1_223' title='bbox 0 2125 15 2170; x_wconf 60' lang='grc' dir='ltr'><strong>μ</strong></span> <span class='ocrx_word' id='word_1_224' title='bbox 91 2104 221 2152; x_wconf 88' lang='lat' dir='ltr'><strong><em>laris</em></strong></span> <span class='ocrx_word' id='word_1_225' title='bbox 254 2103 405 2152; x_wconf 89' lang='lat' dir='ltr'><strong><em>etiam</em></strong></span> <span class='ocrx_word' id='word_1_226' title='bbox 441 2104 634 2152; x_wconf 90' lang='lat' dir='ltr'><strong><em>amicus</em></strong></span> <span class='ocrx_word' id='word_1_227' title='bbox 667 2104 824 2164; x_wconf 88' lang='lat' dir='ltr'><strong><em>ipsius</em></strong></span> <span class='ocrx_word' id='word_1_228' title='bbox 860 2101 1124 2151; x_wconf 80' lang='lat' dir='ltr'><strong><em>Reucltlin.</em></strong></span> <span class='ocrx_word' id='word_1_229' title='bbox 1198 2102 1294 2151; x_wconf 88' lang='lat' dir='ltr'><strong><em>His</em></strong></span> <span class='ocrx_word' id='word_1_230' title='bbox 1313 2104 1681 2164; x_wconf 79' lang='lat' dir='ltr'><strong><em>prenominatis</em></strong></span> <span class='ocrx_word' id='word_1_231' title='bbox 1717 2105 1997 2154; x_wconf 90' lang='lat' dir='ltr'><strong><em>doctoribus</em></strong></span> <span class='ocrx_word' id='word_1_232' title='bbox 2044 2106 2108 2155; x_wconf 91' lang='lat' dir='ltr'><strong><em>ab</em></strong></span> <span class='ocrx_word' id='word_1_233' title='bbox 2144 2108 2264 2156; x_wconf 89' lang='lat' dir='ltr'><strong><em>uni-</em></strong></span> 
     </span>
     <span class='ocr_line' id='line_1_23' title="bbox 0 2181 2268 2252; baseline 0.002 -16"><span class='ocrx_word' id='word_1_234' title='bbox 0 2181 8 2243; x_wconf 61' lang='lat' dir='ltr'>P</span> <span class='ocrx_word' id='word_1_235' title='bbox 92 2189 323 2238; x_wconf 81' lang='lat' dir='ltr'><strong><em>versitate</em></strong></span> <span class='ocrx_word' id='word_1_236' title='bbox 363 2189 673 2237; x_wconf 89' lang='lat' dir='ltr'><strong><em>commissum</em></strong></span> <span class='ocrx_word' id='word_1_237' title='bbox 717 2193 831 2236; x_wconf 89' lang='lat' dir='ltr'><strong><em>erat</em></strong></span> <span class='ocrx_word' id='word_1_238' title='bbox 871 2188 1008 2249; x_wconf 89' lang='lat' dir='ltr'><strong><em>quod</em></strong></span> <span class='ocrx_word' id='word_1_239' title='bbox 1047 2189 1147 2249; x_wconf 90' lang='lat' dir='ltr'><strong><em>ipsi</em></strong></span> <span class='ocrx_word' id='word_1_240' title='bbox 1179 2188 1414 2236; x_wconf 90' lang='lat' dir='ltr'><strong><em>deberent</em></strong></span> <span class='ocrx_word' id='word_1_241' title='bbox 1459 2188 1639 2238; x_wconf 86' lang='lat' dir='ltr'><strong><em>librum</em></strong></span> <span class='ocrx_word' id='word_1_242' title='bbox 1684 2189 1817 2239; x_wconf 79' lang='lat' dir='ltr'><strong><em>hunc</em></strong></span> <span class='ocrx_word' id='word_1_243' title='bbox 1852 2191 2174 2252; x_wconf 85' lang='lat' dir='ltr'><strong><em>perpendere</em></strong></span> <span class='ocrx_word' id='word_1_244' title='bbox 2219 2199 2268 2241; x_wconf 92' lang='lat' dir='ltr'><strong><em>et</em></strong></span> 
     </span>
     <span class='ocr_line' id='line_1_24' title="bbox 0 2267 2266 2339; baseline 0.001 -16"><span class='ocrx_word' id='word_1_245' title='bbox 0 2267 15 2278; x_wconf 70' lang='grc'><strong>”</strong></span> <span class='ocrx_word' id='word_1_246' title='bbox 93 2273 361 2334; x_wconf 72' lang='lat' dir='ltr'><strong><em>ddae&#39;aenter</em></strong></span> <span class='ocrx_word' id='word_1_247' title='bbox 383 2275 696 2331; x_wconf 79' lang='lat' dir='ltr'><strong><em>examinare,</em></strong></span> <span class='ocrx_word' id='word_1_248' title='bbox 738 2274 801 2322; x_wconf 91' lang='lat' dir='ltr'><strong><em>de</em></strong></span> <span class='ocrx_word' id='word_1_249' title='bbox 822 2272 950 2332; x_wconf 86' lang='lat' dir='ltr'><strong><em>solio</em></strong></span> <span class='ocrx_word' id='word_1_250' title='bbox 973 2274 1162 2322; x_wconf 87' lang='lat' dir='ltr'><strong><em>scilicet</em></strong></span> <span class='ocrx_word' id='word_1_251' title='bbox 1180 2273 1252 2321; x_wconf 94' lang='lat' dir='ltr'><strong><em>ad</em></strong></span> <span class='ocrx_word' id='word_1_252' title='bbox 1276 2272 1475 2339; x_wconf 86' lang='lat' dir='ltr'><strong><em>solium,</em></strong></span> <span class='ocrx_word' id='word_1_253' title='bbox 1515 2274 1578 2322; x_wconf 90' lang='lat' dir='ltr'><strong><em>de</em></strong></span> <span class='ocrx_word' id='word_1_254' title='bbox 1605 2274 1751 2323; x_wconf 90' lang='lat' dir='ltr'><strong><em>verbo</em></strong></span> <span class='ocrx_word' id='word_1_255' title='bbox 1779 2275 1853 2323; x_wconf 90' lang='lat' dir='ltr'><strong><em>ad</em></strong></span> <span class='ocrx_word' id='word_1_256' title='bbox 1880 2276 2094 2334; x_wconf 87' lang='lat' dir='ltr'><strong><em>verbum,</em></strong></span> <span class='ocrx_word' id='word_1_257' title='bbox 2119 2284 2266 2338; x_wconf 90' lang='lat' dir='ltr'><strong><em>atque</em></strong></span> 
     </span>
     <span class='ocr_line' id='line_1_25' title="bbox 0 2358 2264 2424; baseline 0.001 -16"><span class='ocrx_word' id='word_1_258' title='bbox 0 2359 6 2364; x_wconf 82' lang='lat'>&#39;</span> <span class='ocrx_word' id='word_1_259' title='bbox 94 2358 159 2408; x_wconf 90' lang='lat' dir='ltr'><strong><em>de</em></strong></span> <span class='ocrx_word' id='word_1_260' title='bbox 194 2360 409 2409; x_wconf 86' lang='lat' dir='ltr'><strong><em>articulo</em></strong></span> <span class='ocrx_word' id='word_1_261' title='bbox 444 2359 519 2407; x_wconf 91' lang='lat' dir='ltr'><strong><em>ad</em></strong></span> <span class='ocrx_word' id='word_1_262' title='bbox 549 2361 818 2408; x_wconf 90' lang='lat' dir='ltr'><strong><em>articulum</em></strong></span> <span class='ocrx_word' id='word_1_263' title='bbox 834 2397 846 2419; x_wconf 92' lang='lat'><strong><em>‚</em></strong></span> <span class='ocrx_word' id='word_1_264' title='bbox 884 2365 933 2407; x_wconf 91' lang='lat' dir='ltr'><strong><em>et</em></strong></span> <span class='ocrx_word' id='word_1_265' title='bbox 960 2360 1012 2407; x_wconf 92' lang='lat' dir='ltr'><strong><em>in</em></strong></span> <span class='ocrx_word' id='word_1_266' title='bbox 1050 2372 1145 2419; x_wconf 89' lang='lat' dir='ltr'><strong><em>quo</em></strong></span> <span class='ocrx_word' id='word_1_267' title='bbox 1183 2359 1494 2419; x_wconf 80' lang='lat' dir='ltr'><strong><em>dubitarent,</em></strong></span> <span class='ocrx_word' id='word_1_268' title='bbox 1547 2359 1782 2408; x_wconf 90' lang='lat' dir='ltr'><strong><em>deberent</em></strong></span> <span class='ocrx_word' id='word_1_269' title='bbox 1817 2361 1917 2422; x_wconf 90' lang='lat' dir='ltr'><strong><em>ipsi</em></strong></span> <span class='ocrx_word' id='word_1_270' title='bbox 1947 2361 2038 2410; x_wconf 77' lang='lat' dir='ltr'><strong><em>boc</em></strong></span> <span class='ocrx_word' id='word_1_271' title='bbox 2067 2375 2264 2424; x_wconf 83' lang='lat' dir='ltr'><strong><em>propo-</em></strong></span> 
     </span>
     <span class='ocr_line' id='line_1_26' title="bbox 5 2444 2265 2508; baseline 0.001 -15"><span class='ocrx_word' id='word_1_272' title='bbox 5 2458 84 2507; x_wconf 30' lang='grc' dir='ltr'><strong><em>,τι</em></strong></span> <span class='ocrx_word' id='word_1_273' title='bbox 98 2457 219 2493; x_wconf 83' lang='lat' dir='ltr'><strong><em>nere</em></strong></span> <span class='ocrx_word' id='word_1_274' title='bbox 253 2445 587 2508; x_wconf 84' lang='lat' dir='ltr'><strong><em>universitati,</em></strong></span> <span class='ocrx_word' id='word_1_275' title='bbox 625 2449 681 2492; x_wconf 94' lang='lat' dir='ltr'><strong><em>ut</em></strong></span> <span class='ocrx_word' id='word_1_276' title='bbox 715 2446 865 2493; x_wconf 85' lang='lat' dir='ltr'><strong><em>latius</em></strong></span> <span class='ocrx_word' id='word_1_277' title='bbox 901 2446 1067 2493; x_wconf 90' lang='lat' dir='ltr'><strong><em>omnia</em></strong></span> <span class='ocrx_word' id='word_1_278' title='bbox 1104 2445 1485 2496; x_wconf 85' lang='lat' dir='ltr'><strong><em>discuterentur.</em></strong></span> <span class='ocrx_word' id='word_1_279' title='bbox 1561 2444 1784 2494; x_wconf 87' lang='lat' dir='ltr'><strong><em>Ceterum</em></strong></span> <span class='ocrx_word' id='word_1_280' title='bbox 1821 2459 1934 2494; x_wconf 91' lang='lat' dir='ltr'><strong><em>cum</em></strong></span> <span class='ocrx_word' id='word_1_281' title='bbox 1968 2447 2190 2496; x_wconf 89' lang='lat' dir='ltr'><strong><em>doctores</em></strong></span> <span class='ocrx_word' id='word_1_282' title='bbox 2215 2450 2265 2496; x_wconf 89' lang='lat' dir='ltr'><strong><em>in</em></strong></span> 
     </span>
     <span class='ocr_line' id='line_1_27' title="bbox 94 2529 2266 2592; baseline -0 -11"><span class='ocrx_word' id='word_1_283' title='bbox 94 2529 263 2581; x_wconf 72' lang='lat' dir='ltr'><strong><em>labore</em></strong></span> <span class='ocrx_word' id='word_1_284' title='bbox 304 2535 468 2579; x_wconf 89' lang='lat' dir='ltr'><strong><em>essent</em></strong></span> <span class='ocrx_word' id='word_1_285' title='bbox 502 2534 653 2590; x_wconf 84' lang='lat' dir='ltr'><strong><em>atque</em></strong></span> <span class='ocrx_word' id='word_1_286' title='bbox 693 2532 870 2579; x_wconf 91' lang='lat' dir='ltr'><strong><em>multos</em></strong></span> <span class='ocrx_word' id='word_1_287' title='bbox 913 2542 1097 2591; x_wconf 89' lang='lat' dir='ltr'><strong><em>pravos</em></strong></span> <span class='ocrx_word' id='word_1_288' title='bbox 1143 2532 1384 2579; x_wconf 89' lang='lat' dir='ltr'><strong><em>articulos</em></strong></span> <span class='ocrx_word' id='word_1_289' title='bbox 1423 2532 1815 2592; x_wconf 77' lang='lat' dir='ltr'><strong><em>excerpsissenl:</em></strong></span> <span class='ocrx_word' id='word_1_290' title='bbox 1861 2538 1978 2581; x_wconf 88' lang='lat' dir='ltr'><strong><em>tunc</em></strong></span> <span class='ocrx_word' id='word_1_291' title='bbox 2019 2531 2266 2582; x_wconf 80' lang='lat' dir='ltr'><strong><em>Reucblin</em></strong></span> 
     </span>
     <span class='ocr_line' id='line_1_28' title="bbox 3 2613 2267 2679; baseline 0 -13"><span class='ocrx_word' id='word_1_292' title='bbox 3 2613 28 2666; x_wconf 72' lang='grc' dir='ltr'>ἶ</span> <span class='ocrx_word' id='word_1_293' title='bbox 95 2613 189 2664; x_wconf 73' lang='lat' dir='ltr'><strong><em>hoc</em></strong></span> <span class='ocrx_word' id='word_1_294' title='bbox 216 2615 529 2679; x_wconf 84' lang='lat' dir='ltr'><strong><em>percipiens,</em></strong></span> <span class='ocrx_word' id='word_1_295' title='bbox 577 2616 807 2664; x_wconf 89' lang='lat' dir='ltr'><strong><em>continuo</em></strong></span> <span class='ocrx_word' id='word_1_296' title='bbox 842 2616 1046 2677; x_wconf 89' lang='lat' dir='ltr'><strong><em>scripsit</em></strong></span> <span class='ocrx_word' id='word_1_297' title='bbox 1077 2628 1145 2663; x_wconf 82' lang='lat' dir='ltr'><strong><em>ex</em></strong></span> <span class='ocrx_word' id='word_1_298' title='bbox 1172 2618 1352 2676; x_wconf 88' lang='lat' dir='ltr'><strong><em>patria</em></strong></span> <span class='ocrx_word' id='word_1_299' title='bbox 1389 2629 1483 2666; x_wconf 92' lang='lat' dir='ltr'><strong><em>sua</em></strong></span> <span class='ocrx_word' id='word_1_300' title='bbox 1520 2617 1592 2664; x_wconf 93' lang='lat' dir='ltr'><strong><em>ad</em></strong></span> <span class='ocrx_word' id='word_1_301' title='bbox 1622 2617 1846 2666; x_wconf 89' lang='lat' dir='ltr'><strong><em>doctores</em></strong></span> <span class='ocrx_word' id='word_1_302' title='bbox 1877 2622 2068 2666; x_wconf 89' lang='lat' dir='ltr'><strong><em>nostros</em></strong></span> <span class='ocrx_word' id='word_1_303' title='bbox 2103 2618 2267 2667; x_wconf 87' lang='lat' dir='ltr'><strong><em>liben-</em></strong></span> 
     </span>
     <span class='ocr_line' id='line_1_29' title="bbox 96 2695 2354 2767; baseline 0.001 -17"><span class='ocrx_word' id='word_1_304' title='bbox 96 2704 266 2763; x_wconf 77' lang='lat' dir='ltr'><strong><em>terque</em></strong></span> <span class='ocrx_word' id='word_1_305' title='bbox 293 2705 567 2762; x_wconf 75' lang='lat' dir='ltr'><strong><em>purqasset</em></strong></span> <span class='ocrx_word' id='word_1_306' title='bbox 589 2695 611 2767; x_wconf 83' lang='grc' dir='ltr'><strong><em>ΙΙ</em></strong></span> <span class='ocrx_word' id='word_1_307' title='bbox 637 2700 836 2750; x_wconf 89' lang='lat' dir='ltr'><strong><em>domum</em></strong></span> <span class='ocrx_word' id='word_1_308' title='bbox 873 2714 1046 2762; x_wconf 90' lang='lat' dir='ltr'><strong><em>suam,</em></strong></span> <span class='ocrx_word' id='word_1_309' title='bbox 1091 2705 1265 2762; x_wconf 86' lang='lat' dir='ltr'><strong><em>petens</em></strong></span> <span class='ocrx_word' id='word_1_310' title='bbox 1305 2702 1554 2751; x_wconf 75' lang='lat' dir='ltr'><strong><em>humiliter</em></strong></span> <span class='ocrx_word' id='word_1_311' title='bbox 1592 2707 1640 2750; x_wconf 91' lang='lat' dir='ltr'><strong><em>el</em></strong></span> <span class='ocrx_word' id='word_1_312' title='bbox 1684 2716 1737 2750; x_wconf 89' lang='lat' dir='ltr'><strong><em>se</em></strong></span> <span class='ocrx_word' id='word_1_313' title='bbox 1776 2702 2039 2752; x_wconf 91' lang='lat' dir='ltr'><strong><em>subiiciens</em></strong></span> <span class='ocrx_word' id='word_1_314' title='bbox 2085 2705 2265 2752; x_wconf 88' lang='lat' dir='ltr'><strong><em>nostris</em></strong></span> <span class='ocrx_word' id='word_1_315' title='bbox 2285 2698 2354 2753; x_wconf 64' lang='grc' dir='ltr'><strong><em>,4ῖίᾳὶ</em></strong></span> 
     </span>
     <span class='ocr_line' id='line_1_30' title="bbox 98 2784 2266 2849; baseline 0.001 -14"><span class='ocrx_word' id='word_1_316' title='bbox 98 2784 375 2835; x_wconf 81' lang='lat' dir='ltr'><strong><em>doctoribus</em></strong></span> <span class='ocrx_word' id='word_1_317' title='bbox 409 2785 545 2847; x_wconf 84' lang='lat' dir='ltr'><strong><em>quod</em></strong></span> <span class='ocrx_word' id='word_1_318' title='bbox 573 2787 625 2834; x_wconf 91' lang='lat' dir='ltr'><strong><em>in</em></strong></span> <span class='ocrx_word' id='word_1_319' title='bbox 660 2786 1031 2848; x_wconf 80' lang='lat' dir='ltr'><strong><em>quibuscunque</em></strong></span> <span class='ocrx_word' id='word_1_320' title='bbox 1069 2788 1177 2848; x_wconf 89' lang='lat' dir='ltr'><strong><em>ipse</em></strong></span> <span class='ocrx_word' id='word_1_321' title='bbox 1211 2794 1432 2837; x_wconf 88' lang='lat' dir='ltr'><strong><em>errasset</em></strong></span> <span class='ocrx_word' id='word_1_322' title='bbox 1477 2793 1567 2837; x_wconf 91' lang='lat' dir='ltr'><strong><em>aul</em></strong></span> <span class='ocrx_word' id='word_1_323' title='bbox 1591 2793 1876 2849; x_wconf 90' lang='lat' dir='ltr'><strong><em>peccasset,</em></strong></span> <span class='ocrx_word' id='word_1_324' title='bbox 1922 2802 1975 2837; x_wconf 91' lang='lat' dir='ltr'><strong><em>se</em></strong></span> <span class='ocrx_word' id='word_1_325' title='bbox 2015 2790 2144 2837; x_wconf 89' lang='lat' dir='ltr'><strong><em>ultro</em></strong></span> <span class='ocrx_word' id='word_1_326' title='bbox 2179 2791 2266 2838; x_wconf 91' lang='lat' dir='ltr'><strong><em>illa</em></strong></span> 
     </span>
     <span class='ocr_line' id='line_1_31' title="bbox 14 2872 2268 2936; baseline 0 -15"><span class='ocrx_word' id='word_1_327' title='bbox 14 2872 336 2921; x_wconf 42' lang='lat' dir='ltr'><strong><em>vnrevocare</em></strong></span> <span class='ocrx_word' id='word_1_328' title='bbox 369 2872 519 2934; x_wconf 91' lang='lat' dir='ltr'><strong><em>velte,</em></strong></span> <span class='ocrx_word' id='word_1_329' title='bbox 563 2872 977 2932; x_wconf 86' lang='lat' dir='ltr'><strong><em>quemadmodum</em></strong></span> <span class='ocrx_word' id='word_1_330' title='bbox 1023 2877 1278 2933; x_wconf 87' lang='lat' dir='ltr'><strong><em>sequentes</em></strong></span> <span class='ocrx_word' id='word_1_331' title='bbox 1314 2874 1470 2935; x_wconf 87' lang='lat' dir='ltr'><strong><em>ipsius</em></strong></span> <span class='ocrx_word' id='word_1_332' title='bbox 1504 2875 1626 2922; x_wconf 88' lang='lat' dir='ltr'><strong><em>satis</em></strong></span> <span class='ocrx_word' id='word_1_333' title='bbox 1662 2873 1756 2922; x_wconf 80' lang='lat' dir='ltr'><strong><em>hoc</em></strong></span> <span class='ocrx_word' id='word_1_334' title='bbox 1789 2888 2039 2936; x_wconf 86' lang='lat' dir='ltr'><strong><em>superque</em></strong></span> <span class='ocrx_word' id='word_1_335' title='bbox 2074 2878 2268 2923; x_wconf 88' lang='lat' dir='ltr'><strong><em>testan-</em></strong></span> 
     </span>
     <span class='ocr_line' id='line_1_32' title="bbox 97 2957 386 3018; baseline 0.007 -13"><span class='ocrx_word' id='word_1_336' title='bbox 97 2959 182 3007; x_wconf 77' lang='lat' dir='ltr'><strong><em>tur</em></strong></span> <span class='ocrx_word' id='word_1_337' title='bbox 209 2957 386 3018; x_wconf 82' lang='lat' dir='ltr'><strong><em>littere.</em></strong></span> 
     </span>
    </p>
   </div>
   <div class='ocr_carea' id='block_1_3' title="bbox 351 3110 2019 3436">
    <p class='ocr_par' dir='ltr' id='par_1_3' title="bbox 351 3110 2017 3176">
     <span class='ocr_line' id='line_1_33' title="bbox 351 3110 2017 3176; baseline 0.001 -14"><span class='ocrx_word' id='word_1_338' title='bbox 351 3110 395 3162; x_wconf 69' lang='lat' dir='ltr'><strong><em>«t</em></strong></span> <span class='ocrx_word' id='word_1_339' title='bbox 439 3112 658 3175; x_wconf 72' lang='lat' dir='ltr'><strong><em>Eqreqio</em></strong></span> <span class='ocrx_word' id='word_1_340' title='bbox 703 3115 809 3164; x_wconf 90' lang='lat' dir='ltr'><strong><em>viro</em></strong></span> <span class='ocrx_word' id='word_1_341' title='bbox 843 3122 892 3164; x_wconf 90' lang='lat' dir='ltr'><strong><em>et</em></strong></span> <span class='ocrx_word' id='word_1_342' title='bbox 923 3116 1334 3165; x_wconf 80' lang='lat' dir='ltr'><strong><em>excellentissimo</em></strong></span> <span class='ocrx_word' id='word_1_343' title='bbox 1372 3129 1519 3175; x_wconf 76' lang='lat' dir='ltr'><strong><em>sacre</em></strong></span> <span class='ocrx_word' id='word_1_344' title='bbox 1554 3115 1790 3176; x_wconf 79' lang='lat' dir='ltr'><strong><em>theoloqie</em></strong></span> <span class='ocrx_word' id='word_1_345' title='bbox 1824 3115 2017 3164; x_wconf 90' lang='lat' dir='ltr'><strong><em>doctori</em></strong></span> 
     </span>
    </p>

    <p class='ocr_par' dir='ltr' id='par_1_4' title="bbox 352 3197 2019 3263">
     <span class='ocr_line' id='line_1_34' title="bbox 352 3197 2019 3263; baseline 0 -15"><span class='ocrx_word' id='word_1_346' title='bbox 352 3197 552 3248; x_wconf 89' lang='lat' dir='ltr'><strong><em>domino</em></strong></span> <span class='ocrx_word' id='word_1_347' title='bbox 596 3198 674 3248; x_wconf 88' lang='lat' dir='ltr'><strong><em>.N.</em></strong></span> <span class='ocrx_word' id='word_1_348' title='bbox 722 3200 794 3248; x_wconf 94' lang='lat' dir='ltr'><strong><em>de</em></strong></span> <span class='ocrx_word' id='word_1_349' title='bbox 844 3199 1164 3261; x_wconf 75' lang='lat' dir='ltr'><strong><em>Tunqaris</em></strong></span> <span class='ocrx_word' id='word_1_350' title='bbox 1203 3203 1254 3249; x_wconf 89' lang='lat' dir='ltr'><strong><em>in</em></strong></span> <span class='ocrx_word' id='word_1_351' title='bbox 1297 3201 1700 3263; x_wconf 88' lang='lat' dir='ltr'><strong><em>splendidissima</em></strong></span> <span class='ocrx_word' id='word_1_352' title='bbox 1741 3201 2019 3250; x_wconf 86' lang='lat' dir='ltr'><strong><em>Coloniensi</em></strong></span> 
     </span>
    </p>

    <p class='ocr_par' dir='ltr' id='par_1_5' title="bbox 351 3285 2014 3436">
     <span class='ocr_line' id='line_1_35' title="bbox 351 3285 2014 3348; baseline 0.001 -14"><span class='ocrx_word' id='word_1_353' title='bbox 351 3285 670 3334; x_wconf 90' lang='lat' dir='ltr'><strong><em>universitate</em></strong></span> <span class='ocrx_word' id='word_1_354' title='bbox 714 3285 1010 3335; x_wconf 80' lang='lat' dir='ltr'><strong><em>cathedram</em></strong></span> <span class='ocrx_word' id='word_1_355' title='bbox 1056 3287 1484 3336; x_wconf 90' lang='lat' dir='ltr'><strong><em>sanctissimarum</em></strong></span> <span class='ocrx_word' id='word_1_356' title='bbox 1526 3287 1895 3348; x_wconf 88' lang='lat' dir='ltr'><strong><em>scripturarum</em></strong></span> <span class='ocrx_word' id='word_1_357' title='bbox 1938 3293 2014 3336; x_wconf 85' lang='lat' dir='ltr'><strong><em>te-</em></strong></span> 
     </span>
     <span class='ocr_line' id='line_1_36' title="bbox 600 3369 1787 3436; baseline -0.001 -16"><span class='ocrx_word' id='word_1_358' title='bbox 600 3372 737 3420; x_wconf 87' lang='lat' dir='ltr'><strong><em>nenti</em></strong></span> <span class='ocrx_word' id='word_1_359' title='bbox 771 3371 968 3420; x_wconf 88' lang='lat' dir='ltr'><strong><em>domino</em></strong></span> <span class='ocrx_word' id='word_1_360' title='bbox 1003 3384 1091 3420; x_wconf 88' lang='lat' dir='ltr'><strong><em>suo</em></strong></span> <span class='ocrx_word' id='word_1_361' title='bbox 1127 3385 1278 3434; x_wconf 88' lang='lat' dir='ltr'><strong><em>quam</em></strong></span> <span class='ocrx_word' id='word_1_362' title='bbox 1313 3369 1787 3436; x_wconf 60' lang='lat' dir='ltr'><strong><em>observandissimO.}</em></strong></span> 
     </span>
    </p>
   </div>
   <div class='ocr_carea' id='block_1_4' title="bbox 17 3467 2269 3630">
    <p class='ocr_par' dir='ltr' id='par_1_6' title="bbox 17 3467 2269 3630">
     <span class='ocr_line' id='line_1_37' title="bbox 242 3467 2269 3532; baseline 0.001 -15"><span class='ocrx_word' id='word_1_363' title='bbox 242 3467 286 3518; x_wconf 67' lang='grc' dir='ltr'>ί</span> <span class='ocrx_word' id='word_1_364' title='bbox 321 3468 374 3518; x_wconf 83' lang='lat' dir='ltr'><strong><em>S.</em></strong></span> <span class='ocrx_word' id='word_1_365' title='bbox 399 3468 464 3517; x_wconf 88' lang='lat' dir='ltr'><strong><em>D.</em></strong></span> <span class='ocrx_word' id='word_1_366' title='bbox 492 3469 548 3518; x_wconf 89' lang='lat' dir='ltr'><strong><em>P.</em></strong></span> <span class='ocrx_word' id='word_1_367' title='bbox 589 3469 815 3531; x_wconf 71' lang='lat' dir='ltr'><strong><em>Eqreqia</em></strong></span> <span class='ocrx_word' id='word_1_368' title='bbox 838 3475 923 3519; x_wconf 93' lang='lat' dir='ltr'><strong><em>tua</em></strong></span> <span class='ocrx_word' id='word_1_369' title='bbox 949 3471 1103 3520; x_wconf 91' lang='lat' dir='ltr'><strong><em>virtus</em></strong></span> <span class='ocrx_word' id='word_1_370' title='bbox 1127 3476 1175 3519; x_wconf 93' lang='lat' dir='ltr'><strong><em>et</em></strong></span> <span class='ocrx_word' id='word_1_371' title='bbox 1194 3473 1456 3532; x_wconf 86' lang='lat' dir='ltr'><strong><em>sapientia,</em></strong></span> <span class='ocrx_word' id='word_1_372' title='bbox 1493 3471 1918 3521; x_wconf 73' lang='lat' dir='ltr'><strong><em>Excellentissime</em></strong></span> <span class='ocrx_word' id='word_1_373' title='bbox 1946 3471 2131 3531; x_wconf 88' lang='lat' dir='ltr'><strong><em>doctor,</em></strong></span> <span class='ocrx_word' id='word_1_374' title='bbox 2169 3486 2269 3532; x_wconf 87' lang='lat' dir='ltr'><strong><em>qua</em></strong></span> 
     </span>
     <span class='ocr_line' id='line_1_38' title="bbox 17 3550 2267 3630; baseline 0.001 -29"><span class='ocrx_word' id='word_1_375' title='bbox 17 3600 23 3630; x_wconf 74' lang='lat' dir='ltr'><em>e</em></span> <span class='ocrx_word' id='word_1_376' title='bbox 102 3550 155 3601; x_wconf 75' lang='lat' dir='ltr'><strong><em>in</em></strong></span> <span class='ocrx_word' id='word_1_377' title='bbox 191 3557 293 3604; x_wconf 81' lang='lat' dir='ltr'><strong><em>tam</em></strong></span> <span class='ocrx_word' id='word_1_378' title='bbox 339 3555 525 3603; x_wconf 89' lang='lat' dir='ltr'><strong><em>illustri</em></strong></span> <span class='ocrx_word' id='word_1_379' title='bbox 564 3556 780 3603; x_wconf 83' lang='lat' dir='ltr'><strong><em>omnium</em></strong></span> <span class='ocrx_word' id='word_1_380' title='bbox 824 3555 1066 3605; x_wconf 91' lang='lat' dir='ltr'><strong><em>bonarum</em></strong></span> <span class='ocrx_word' id='word_1_381' title='bbox 1112 3556 1457 3605; x_wconf 89' lang='lat' dir='ltr'><strong><em>doctrinarum</em></strong></span> <span class='ocrx_word' id='word_1_382' title='bbox 1493 3558 1838 3620; x_wconf 87' lang='lat' dir='ltr'><strong><em>universitate,</em></strong></span> <span class='ocrx_word' id='word_1_383' title='bbox 1888 3563 1942 3605; x_wconf 89' lang='lat' dir='ltr'><strong><em>ut</em></strong></span> <span class='ocrx_word' id='word_1_384' title='bbox 1989 3559 2063 3605; x_wconf 89' lang='lat' dir='ltr'><strong><em>sol</em></strong></span> <span class='ocrx_word' id='word_1_385' title='bbox 2106 3558 2267 3618; x_wconf 82' lang='lat' dir='ltr'><strong><em>astris,</em></strong></span> 
     </span>
    </p>
   </div>
   <div class='ocr_carea' id='block_1_5' title="bbox 105 3646 440 3659">
    <p class='ocr_par' dir='ltr' id='par_1_7' title="bbox 105 3646 440 3659">
     <span class='ocr_line' id='line_1_39' title="bbox 105 3646 440 3659; baseline 0 605"><span class='ocrx_word' id='word_1_386' title='bbox 105 3646 440 3659; x_wconf 95' lang='lat' dir='ltr'><strong><em> </em></strong></span> 
     </span>
    </p>
   </div>
   <div class='ocr_carea' id='block_1_6' title="bbox 26 3689 2267 3963">
    <p class='ocr_par' dir='ltr' id='par_1_8' title="bbox 24 3689 2267 3963">
     <span class='ocr_line' id='line_1_40' title="bbox 215 3689 2265 3751; baseline 0 -18"><span class='ocrx_word' id='word_1_387' title='bbox 215 3689 251 3718; x_wconf 78' lang='lat'><strong><em>¹⁵</em></strong></span> <span class='ocrx_word' id='word_1_388' title='bbox 281 3694 511 3747; x_wconf 73' lang='lat' dir='ltr'><strong><em>accipitez</em></strong></span> <span class='ocrx_word' id='word_1_389' title='bbox 544 3697 584 3735; x_wconf 89' lang='lat'><strong><em>1.</em></strong></span> <span class='ocrx_word' id='word_1_390' title='bbox 702 3694 741 3721; x_wconf 88' lang='lat'><strong><em>²⁰</em></strong></span> <span class='ocrx_word' id='word_1_391' title='bbox 772 3693 1028 3750; x_wconf 79' lang='lat' dir='ltr'><strong><em>Conradus]</em></strong></span> <span class='ocrx_word' id='word_1_392' title='bbox 1060 3696 1232 3738; x_wconf 86' lang='lat' dir='ltr'><strong><em>Kollin.</em></strong></span> <span class='ocrx_word' id='word_1_393' title='bbox 1350 3695 1385 3723; x_wconf 74' lang='lat'><strong><em>³²</em></strong></span> <span class='ocrx_word' id='word_1_394' title='bbox 1416 3697 1629 3751; x_wconf 80' lang='lat' dir='ltr'><strong><em>Epistola</em></strong></span> <span class='ocrx_word' id='word_1_395' title='bbox 1661 3710 1858 3751; x_wconf 76' lang='lat' dir='ltr'><strong><em>sequens</em></strong></span> <span class='ocrx_word' id='word_1_396' title='bbox 1892 3701 2019 3738; x_wconf 78' lang='lat' dir='ltr'><strong><em>extat</em></strong></span> <span class='ocrx_word' id='word_1_397' title='bbox 2051 3697 2188 3736; x_wconf 69' lang='lat' dir='ltr'><strong><em>otiam</em></strong></span> <span class='ocrx_word' id='word_1_398' title='bbox 2222 3696 2265 3734; x_wconf 85' lang='lat' dir='ltr'><strong><em>in</em></strong></span> 
     </span>
     <span class='ocr_line' id='line_1_41' title="bbox 105 3757 2264 3823; baseline 0.001 -21"><span class='ocrx_word' id='word_1_399' title='bbox 105 3757 275 3804; x_wconf 68' lang='lat' dir='ltr'><strong><em>illu-tr.</em></strong></span> <span class='ocrx_word' id='word_1_400' title='bbox 295 3764 434 3806; x_wconf 80' lang='lat' dir='ltr'><strong><em>viror.</em></strong></span> <span class='ocrx_word' id='word_1_401' title='bbox 457 3778 559 3819; x_wconf 83' lang='lat' dir='ltr'><strong><em>epp.</em></strong></span> <span class='ocrx_word' id='word_1_402' title='bbox 585 3765 640 3807; x_wconf 84' lang='lat' dir='ltr'><strong><em>ad</em></strong></span> <span class='ocrx_word' id='word_1_403' title='bbox 662 3766 758 3808; x_wconf 78' lang='lat' dir='ltr'><strong><em>loa.</em></strong></span> <span class='ocrx_word' id='word_1_404' title='bbox 771 3767 1269 3821; x_wconf 76' lang='lat' dir='ltr'><strong><em>Reuchlin.11ag0110ae</em></strong></span> <span class='ocrx_word' id='word_1_405' title='bbox 1295 3767 1416 3813; x_wconf 80' lang='lat'><strong><em>1519.</em></strong></span> <span class='ocrx_word' id='word_1_406' title='bbox 1439 3767 1498 3810; x_wconf 77' lang='lat'><strong><em>4⁰.</em></strong></span> <span class='ocrx_word' id='word_1_407' title='bbox 1522 3781 1692 3823; x_wconf 72' lang='lat' dir='ltr'><strong><em>pagg.p</em></strong></span> <span class='ocrx_word' id='word_1_408' title='bbox 1716 3770 1747 3812; x_wconf 75' lang='lat' dir='ltr'><strong><em>ii</em></strong></span> <span class='ocrx_word' id='word_1_409' title='bbox 1771 3783 1866 3821; x_wconf 73' lang='lat' dir='ltr'><strong><em>sqq.</em></strong></span> <span class='ocrx_word' id='word_1_410' title='bbox 1892 3781 2022 3821; x_wconf 71' lang='lat' dir='ltr'><strong><em>quam</em></strong></span> <span class='ocrx_word' id='word_1_411' title='bbox 2048 3768 2091 3806; x_wconf 86' lang='lat' dir='ltr'><strong><em>in</em></strong></span> <span class='ocrx_word' id='word_1_412' title='bbox 2114 3770 2264 3818; x_wconf 75' lang='lat' dir='ltr'><strong><em>sqq.2.</em></strong></span> 
     </span>
     <span class='ocr_line' id='line_1_42' title="bbox 26 3828 2267 3892; baseline -0 -19.001"><span class='ocrx_word' id='word_1_413' title='bbox 26 3833 56 3879; x_wconf 59' lang='grc' dir='ltr'><strong>ὲ</strong></span> <span class='ocrx_word' id='word_1_414' title='bbox 106 3828 312 3887; x_wconf 74' lang='lat' dir='ltr'><strong><em>designo.</em></strong></span> <span class='ocrx_word' id='word_1_415' title='bbox 398 3833 435 3862; x_wconf 78' lang='lat'><strong><em>²²</em></strong></span> <span class='ocrx_word' id='word_1_416' title='bbox 468 3836 521 3876; x_wconf 85' lang='lat' dir='ltr'><strong><em>In</em></strong></span> <span class='ocrx_word' id='word_1_417' title='bbox 553 3839 594 3880; x_wconf 89' lang='lat'><strong><em>2.</em></strong></span> <span class='ocrx_word' id='word_1_418' title='bbox 616 3837 708 3877; x_wconf 75' lang='lat' dir='ltr'><strong><em>lucc</em></strong></span> <span class='ocrx_word' id='word_1_419' title='bbox 737 3839 959 3892; x_wconf 81' lang='lat' dir='ltr'><strong><em>inscriptio</em></strong></span> <span class='ocrx_word' id='word_1_420' title='bbox 991 3845 1078 3880; x_wconf 85' lang='lat' dir='ltr'><strong><em>est:</em></strong></span> <span class='ocrx_word' id='word_1_421' title='bbox 1110 3841 1308 3880; x_wconf 80' lang='lat' dir='ltr'><strong><em>Ioannes</em></strong></span> <span class='ocrx_word' id='word_1_422' title='bbox 1331 3839 1557 3881; x_wconf 82' lang='lat' dir='ltr'><strong><em>Reuehlin</em></strong></span> <span class='ocrx_word' id='word_1_423' title='bbox 1580 3837 1800 3881; x_wconf 67' lang='lat' dir='ltr'><strong><em>Phontefi.</em></strong></span> <span class='ocrx_word' id='word_1_424' title='bbox 1829 3840 1917 3879; x_wconf 52' lang='lat'><strong><em>111..</em></strong></span> <span class='ocrx_word' id='word_1_425' title='bbox 1944 3840 2053 3879; x_wconf 74' lang='lat' dir='ltr'><strong><em>Uoc.</em></strong></span> <span class='ocrx_word' id='word_1_426' title='bbox 2080 3836 2267 3885; x_wconf 58' lang='lat' dir='ltr'><strong><em>egregio</em></strong></span> 
     </span>
     <span class='ocr_line' id='line_1_43' title="bbox 106 3905 1359 3963; baseline 0.006 -20"><span class='ocrx_word' id='word_1_427' title='bbox 106 3912 250 3945; x_wconf 67' lang='lat' dir='ltr'><strong>1⁸01·ae</strong></span> <span class='ocrx_word' id='word_1_428' title='bbox 280 3905 549 3959; x_wconf 81' lang='lat' dir='ltr'><strong><em>Theologiae</em></strong></span> <span class='ocrx_word' id='word_1_429' title='bbox 580 3908 769 3949; x_wconf 78' lang='lat' dir='ltr'><strong><em>Doctori</em></strong></span> <span class='ocrx_word' id='word_1_430' title='bbox 801 3909 857 3950; x_wconf 82' lang='lat' dir='ltr'><strong><em>de</em></strong></span> <span class='ocrx_word' id='word_1_431' title='bbox 889 3910 1119 3963; x_wconf 82' lang='lat' dir='ltr'><strong><em>Tungaris</em></strong></span> <span class='ocrx_word' id='word_1_432' title='bbox 1143 3910 1203 3952; x_wconf 58' lang='grc' dir='ltr'><strong><em>Β.</em></strong></span> <span class='ocrx_word' id='word_1_433' title='bbox 1228 3911 1286 3951; x_wconf 88' lang='lat' dir='ltr'><strong><em>D.</em></strong></span> <span class='ocrx_word' id='word_1_434' title='bbox 1310 3911 1359 3951; x_wconf 89' lang='lat' dir='ltr'><strong><em>P.</em></strong></span> 
     </span>
    </p>
   </div>
   <div class='ocr_carea' id='block_1_7' title="bbox 10 3340 99 3827">
    <p class='ocr_par' dir='ltr' id='par_1_9' title="bbox 10 3340 99 3827">
     <span class='ocr_line' id='line_1_44' title="bbox 10 3340 99 3827; baseline 0 437"><span class='ocrx_word' id='word_1_435' title='bbox 10 3340 99 3827; x_wconf 95' lang='lat' dir='ltr'><strong><em> </em></strong></span> 
     </span>
    </p>
   </div>
   <div class='ocr_carea' id='block_1_8' title="bbox 1827 3979 1898 4027">
    <p class='ocr_par' dir='ltr' id='par_1_10' title="bbox 1827 3979 1898 4027">
     <span class='ocr_line' id='line_1_45' title="bbox 1827 3979 1898 4027; baseline 0 -20"><span class='ocrx_word' id='word_1_436' title='bbox 1827 3979 1898 4027; x_wconf 74' lang='grc'><strong><em>8*</em></strong></span> 
     </span>
    </p>
   </div>
  </div>
 </body>
</html>
