2456 4264
964 290 1185 320 VOLVHBR
1208 291 1431 322 Tnnnvx.
2156 265 2234 324 52
2247 265 2273 323 1

125 423 208 471 sed
244 421 351 485 quia
387 436 438 469 se
474 422 692 486 relinquit
725 425 919 477 vinceri,
958 426 1044 472 iarn
1082 438 1237 472 omnes
1274 425 1451 478 dicunt,
1489 425 1613 487 quod
1648 424 1884 472 Dominum
1919 424 2175 472 Durandum
2213 432 2284 473 est

124 494 244 542 bona
278 493 510 547 Politista,
559 501 607 542 et
651 498 835 559 egregie
870 496 1071 543 studuit.
1144 496 1247 544 Ideo
1294 496 1430 543 etiam
1466 497 1522 544 ad
1558 509 1717 544 omnes
1752 498 2043 558 compagnias
2081 503 2282 544 vocatur.

124 565 182 612 Et
217 579 354 626 spero
391 567 478 612 iam
516 566 638 629 quod
674 567 850 630 poterit
884 574 1119 629 aspectum
1165 581 1294 615 suum
1342 567 1469 616 foras
1514 568 1693 616 ducere.
1766 567 1847 614 Est
1882 569 2001 615 enim
2039 569 2175 615 homo
2214 582 2284 614 sa-

124 635 391 699 pidissimus
426 639 474 684 in
509 638 775 700 prudentia,
814 645 862 686 et
898 638 986 686 scit
1020 654 1070 686 se
1108 639 1310 686 invenire
1347 641 1391 685 in
1430 652 1586 686 omnes
1621 639 1853 691 homines;
1892 645 1939 685 et
1976 639 2155 701 quando
2181 639 2284 701 quis

89 706 262 755 saliter
297 707 352 755 de
389 722 445 756 eo
482 707 656 772 loquit.
694 716 743 757 et
777 710 866 757 hoc
900 724 994 757 non
1032 710 1128 757 vult
1163 710 1372 763 credere,
1413 717 1522 758 tunc
1546 709 1838 772 reprehendit
1862 709 1988 757 illum
2013 724 2098 772 pro
2125 710 2285 762 stulto.

122 785 174 826 et
207 793 304 825 non
339 779 438 827 vult
472 795 576 828 cum
612 781 694 828 illo
731 780 985 829 circumire.
1056 781 1198 829 Multo
1236 783 1381 842 magis
1417 782 1473 828 de
1510 781 1590 828 illo
1615 780 1815 828 scribere
1840 795 2047 843 possem,
2086 781 2164 828 sed
2190 782 2286 828 haec

124 857 304 898 tautum
340 850 469 898 vobis
505 853 551 898 in
589 865 746 899 aurem
781 852 958 904 scribo,
1005 859 1054 900 et
1097 859 1233 914 peto,
1283 866 1340 898 ne
1386 852 1520 899 felem
1565 859 1645 898 aut
1680 851 1894 912 gallinam
1930 852 2197 914 relinquatis
2233 866 2285 898 ex

124 935 178 968 ca
214 921 418 969 eradere.
488 923 586 970 Non
625 924 745 970 enim
782 923 927 970 multa
963 923 1215 976 sumerem,
1264 923 1386 985 quod
1432 923 1530 972 haec
1574 922 1791 984 experiat.
1864 922 1913 968 In
1961 923 2117 970 futuro
2155 923 2286 984 plura

123 991 255 1040 vobis
291 993 501 1041 scribam.
572 995 748 1042 Interea
794 1001 841 1042 et
886 1009 967 1042 vos
1012 994 1121 1042 mihi
1170 994 1381 1046 scribite.
1430 994 1540 1056 quid
1577 993 1779 1052 faciatiS,
1823 999 1869 1040 et
1906 993 2085 1055 quando
2121 1007 2203 1040 vos
2241 994 2285 1039 in

70 1065 341 1112 minuerem
374 1065 483 1113 dare
517 1065 679 1118 vultis,
725 1067 847 1114 sicut
880 1066 1071 1119 dicitur,
1122 1065 1234 1113 Tota
1271 1065 1469 1112 hominis
1505 1065 1593 1111 vita
1630 1064 1694 1110 nil
1731 1064 1820 1111 nisi
1856 1063 2163 1126 peregrinatio
2200 1072 2285 1111 est.

124 1135 279 1184 Valete
315 1142 364 1184 et
399 1150 580 1200 semper
615 1139 760 1200 magis
796 1137 959 1185 valete.

1181 1344 1230 1397 4.

836 1460 1214 1512 Lambonius
1250 1460 1579 1519 ForestuS‚

485 1557 623 1614 poeta
659 1550 983 1599 carminativus
1018 1550 1136 1598 bene
1170 1550 1451 1598 constitutus
1490 1555 1538 1596 et
1573 1563 1677 1597 mox
1713 1551 1931 1596 emeritus

67 1644 115 1679 ¹⁶
875 1635 1079 1684 Salutem
1115 1635 1400 1684 Poeticanam
1436 1635 1547 1682 dicit

725 1719 985 1770 Domino
1022 1717 1275 1770 Citrino
1313 1716 1700 1769 Schnabelio

675 1808 933 1856 Poetistriae
984 1809 1096 1855 artis
1143 1813 1191 1855 et
1238 1822 1340 1869 quae
1385 1806 1454 1854 illi
1501 1806 1734 1855 adhaerent

908 1893 1154 1942 candidato
1190 1893 1502 1941 meritissimo.

461 2008 658 2063 Citrine,
696 2012 774 2073 qui
811 2009 947 2058 claris
984 2008 1212 2071 quondam
1248 2006 1411 2055 fiducia
1446 2003 1615 2055 rerum'

65 2090 112 2124 2⁰
576 2081 714 2144 Spem
750 2082 930 2130 fructus
966 2080 1106 2128 avidae
1140 2082 1231 2126 vita
1267 2079 1472 2142 pudenda
1512 2086 1604 2127 tuae

461 2152 616 2202 Gratia
650 2167 813 2215 magna
849 2154 939 2200 lovi
978 2153 1128 2215 rapias
1163 2158 1256 2199 tam
1293 2152 1429 2199 chara
1463 2151 1619 2199 licebit

418 2238 440 2273 4
581 2225 769 2278 Oscula,
806 2238 891 2272 nec
926 2224 1130 2272 tenebris
1165 2237 1292 2271 mors
1328 2223 1547 2285 adoperta
1584 2229 1737 2285 caput.

446 2295 576 2344 'Cum
612 2297 697 2344 tibi
733 2297 962 2345 succurrit
997 2297 1265 2343 meritorum
1301 2294 1467 2342 oblivia
1500 2300 1662 2342 nostro

577 2368 784 2432 Amplius
821 2369 867 2415 in
905 2367 1035 2415 lucro
1074 2366 1208 2414 verba
1244 2372 1401 2414 notata
1437 2379 1578 2414 mero.

64 2449 109 2483 ²⁵
462 2439 786 2503 Quadrupedes
822 2442 942 2487 inter
978 2439 1147 2501 rapidi,
1186 2444 1300 2500 quot
1335 2439 1381 2484 in
1418 2437 1531 2485 urbe
1567 2437 1729 2500 figurae

418 2526 442 2561 8
583 2512 725 2560 Casus
761 2512 884 2559 inest
920 2510 1011 2558 illis
1047 2523 1132 2558 nec
1168 2525 1250 2557 sua
1285 2509 1420 2557 verba
1457 2509 1571 2561 fide,

463 2583 534 2631 Nil
570 2584 683 2632 adeo
721 2583 909 2631 fortuna
946 2582 1095 2644 gravis
1133 2595 1267 2644 quam
1304 2581 1508 2643 gramina
1546 2588 1675 2643 pasta

573 2655 673 2703 Non
709 2654 973 2702 honoranda
1009 2655 1101 2701 tuis
1138 2652 1470 2715 consiliumque
1508 2652 1641 2713 sugit.

461 2726 543 2775 Est
577 2727 649 2775 via
685 2726 871 2774 declivis
907 2726 963 2773 de
1001 2732 1098 2773 tota
1134 2725 1319 2771 flumina
1356 2730 1492 2771 terra.

66 2805 111 2840 3⁰
402 2813 445 2848 12
584 2798 765 2846 Lucifer
799 2811 825 2845 e
861 2797 989 2846 coelis
1027 2810 1208 2858 semper
1241 2809 1421 2843 amarus
1459 2795 1558 2842 erit.

461 2868 577 2928 Quid
611 2869 786 2918 multa?
824 2869 1024 2917 studium
1061 2868 1249 2917 calcatis
1287 2866 1500 2915 sordibus
1537 2867 1649 2914 uvis.

575 2941 656 2990 Est
691 2943 890 3005 pretium
927 2954 1065 3004 parve
1100 2938 1287 2987 vulnera
1325 2938 1477 2987 cordis
1513 2951 1602 3001 ope

234 3138 274 3169 ⁸⁰
302 3137 492 3196 dicim]
522 3139 598 3183 Cf.
619 3138 924 3183 Ecclesiastae
953 3137 1056 3180 VII.
1081 3136 1121 3181 1.

235 3209 274 3240 ¹⁸
305 3211 622 3255 Gelbeclmabel.
683 3209 717 3238 ¹⁸
748 3209 912 3266 quond.
938 3209 975 3254 f.-
994 3206 1100 3263 rer.]
1134 3206 1253 3250 Ouid.
1274 3207 1330 3250 V.
1352 3206 1492 3249 Trist.
1515 3206 1594 3249 VI.
1618 3206 1656 3248 1.
1717 3205 1757 3232 ²⁰
1787 3205 1943 3261 Spem.
1966 3205 2022 3250 fr.
2046 3203 2138 3262 am]
2173 3206 2293 3249 Ouid.

121 3283 185 3327 11.
207 3297 265 3326 ex
282 3284 433 3327 Ponto
452 3282 540 3325 m.
566 3280 636 3324 16.
724 3282 825 3325 vita
861 3280 1078 3337 pudenda
1117 3292 1199 3322 suo
1239 3282 1331 3321 est:
1374 3278 1494 3322 Om‘d.
1523 3278 1603 3323 IV.
1624 3278 1765 3320 Trist.
1796 3277 1882 3321 111.
1906 3275 1976 3322 48.
2060 3276 2097 3306 ²¹
2131 3278 2210 3322 Gr.
2233 3291 2293 3320 m.

121 3350 245 3411 lovi]
284 3354 435 3397 Tibuu.
455 3354 497 3396 1.
516 3354 628 3406 4‚23.
717 3366 817 3408 rap.
909 3352 987 3395 lic.
1011 3348 1138 3405 Osc.]
1171 3350 1243 3394 Id.
1266 3351 1303 3393 I.
1325 3350 1437 3402 4‚53.
1522 3347 1559 3376 ²²
1589 3353 1683 3392 ten.
1714 3362 1774 3392 m.
1808 3362 1851 3394 a.
1873 3346 1997 3405 πμ]
2028 3350 2101 3393 Id.
2122 3350 2162 3393 1.
2187 3349 2293 3403 l,70.

119 3424 160 3454 ²²
188 3426 293 3469 Non
322 3425 411 3468 tibi
440 3437 594 3468 succ.:
628 3425 747 3468 Ovid.
769 3426 856 3480 Ep.
878 3425 959 3466 IX.
983 3421 1053 3466 67.
1140 3435 1249 3464 mer.
1272 3435 1313 3463 ο.
1339 3418 1399 3476 n.]
1423 3420 1543 3464 Ouid.
1565 3421 1603 3462 1.
1624 3420 1764 3463 Trist.
1788 3421 1841 3463 V.
1864 3419 1933 3463 53.
2019 3417 2058 3448 ²⁴
2086 3421 2141 3465 A.
2163 3421 2212 3463 in
2241 3419 2293 3478 1.]

122 3496 243 3541 naid.
265 3496 352 3540 111.
374 3494 447 3538 68.
554 3495 701 3539 verba
730 3507 774 3537 n.
796 3493 871 3551 ιιι.]
906 3494 1025 3537 Ouid.
1046 3495 1084 3536 1.
1106 3492 1257 3535 Amor.
1280 3492 1360 3534 IV.
1381 3490 1452 3534 20.
1539 3490 1578 3518 ²⁸
1607 3492 1662 3543 Q.
1685 3492 1716 3533 i.
1740 3489 1856 3548 ιαμ]
1890 3490 2008 3536 ovid.
2027 3491 2127 3537 Art.
2150 3506 2237 3537 am.
2258 3492 2295 3534 1.

122 3566 222 3627 629.
336 3566 376 3594 ²⁸
406 3565 553 3610 Casus
583 3569 708 3609 inest
737 3563 856 3623 illic]
892 3565 1012 3609 Ouid.
1035 3564 1134 3607 Art.
1156 3577 1246 3606 am.
1268 3561 1331 3606 11.
1354 3562 1424 3607 40.
1540 3562 1578 3590 ²⁷
1607 3561 1684 3605 Nil
1716 3563 1792 3606 ad.
1816 3562 1849 3606 f.
1873 3561 1962 3620 gn]
1998 3562 2116 3605 onia.
2139 3562 2216 3605 1v.
2240 3575 2295 3605 ex

122 3640 275 3683 Ponto
302 3637 383 3681 IV.
404 3637 447 3683 ὗ.
537 3650 673 3692 quam
704 3637 912 3692 gramine
943 3634 1006 3692 p.]
1033 3634 1153 3678 Ibid.
1175 3634 1298 3677 VIII.
1322 3634 1392 3677 41.
1449 3632 1486 3661 ²⁸
1518 3633 1860 3690 Consiliumque
1893 3631 2001 3691 fuit]
2027 3634 2145 3676 Ovid.
2167 3634 2294 3675 Fast.

122 3710 187 3754 11.
207 3707 307 3752 276.
339 3708 595 3751 Consilium
627 3709 837 3764 fugiunt:
872 3707 992 3751 Ouid.
1015 3707 1155 3750 Trist.
1178 3706 1233 3748 V.
1256 3704 1326 3748 32.
1406 3704 1443 3732 ²⁹
1475 3706 1562 3748 Est
1590 3719 1635 3749 v.
1657 3703 1795 3760 doch]
1819 3703 1940 3747 Ovtd.
1964 3706 2072 3747 Met.
2096 3704 2172 3744 lv.
2194 3702 2292 3745 432.

124 3781 183 3824 de
213 3781 346 3825 clivis
367 3782 465 3823 edd.
489 3782 653 3834 primoe.
742 3778 800 3821 de
822 3782 854 3821 t.
876 3780 921 3821 fl.
942 3778 992 3835 t.]
1016 3779 1133 3821 Ibid.
1156 3777 1283 3822 VIII.
1305 3775 1405 3820 836.
1463 3775 1502 3804 ⁸⁰
1529 3778 1643 3820 Luc.
1668 3790 1693 3819 e
1714 3780 1832 3819 toto:
1857 3776 1979 3818 Cous.
2002 3777 2062 3817 ad
2079 3776 2172 3816 Lt'v.
2194 3772 2291 3815 407.

124 3851 159 3881 ²¹
192 3851 310 3896 calc.
331 3865 369 3896 s.
390 3850 455 3908 u.]
484 3851 601 3895 Ouid.
622 3851 733 3894 Met.
756 3849 817 3893 11.
848 3849 921 3894 29.
988 3849 1026 3877 ⁸²
1055 3850 1117 3892 Et
1144 3849 1342 3905 pretium
1372 3846 1536 3904 plena:
1575 3847 1723 3891 Tibull.
1755 3846 1925 3902 1.,9,.·›2.
2012 3844 2135 3887 vuln.
2160 3857 2199 3887 c.
2230 3841 2290 3898 00]

126 3924 246 3968 Ouid.
267 3924 305 3968 1.
326 3937 383 3968 ex
410 3925 558 3967 Ponto
588 3922 675 3966 111.
695 3922 765 3965 22.
