2456 4264
554 300 610 337 50.
631 305 802 334 Aponi-‘1
826 307 1104 338 cnlnossson.
1165 305 1221 340 51.
1246 310 1437 338 lOANNIS
1462 311 1739 340 nannenten.
2100 289 2221 347 267

1103 507 1189 566 51.
1234 543 1238 547 -

108 676 137 733 ,ς
194 629 212 731 ¹*
309 628 352 679 (1
392 619 789 684 Iohannes
841 623 1253 685 Helferich
1290 625 1342 686 L
1357 626 1584 687 atine
1610 626 1979 711 Iuppiter

816 736 1148 807 Magistro
1188 737 1479 791 Oitxino

130 853 137 867 ³
173 844 213 861 ”
250 871 255 888 ι
324 865 437 900 cum
475 850 745 902 humillima
786 853 1213 905 commendatione
1250 855 1340 904 sui.
1414 854 1708 905 venerabilis
1745 857 1939 907 domine
1978 859 2220 923 Magister,

177 937 183 942 ’
227 933 449 989 scribitis
485 936 607 987 mihi
643 937 776 1003 quod
812 937 1002 989 habetis
1039 928 1411 989 admirationem
1457 939 1634 990 abinde
1672 941 1800 1006 quod
1841 957 1959 991 voco
1998 959 2075 993 me
2114 945 2223 1009 lup·

140 1034 146 1045 ³
208 1060 229 1079 .
269 1020 446 1073 Sciatis
490 1022 624 1088 quod
660 1023 859 1088 quando
898 1026 1009 1074 steti
1047 1025 1257 1088 Vienne,
1308 1029 1424 1074 tunc
1461 1024 1620 1074 audivi
1659 1024 1895 1076 lectiones
1932 1028 1978 1077 iu
2018 1030 2221 1092 poetria,

130 1107 136 1110 '
172 1105 247 1156 ·ιί
277 1104 350 1157 ibi
385 1106 586 1172 quidam
631 1109 822 1159 iuvenis
868 1116 1011 1175 poeta
1060 1110 1146 1174 qui
1183 1108 1275 1160 fuit
1311 1109 1581 1174 discipulus
1619 1110 1832 1161 Cunradi
1872 1110 2017 1162 Celtis
2056 1119 2103 1163 et
2143 1130 2223 1163 vo-

27 1190 30 1198 “
145 1212 185 1232 ιι
244 1191 489 1256 Georgius
514 1191 731 1244 SibutuS.
807 1196 912 1260 ipse
951 1194 1040 1244 fuit
1077 1196 1239 1245 socius
1276 1209 1416 1245 meus
1455 1201 1503 1243 ct
1541 1210 1736 1260 semper
1774 1195 1953 1247 suimus
1990 1213 2102 1248 una.
2166 1200 2225 1250 Et

76 1268 170 1341 ff*
233 1275 354 1327 mihi
404 1283 473 1327 ‘tu
522 1277 678 1329 debes
729 1281 893 1329 vocari
942 1280 1185 1346 Iuppiter,
1237 1281 1347 1345 quia
1386 1279 1570 1345 Iupiter
1621 1280 1767 1330 iatine
1816 1288 1906 1332 est
1925 1282 2052 1333 idem
2093 1284 2222 1349 quod

162 1389 164 1400 ι
209 1361 322 1413 ich
357 1364 639 1415 teutonice’.
702 1371 751 1415 et
774 1366 845 1414 sic
872 1371 1047 1415 vocant
1083 1381 1163 1416 me
1200 1379 1333 1415 nunc
1370 1365 1601 1430 Iuppiter
1676 1365 1769 1416 Sed
1811 1366 1889 1417 ille
1926 1374 2068 1432 poeta
2095 1384 2226 1419 nun(

122 1436 543 1519 Wittenbergk,
599 1456 647 1500 et
693 1449 759 1500 ibi
808 1452 998 1516 aceepit
1050 1466 1196 1501 unam
1247 1452 1495 1516 antiquam
1544 1450 1752 1501 vetulam
1801 1467 1895 1517 que
1938 1454 2051 1503 vixit
2088 1455 2226 1506 annis

113 1599 117 1602 ι
172 1554 195 1576 ιι
249 1533 374 1591 inta
411 1540 523 1584 octo
572 1535 645 1585 vel
692 1534 840 1601 paulo
884 1535 1012 1603 plus
1087 1537 1192 1601 Ego
1240 1537 1310 1587 t'ui
1357 1536 1510 1587 semel
1556 1538 1605 1587 in
1656 1537 1802 1586 domo
1850 1538 1976 1595 eius,
2028 1539 2223 1604 quando

23 1666 26 1674 ,
246 1620 311 1670 vi
357 1635 418 1670 ex
453 1620 670 1672 Prussia.
745 1627 864 1671 tunc
910 1620 991 1672 illa
1040 1621 1201 1673 vetula
1248 1622 1374 1672 sedit
1421 1629 1557 1673 retro
1605 1621 1871 1673 fornacem.
1948 1623 2086 1674 Tunc
2125 1625 2223 1675 dixi

93 1705 124 1713 ’
150 1702 255 1757 ‘Est
299 1706 392 1756 ista
429 1705 586 1756 Mater
622 1707 830 1757 vestra?
867 1706 1140 1773 Respondit
1178 1707 1326 1766 ‘Non,
1367 1708 1452 1758 sed
1491 1713 1565 1758 est
1590 1707 1790 1758 Femina
1830 1715 1877 1758 et
1912 1709 2046 1760 Uxor
2080 1711 2221 1760 mea'.

33 1817 36 1833 ·
104 1788 264 1855 dixi
299 1792 369 1842 ei:
421 1789 600 1850 ‘Quare
647 1794 921 1858 sumpsistis
958 1794 1022 1843 ita
1059 1794 1308 1859 antiquam
1354 1791 1609 1844 vetulam?
1655 1792 1927 1859 Respondit
1974 1794 2104 1860 quod
2153 1802 2226 1845 est

24 1933 25 1940 χ
179 1898 220 1921 ιι
264 1876 394 1928 bona
430 1878 484 1928 in
519 1877 860 1929 fornicatione.
935 1879 996 1929 Et
1044 1880 1187 1928 etiam
1235 1878 1383 1929 habet
1431 1877 1637 1929 muitum
1685 1881 1894 1944 pecunie
1942 1886 1990 1930 et
2026 1881 2117 1930 scit
2154 1880 2223 1930 sa-

23 1989 26 2005 ι
78 1949 146 2026 ’μ
216 1961 399 2013 bonam
436 1962 762 2022 Cerevisiam‚
803 1971 852 2015 et
876 1971 1044 2029 postea
1074 1964 1237 2014 vendit
1262 1979 1369 2014 eam
1410 1970 1457 2014 et
1494 1963 1677 2028 colligit
1714 1966 2006 2030 pecuniam'.
2082 1965 2221 2015 Tunc

140 2064 191 2097 =
246 2046 392 2098 ‘bene
429 2046 646 2100 fecistis'.
720 2050 781 2100 Et
836 2050 1135 2115 interrogavi
1191 2050 1456 2114 ‘quomodo
1513 2057 1714 2100 vocatur
1763 2049 1962 2100 Femina
2021 2057 2177 2101 vestra
2190 2052 2221 2100 ’ξ’

3 2198 6 2199 ⁷
95 2188 114 2201 „
211 2133 360 2183 ιιιίε
410 2132 532 2199 ‘Ego
582 2149 704 2184 voco
751 2151 859 2185 eam
899 2135 1112 2186 Corinna
1163 2150 1293 2190 mea,
1345 2134 1518 2185 Lesbia
1558 2150 1693 2192 mea,
1743 2141 1791 2184 et
1827 2134 2031 2200 Cynthia
2079 2134 2217 2186 mea'.

5 2201 30 2306 ζ
214 2223 470 2270 transeant
517 2218 614 2270 illa.
690 2220 914 2272 Scribitis
961 2221 1092 2287 quod
1142 2221 1330 2270 videtur
1379 2220 1514 2270 vobis
1563 2220 1692 2286 quod
1731 2220 1891 2270 statim
1931 2221 2024 2271 erit
2061 2227 2220 2271 extre·

14 2319 15 2323 ¹
64 2363 67 2365 ‚
101 2301 108 2306 ⁴
237 2303 492 2356 iudicium.
566 2305 689 2365 Quia
727 2306 941 2357 mundus
979 2308 1042 2356 ita
1081 2321 1213 2356 nunc
1252 2312 1326 2356 est
1361 2307 1611 2371 peioratus
1649 2305 1779 2371 quod
1819 2320 1916 2355 non
1956 2313 2030 2357 est
2066 2307 2221 2371 possi-

151 2427 157 2431 ,
196 2389 333 2457 quod
382 2397 545 2458 potest
594 2390 806 2458 amplius
852 2393 1092 2457 peiorari,
1143 2398 1192 2442 et
1238 2391 1462 2441 homines
1512 2390 1696 2441 babent
1741 2392 1811 2441 sic
1858 2390 2013 2441 malos
2056 2396 2222 2456 gestus

68 2532 77 2550 Α,
148 2504 184 2514 ·=
235 2482 314 2527 est
346 2475 591 2528 mirabile.
667 2477 793 2538 Quia
831 2479 1031 2528 iuvenes
1070 2475 1237 2527 volunt
1274 2491 1328 2527 se
1365 2478 1659 2543 equiparare
1707 2474 1932 2533 senibus,
1980 2483 2027 2526 et
2078 2476 2221 2527 disci-

40 2547 65 2595 ”·
98 2567 156 2602 ··ῑ
212 2561 487 2628 magistris,
536 2568 587 2614 et
633 2563 806 2630 {uriste
843 2562 1132 2628 Theologis:
1184 2569 1232 2612 et
1278 2569 1350 2613 est
1397 2577 1573 2627 magna
1623 2562 1872 2618 consusi0‚
1923 2567 1971 2611 et
2016 2568 2223 2626 surgunt

11 2627 217 2724 πμ
245 2646 454 2713 heretici
491 2655 542 2699 et
589 2648 778 2713 pseudo
817 2649 1100 2706 Christiani,
1152 2648 1395 2699 lohannes
1432 2645 1695 2705 Remmia,
1747 2647 1979 2697 Erasmus
2017 2646 2222 2697 Rotero·

37 2727 256 2794 rhu,
292 2731 565 2784 Bitibauus
602 2735 768 2784 nescio
806 2736 931 2800 quis,
971 2742 1021 2786 et
1057 2733 1285 2785 Uiricbus
1322 2733 1578 2789 Huttenus,
1619 2732 1930 2783 Hermannus
1967 2731 2221 2786 Buschius.

38 2812 275 2892 Beth-
309 2817 707 2884 wimpbelingus
754 2821 837 2886 qui
889 2822 1089 2886 scripsit
1135 2824 1305 2869 contra
1355 2820 1762 2884 Augustinenses,
1814 2824 1861 2868 et
1907 2816 2224 2867 Sebastianus

37 2896 222 2967 m
254 2904 341 2972 qui
375 2904 577 2970 scripsit
612 2913 783 2955 contra
810 2904 1154 2971 Predicatores
1192 2905 1337 2970 (quod
1378 2905 1441 2954 sit
1477 2904 1570 2955 deo
1609 2905 1949 2969 conquistum)
1988 2908 2034 2951 et
2072 2908 2222 2953 teme-

65 2987 199 3050 luia
230 2988 478 3056 vssuperat
513 3003 614 3040 eos,
688 2989 751 3040 Et
786 2991 857 3041 sic
894 2989 1044 3042 multa
1084 2989 1309 3041 scandala
1349 2997 1559 3055 surgunt
1595 2990 1645 3039 in
1683 2988 1792 3046 nde,
1833 2995 1882 3037 et
1919 2986 2046 3037 bene
2074 2987 2222 3037 eredo

12 3070 233 3138 umus,
281 3074 394 3140 quia
442 3073 539 3139 legi
586 3074 718 3141 quod
767 3074 876 3126 talia
928 3074 1111 3126 debent
1160 3064 1438 3126 immediati!
1484 3074 1751 3140 precedere
1789 3078 2063 3122 extremum
2100 3071 2222 3121 iudi-

40 3156 214 3212 νὴιιι.
287 3158 387 3210 Sed
421 3158 584 3210 adbuc
622 3159 750 3211 aliud
792 3160 900 3211 volo
937 3162 1215 3226 significare
1256 3159 1390 3210 vobis
1440 3159 1568 3226 quod
1619 3158 1774 3208 audivi
1825 3163 1872 3206 ct
1918 3156 2102 3207 dictum
2151 3162 2225 3208 est

44 3241 191 3295 Mhi
225 3244 468 3297 veraciter
504 3243 567 3296 ab
606 3260 707 3295 uno
745 3244 975 3310 religioso
1013 3252 1178 3311 patre,
1229 3245 1357 3311 quod
1398 3245 1575 3294 dicitur
1616 3258 1705 3308 pio
1744 3249 1880 3291 certo
1918 3241 2047 3308 quod
2086 3242 2221 3292 Anti-

48 3322 292 3381 *utu
328 3334 404 3380 est
440 3336 607 3380 natus:
646 3331 732 3381 sed
772 3337 846 3381 est
882 3330 1043 3381 adbuc
1082 3345 1276 3397 parvus.
1353 3329 1507 3379 Etiam
1548 3329 1667 3378 dixit
1691 3326 1822 3393 quod
1851 3328 1975 3377 sacta
2002 3332 2076 3378 est
2101 3342 2220 3392 que·

42 3391 182 3478 ᾘ
204 3412 438 3465 revelatio
465 3414 656 3465 cuidam
684 3415 936 3465 ordininis
962 3417 999 3465 (3
1001 3414 1395 3465 artbusiensium.
1472 3413 1564 3471 Qui
1590 3411 1787 3478 quando
1814 3411 1964 3462 senne!
1992 3411 2222 3462 dormivit

136 3496 270 3551 zella
296 3514 401 3556 sua,
439 3499 623 3549 audivit
663 3514 808 3549 uiuam
847 3515 1016 3549 vocem
1056 3499 1116 3548 dc
1154 3498 1258 3563 celo
1296 3498 1569 3548 dicentem.
1613 3496 1812 3548 ‘Peribit
1838 3497 2066 3553 mundus.
2107 3512 2219 3562 per·

193 3583 425 3642 mundum
465 3582 644 3650 peribit
671 3584 913 3634 mundus'.
989 3583 1129 3633 Tun«
1167 3583 1248 3633 111(
1288 3582 1544 3645 reiigiosus
1570 3583 1729 3632 timuit
1765 3588 1814 3631 et
1852 3580 2002 3631 voluit
2037 3580 2216 3646 aliquid

51 3654 341 3711 ῥέῃ-ἕῳ

64 3773 75 3780 .
179 3736 201 3766 ¹
226 3737 428 3782 Ioannes
448 3744 489 3780 5.
593 3738 611 3765 ⁸
641 3740 701 3781 M.
726 3743 769 3781 4.
874 3741 892 3764 ··
923 3754 947 3780 e
970 3743 1011 3781 4.
1122 3740 1166 3780 iu
1189 3741 1230 3780 ⁴.
1337 3741 1354 3764 ⁹
1386 3751 1431 3793 qt
1466 3739 1671 3793 luppiter
1690 3742 1730 3782 5.
1841 3737 1874 3764 ¹⁰
1904 3737 1975 3778 He
2008 3735 2152 3777 fei-ich
2174 3738 2214 3776 5.

56 3798 110 3851 ⁹!
135 3808 443 3854 winberch
473 3814 514 3851 5.
604 3823 691 3864 que
714 3813 754 3852 4.
849 3810 882 3837 ¹³
914 3809 1001 3851 nia
1023 3813 1063 3852 4.
1155 3808 1189 3836 ¹⁸
1221 3824 1244 3850 e
1269 3813 1309 3851 4.
1401 3808 1433 3835 ¹⁹
1467 3840 1476 3850 .
1502 3814 1550 3851 et
1581 3822 1666 3863 ego
1699 3811 1735 3850 4.
1791 3820 1838 3851 .2
1870 3820 1955 3861 ego
1976 3810 2016 3848 5.
2127 3804 2210 3844 Οι-

71 3875 270 3925 mad.
280 3884 324 3923 5.
402 3879 440 3908 ²⁸
470 3894 496 3922 e
519 3883 559 3923 4.
641 3881 839 3923 lomnes
860 3885 901 3922 5.
982 3880 1020 3907 ¹⁰
1050 3881 1309 3923 normanus
1330 3884 1370 3924 5.
1451 3879 1488 3906 ²⁷
1518 3878 1855 3935 winpbelingue
1888 3879 1927 3918 4.
1940 3881 1978 3917 5.
2057 3874 2090 3900 ²⁸
2123 3889 2145 3912 e
2172 3875 2212 3913 4.

73 3941 160 3976 ⁸·
188 3949 489 3995 Antichzistuu
520 3956 560 3993 5.
651 3949 689 3977 ⁸⁸
720 3965 744 3993 e
777 3953 817 3993 4.
