2456 4264
246 307 369 367 388
642 328 1031 359 LAMENTATIONES
1055 328 1362 357 OBSGVROBVM
1383 327 1829 357 REVGHLINISTARVH
1849 327 1999 359 NOVAE.

248 462 580 511 Obscurorum
617 460 789 518 nuqiS,
832 458 904 504 ad
937 458 1387 505 ultramundanam
1424 470 1501 505 me
1535 458 1730 505 contuli
1766 455 2131 517 Theoloqorum
2167 459 2392 519 specula·

245 549 450 604 tionem,
501 548 556 591 ut
592 543 716 603 quid
741 541 927 599 facere
953 546 1162 602 possent
1196 543 1385 601 littere,
1436 542 1757 602 experientia
1793 542 1955 601 maqis
1991 555 2141 602 quam
2179 543 2393 591 aliorum
2452 536 2456 538 ’

244 627 727 677 recommendatione
761 627 980 674 metirer.
1056 613 1334 674 Lectitanti
1366 628 1538 686 itaque
1573 625 1699 672 mihi
1721 625 1895 685 (quum
1920 626 2158 674 iudicium
2183 627 2392 674 habeam
2447 629 2456 694 ζ

244 714 315 761 ad
331 711 774 773 perpendiculum,
816 710 888 756 ad
911 711 1242 770 amussimque
1267 711 1574 770 quadratum
1571 711 1601 769 )
1641 709 1770 756 nihil
1784 711 1992 771 penitus
2017 711 2153 770 quod
2177 712 2393 759 animum
2451 711 2456 788 j

245 796 518 844 oblectaret
563 796 745 844 inveni.
820 795 1182 841 Fastidientem
1224 793 1451 852 fortasse
1495 793 1805 842 stomachum
1850 794 2135 842 multicolor
2181 790 2456 856 offendit5!

243 881 406 941 cibus,
465 885 513 928 et
557 880 925 940 eleqantissima
972 892 1163 938 queque
1210 879 1479 937 dequstare
1524 879 1748 938 solitum,
1810 878 2039 938 impolita
2087 879 2150 926 ab
2196 880 2396 939 incepto

243 967 419 1013 reiecit
465 966 645 1013 oratio,
721 962 782 1011 Si
823 964 951 1010 enim
996 963 1084 1010 sub
1130 976 1290 1010 meam
1334 975 1598 1011 censuram
1646 963 1910 1022 aleamque
1954 974 2099 1020 sacre
2144 964 2398 1024 scripture
2447 962 2456 1038 j

245 1051 471 1098 venirent
505 1050 830 1109 interpretes,
872 1060 1189 1107 nequaquam
1227 1061 1310 1095 eos
1338 1047 1527 1107 priscis
1562 1047 1733 1106 linque
1769 1047 1926 1104 latine
1952 1048 2245 1095 auctoribus
2267 1060 2396 1095 com·

235 1123 501 1195 pararem.¹
575 1131 718 1180 Nihil
751 1131 823 1179 ibi
857 1132 1124 1191 (quantum
1159 1145 1319 1180 meum
1351 1130 1462 1189 fert
1498 1131 1766 1191 iudicium)
1803 1131 1943 1178 intra
1986 1131 2094 1178 dies
2122 1133 2229 1179 tris
2267 1132 2396 1192 (qui-
2451 1125 2456 1190 ἶ

245 1220 335 1267 bus
370 1232 446 1266 me
482 1222 636 1265 totum
673 1218 750 1264 illi
784 1217 1104 1277 dedicaram)
1143 1217 1369 1264 invenire
1395 1216 1565 1275 potui,
1619 1215 1757 1275 quod
1801 1216 1881 1263 vel
1916 1215 2010 1262 M.
2032 1213 2286 1263 Ciceronis
2321 1217 2398 1263 vel
2415 1197 2456 1296 ις’

255 1303 472 1362 Verqilii
502 1303 760 1349 lucernam
798 1302 969 1349 oleret.
1046 1300 1174 1348 Eam
1212 1301 1372 1360 iqitur
1416 1313 1568 1360 quam
1614 1300 1731 1348 dixi
1769 1300 2081 1360 scripturam
2130 1300 2265 1347 hisce
2302 1300 2398 1347 Pa·
2435 1297 2456 1372 1

236 1388 377 1449 pinii
409 1386 573 1435 verbis
610 1387 939 1446 alloquimur,

991 1483 1084 1518 nec
1121 1474 1174 1518 tu
1211 1470 1432 1518 divinam
1470 1469 1670 1534 Eneida
1707 1473 1869 1529 tenta,

584 1554 690 1603 Sed
722 1556 871 1615 lonqe
906 1567 1112 1615 sequere
1147 1559 1194 1602 et
1231 1556 1443 1614 vestiqia
1478 1567 1676 1615 semper
1702 1539 1895 1602 adora.

251 1641 572 1702 Quapropter
616 1654 679 1688 ne
725 1652 910 1700 aquam
956 1639 1126 1686 cribro
1172 1637 1465 1699 infundam,
1517 1653 1640 1687 neve
1676 1639 1972 1702 Anticyram
2012 1644 2188 1700 petens
2222 1639 2429 1704 ⁴Helle-1

246 1727 368 1774 boro
407 1725 486 1783 (ut
519 1725 741 1784 theoloqi
774 1724 968 1783 volunt)
1007 1724 1265 1771 cerebrum
1301 1737 1581 1784 eaepurqem
1618 1737 1801 1783 meum,
1851 1724 2162 1782 secularibus
2197 1737 2290 1783 eqo
2324 1724 2401 1770 lit-

247 1811 369 1858 teris
412 1813 699 1868 contentus,
749 1812 904 1856 totam
951 1809 1052 1855 illis
1096 1808 1363 1867 leyendam
1409 1809 1658 1868 relinquo.
1737 1808 1966 1857 Ceterum
2011 1810 2057 1856 si
2092 1821 2123 1855 a
2160 1822 2238 1856 me
2272 1809 2404 1856 scire
2446 1815 2447 1818 ’

248 1895 534 1953 desideraS,
585 1907 736 1954 quam
778 1893 1088 1953 potissimum
1137 1892 1194 1940 ob
1240 1900 1446 1939 causam
1493 1905 1670 1940 sacros
1718 1906 1811 1953 eqo
1849 1893 2039 1953 aliquot
2075 1894 2280 1951 ecclesie
2316 1893 2402 1941 do·
2426 1879 2438 1903 ⁵

246 1984 410 2027 ctores
455 1980 614 2026 minus
660 1991 844 2037 amem,
895 1977 954 2024 ob
1003 1977 1163 2036 hanc,
1215 1977 1445 2037 inquam,
1498 1977 1637 2037 quod
1679 1977 1913 2034 omnibus>
1947 1979 1997 2025 in
2045 1978 2168 2026 locis
2205 1977 2402 2038 pseudo

247 2064 550 2112 christianos
589 2062 786 2123 (quales
816 2059 1042 2120 fortasse
1077 2074 1167 2108 nos
1201 2063 1391 2121 sumus)
1429 2075 1606 2109 severa
1640 2075 1836 2123 semper
1870 2063 2207 2122 castiqatieme
2230 2075 2424 2123 repre--

245 2149 488 2196 hendant.
564 2147 699 2196 Hinc
735 2147 866 2195 illud
900 2148 1110 2194 ascitum
1147 2151 1219 2193 est
1260 2144 1486 2194 Terentii
1506 2148 1680 2208 patris
1716 2148 1880 2195 nostri
1914 2147 2180 2207 adaqium,

588 2230 881 2292 Obsequium
919 2232 1130 2290 amicos,
1171 2233 1359 2279 veritas
1397 2231 1564 2280 odium
1592 2233 1758 2293 parit.
1795 2264 1810 2272 -

259 2319 384 2367 Vale
421 2330 533 2366 cum
570 2317 690 2377 tuis,
742 2321 791 2364 et
826 2316 951 2376 quid
985 2317 1093 2376 ipse
1127 2317 1318 2363 sentias
1354 2317 1620 2376 responde.
1698 2316 1783 2364 Ex
1823 2309 2054 2376 Tubinqa
2090 2323 2188 2360 JV.
2229 2316 2432 2364 halem·

249 2403 343 2451 das
382 2401 631 2451 Octobres.

1279 2549 1366 2610 36.
1398 2550 1403 2555 ’

1086 2683 1128 2730 (Ι
1184 2670 1567 2728 Casearius

1104 2783 1424 2842 Malachie
1459 2797 1552 2832 suo

1142 2888 1145 2892 ’
1204 2881 1278 2930 .S.
1307 2882 1364 2930 P.
1392 2882 1455 2931 D.

391 2994 545 3043 Recte
572 2993 739 3055 facis,
779 2996 851 3043 mi
883 2995 1175 3043 charissime
1200 2996 1488 3056 Malachia‚
1530 2996 1664 3056 quod
1697 2997 1860 3044 sacris
1895 2995 2190 3057 quibusdam
2225 2996 2403 3044 litteris
2452 3040 2456 3042 .

255 3079 342 3126 abs
387 3085 434 3127 te
478 3081 530 3127 in
575 3081 781 3128 exilium
827 3081 1009 3140 missis,
1059 3081 1218 3128 solam
1263 3081 1540 3140 eloquentie
1585 3082 1920 3139 maiestatem,
1979 3082 2235 3141 solamque
2281 3081 2398 3140 (que

253 3164 394 3222 apud
439 3169 670 3212 oratores
723 3169 917 3213 tantum
964 3168 1036 3212 est
1082 3169 1130 3211 et
1165 3152 1372 3225 poetas)
1430 3164 1552 3211 bene
1596 3166 1802 3213 dicendi
1851 3166 1973 3225 vim,
2034 3166 2165 3214 velut
2211 3164 2402 3226 Apolli-

255 3247 333 3293 nis
379 3249 542 3294 nostri
584 3250 871 3309 oraculum,
931 3249 1151 3297 studiose
1198 3249 1430 3309 excolas,
1486 3256 1870 3311 reverenterque
1917 3250 2114 3298 adores.
2199 3250 2402 3298 Verum-

255 3335 420 3377 tamen
476 3335 587 3379 tuas
641 3334 713 3380 ad
755 3347 831 3380 me
874 3335 1072 3381 litteras
1117 3335 1170 3381 in
1215 3335 1468 3382 convivali
1509 3348 1674 3395 nuper
1716 3347 1944 3382 sermone
1992 3334 2074 3393 (id
2118 3334 2256 3394 quod
2297 3334 2414 3381 sine.

254 3413 528 3475 lachrymis
564 3417 732 3463 dicere
767 3431 867 3465 non
898 3421 1124 3479 possum)
1162 3419 1347 3466 nostris
1382 3419 1745 3467 contribulibus
1780 3421 2038 3479 recitanti,
2080 3418 2283 3479 quidam
2318 3417 2402 3465 Iu-

254 3499 603 3558 risconsultus,
664 3506 920 3548 emunctas
963 3507 1320 3563 purqatasque
1373 3516 1526 3551 nares
1580 3504 1793 3563 habens,
1859 3508 2084 3552 tortuoso
2138 3501 2401 3564 respondit
2453 3511 2456 3513 ’

255 3583 423 3641 vultu,
470 3581 600 3629 ‘Non
626 3584 895 3633 Falernum
933 3584 1116 3633 canes'.
1191 3586 1393 3635 Adiecit
1429 3601 1625 3648 quoque
1660 3601 1768 3636 eum
1784 3589 1990 3649 penitus
2014 3591 2255 3635 amentem
2280 3579 2398 3646 esse,
2450 3575 2456 3612 9

256 3667 344 3726 qui
375 3670 599 3713 sanctum
635 3669 757 3714 cani
790 3669 896 3725 det,
936 3673 983 3715 et
1018 3673 1137 3716 ante
1171 3683 1304 3718 suem
1341 3685 1487 3720 rosas
1522 3673 1934 3733 marqaritasque
1970 3673 2260 3732 disperqat,
2312 3658 2416 3718 nos'

236 3801 240 3808 ,
245 3763 435 3812 porcos
462 3750 599 3810 proh
637 3751 783 3798 dolor
817 3753 1129 3812 siqnificans,
1172 3756 1259 3813 qui
1293 3759 1498 3803 terrena
1526 3758 1695 3817 pluris
1731 3769 1881 3817 quam
1903 3756 2104 3814 celestia
2121 3754 2408 3827 faciamus>¹
2441 3795 2445 3797 -

372 3930 406 3957 ¹²
435 3930 548 3973 scat.
570 3931 716 3974 Theb.
735 3931 841 3973 ΧΗ.
864 3929 960 3973 816.
978 3943 1051 3985 sq.
1075 3929 1154 3983 (em
1182 3930 1379 3985 Fausto.)
1475 3933 1511 3959 1⁶
1540 3934 1715 3988 thologi
1745 3939 1787 3976 2.
1877 3934 1913 3961 ²2
1949 3935 2047 3976 Ter.
2069 3935 2208 3977 Andr.
2230 3937 2267 3978 1.
2291 3899 2438 3996 1‚41.T{

2403 4035 2438 4102 „13³
