2456 4264
571 269 713 296 INDEX
736 268 892 296 EORVM
916 268 1018 301 QVAE
1042 268 1130 295 HOC
1154 267 1393 295 VOLVMINE
1417 265 1760 296 CONTINENTVR,
2073 260 2235 299 XXIII

2147 394 2235 435 Pag.

216 467 287 506 est
323 467 370 506 et
406 473 498 505 non
535 463 698 520 potero
736 457 791 503 ad
828 457 946 503 eum’
984 456 1030 501 in
1058 456 1315 507 Ortvinum,
1356 455 1547 500 inertem
1587 456 1812 516 quondam
1851 470 1982 502 suum

215 530 514 592 discipulum,
553 528 815 574 Orationum
853 533 1110 579 auctorem,
1152 527 1370 573 transfert
1409 525 1581 572 Simon.
2088 587 2102 599 ⁸

79 634 162 684 42.
202 627 432 678 Achatius
469 625 744 689 Lampirius
782 623 983 674 Ortvino
1022 624 1205 674 Gratio.
1352 623 1587 672 Romanae
1625 623 1797 673 Curiae.
1876 662 1886 672 .
1965 663 1975 672 .
2016 631 2111 672 252.
2152 631 2235 671 253

213 703 351 749 Docet
388 701 526 746 ritum
563 713 838 760 carmenque
864 699 1269 758 nigromanticum,
1310 713 1400 760 quo
1429 697 1643 745 mulieres
1671 699 1726 744 ad
1751 698 1978 760 perditum

211 786 407 820 amorem
447 772 668 818 incantari
707 771 903 832 possint.
1559 781 1571 796 ¹

73 874 153 926 43.
194 869 322 919 Otho
358 863 754 918 Flerssklirdrius
791 865 991 917 Ortvino
1032 866 1215 917 Grati0.
1360 863 1632 931 Herhipoli.
1699 906 1709 915 .
1787 905 1798 915 .
1876 906 1886 915 .
1965 906 1974 915 .
2014 874 2231 916 253...255

105 943 109 946 ’
209 944 396 990 Ortvino
435 942 665 1002 theologia
702 956 823 988 nunc
859 940 1051 987 florente
1077 940 1338 1001 insignique
1364 942 1688 1001 magistrorum
1715 948 1980 987 nostrorum

209 1016 483 1062 auctoritate
519 1011 737 1074 glorianti
774 1011 1151 1058 lamentabundus
1189 1011 1322 1058 aliter
1358 1012 1403 1056 in
1441 1011 1587 1072 patria
1626 1026 1706 1057 sua
1745 1026 1839 1056 rem
1880 1027 1981 1058 sese

209 1086 375 1133 habere
422 1084 696 1147 respondet,
744 1084 806 1130 ibi
855 1082 1098 1144 religiosos
1145 1084 1191 1129 in
1243 1082 1487 1144 despectu,
1537 1082 1781 1129 saeculares
1829 1089 1979 1129 autem

207 1158 384 1204 sercin
422 1159 636 1217 respectu
684 1168 808 1206 esse,
858 1154 1058 1215 indigne.
1133 1154 1182 1199 ln
1232 1155 1390 1215 primis
1442 1154 1496 1199 de
1547 1151 1737 1200 doctore
1783 1154 1979 1200 Iohanne

207 1230 332 1290 Reyss
362 1229 588 1290 ‚queritur
636 1227 859 1288 scriptor,
909 1225 1031 1287 quod
1069 1225 1302 1286 propriam
1350 1226 1466 1271 viam
1508 1232 1684 1278 teneat,
1735 1224 1979 1286 religiosos

208 1306 484 1361 sanctosque
522 1304 674 1360 patres
712 1312 871 1359 parum
918 1303 1185 1348 veneretur,
1233 1311 1326 1343 non
1366 1310 1418 1342 ex
1454 1296 1627 1357 regulis
1667 1297 1778 1343 artis
1817 1297 1979 1358 praedi-

208 1371 415 1419 cationes
453 1369 638 1421 habeat‚
677 1383 760 1415 nec
797 1369 1124 1431 praedicatores
1162 1375 1320 1414 contra
1347 1367 1645 1427 Reucblinum
1683 1369 1875 1421 adiuvet,
1913 1371 1979 1416 in-

206 1442 556 1505 dulgentiasque
594 1448 806 1502 tanquam
846 1439 1031 1486 inutiles
1070 1447 1282 1502 respuat,
1321 1439 1407 1486 soli
1447 1439 1679 1500 evangelio
1718 1440 1794 1486 ille
1819 1434 1994 1487 fidens(

71 1560 158 1610 44.
197 1555 374 1605 Petrus
411 1551 472 1602 de
508 1550 777 1601 Wormatia
819 1549 1020 1600 Ortvino
1060 1551 1245 1602 Grati0.
1391 1550 1576 1601 Romae.
1691 1590 1701 1599 .
1779 1589 1790 1600 .
1869 1590 1879 1600 .
1958 1591 1968 1601 .
2011 1561 2110 1602 255.
2149 1561 2233 1603 256

204 1629 342 1675 Mittit
377 1626 585 1673 Latinum
623 1626 892 1678 Homerum,
933 1640 1067 1687 quem
1105 1626 1261 1672 didicit
1299 1632 1495 1672 tractare
1534 1626 1588 1671 de
1626 1627 1747 1672 ‘viris
1787 1628 1863 1688 qui
1903 1641 1979 1673 vo-

205 1707 367 1759 cantur
403 1698 560 1750 Graeci,
587 1699 685 1760 qui
730 1697 1014 1744 bellaverunt
1059 1711 1161 1744 cum
1209 1696 1308 1743 aliis
1349 1698 1453 1743 viris
1493 1697 1569 1759 qui
1608 1704 1831 1744 vocantur
1869 1699 1980 1745 Tro-

204 1771 309 1818 iani'
354 1785 436 1833 per
474 1769 629 1817 decem
677 1779 819 1815 annos
868 1768 946 1815 ‘ita
993 1764 1116 1830 quod
1165 1775 1290 1815 totus
1338 1783 1524 1830 campus
1572 1769 1882 1829 sanguinavit’‚
1934 1778 1980 1816 et

204 1843 259 1889 de
297 1842 470 1903 ingenti
507 1841 704 1888 clamore
741 1847 878 1902 atque
917 1840 1124 1887 inmenso
1163 1839 1311 1901 lapide
1351 1854 1563 1902 equoque
1600 1840 1833 1902 loquente.
1897 1842 1976 1887 du-

204 1914 318 1962 bitat
353 1920 503 1960 autem
542 1912 597 1958 de
634 1913 824 1958 veritate
861 1918 906 1958 et
942 1925 1051 1958 num
1090 1911 1166 1957 ille
1203 1910 1320 1958 liber
1358 1912 1565 1958 ‘multum
1593 1912 1865 1959 autenticus'
1903 1912 1978 1964 sit,

205 1999 346 2048 quare
382 1984 469 2031 sibi
506 1983 696 2031 rescribi
734 1983 866 2045 petit.

69 2103 151 2153 45.
188 2095 430 2146 lohannes
467 2093 796 2144 Gerilambius
834 2093 1038 2144 Ortvino
1077 2092 1262 2143 Grati0.
1410 2094 1666 2144 Erfordiae.
1778 2133 1788 2145 .
1869 2135 1879 2144 .
1959 2136 1969 2145 .
2011 2104 2107 2147 256.
2149 2107 2231 2146 257

202 2169 500 2232 Experiundae
538 2169 747 2216 amicitiae
775 2183 908 2215 causa
936 2169 1274 2215 recommendat
1299 2168 1487 2216 Ortvino
1515 2169 1850 2216 adulescentem
1891 2171 1975 2217 sibi

202 2247 446 2302 cognatum
494 2239 658 2287 artium
706 2240 856 2286 studio
907 2242 966 2286 ‘in
1013 2239 1082 2286 via
1120 2236 1443 2302 antiquorum’,
1493 2240 1715 2287 Erl'ordiae
1754 2241 1975 2302 neglecta,

201 2320 490 2364 navaturum.
542 2318 587 2358 et
631 2313 832 2373 quamvis
881 2311 980 2373 ipse
1026 2311 1296 2363 Albertista,
1349 2319 1496 2359 tamen
1543 2327 1735 2374 puerum
1775 2313 1975 2361 sodalem

202 2383 490 2432 Thomisticae
525 2383 675 2430 bursae
714 2382 809 2428 fieri
848 2397 940 2429 non
979 2389 1123 2434 vetat,
1173 2397 1276 2430 cum
1323 2385 1575 2444 praesertim
1615 2384 1856 2445 utriusque
1896 2386 1975 2432 viae

200 2470 293 2503 non
331 2457 392 2503 ita
431 2469 592 2516 magna
630 2454 868 2500 diversitas
908 2453 994 2505 sit,
1035 2454 1114 2515 sed
1155 2456 1276 2501 omni
1303 2455 1437 2501 modo
1464 2456 1713 2516 Antiquum
1741 2455 1836 2502 lieri
1867 2458 1975 2509 vult,

200 2534 249 2574 et
283 2528 331 2574 in
367 2526 508 2574 bursa
547 2526 712 2572 victum
761 2525 926 2572 habere
977 2540 1029 2572 ac
1067 2525 1302 2587 disciplina
1341 2527 1546 2574 severius
1585 2529 1699 2588 regi.
1764 2527 1974 2575 Bursales

201 2598 535 2662 disputationes
572 2597 859 2660 frequentet,
898 2598 979 2644 sed
1005 2597 1190 2644 Caesarii
1229 2598 1514 2660 aliorumque
1552 2606 1790 2660 poetarum
1818 2599 1975 2647 lectio-

200 2684 281 2716 nes
317 2684 374 2717 ne
410 2669 577 2717 visitet.
651 2670 712 2715 De
748 2669 941 2716 Buschio
982 2667 1168 2716 Colonia
1206 2670 1396 2732 expulso
1435 2677 1594 2731 gratus
1633 2671 1720 2717 fuit
1758 2672 1975 2733 scriptori

200 2741 407 2789 nuntius.
479 2741 701 2788 Erfordiae
740 2740 828 2788 duo
868 2747 1030 2802 poetae,
1069 2740 1281 2788 Eobanus
1309 2742 1480 2788 Hessus
1519 2750 1565 2788 et
1598 2742 1806 2788 Petreius
1832 2745 1974 2804 Aper-

200 2812 425 2867 bacchus,
474 2813 643 2860 inimici
691 2812 956 2874 scriptoris,
996 2819 1167 2859 contra
1215 2813 1334 2860 hunc
1373 2813 1620 2860 defendunt
1659 2814 1972 2871 Reuclilinuin‚

199 2884 297 2947 ipse
333 2898 441 2931 vero
481 2897 561 2931 eos
598 2884 890 2946 Pepericorni
928 2884 1215 2931 Desensionis
1254 2884 1447 2932 obtentu
1487 2885 1673 2932 refutat.

61 2999 144 3051 46.
184 2994 443 3047 Cunradus
478 2994 816 3047 Unckebunck
854 2994 1056 3045 Ortvino
1096 2995 1280 3046 Grati⁰.
1427 2994 1611 3045 Romae.
1690 3035 1700 3045 .
1779 3037 1789 3047 .
1868 3038 1878 3047 .
1957 3038 1966 3047 .
2008 3006 2231 3049 ⁶257...259

200 3070 459 3123 Ortvinum,
498 3084 600 3117 cum
637 3084 785 3133 neque
822 3069 992 3117 salutes
1031 3070 1151 3118 dicat
1188 3070 1419 3132 scriptori,
1459 3084 1607 3132 neque
1645 3072 1780 3117 huius
1808 3071 1976 3119 litteris

198 3142 497 3205 respondeat,
545 3156 694 3203 neque
732 3142 940 3189 exaudiat
977 3141 1147 3189 salutes
1185 3142 1272 3189 sibi
1311 3143 1498 3195 missas,
1548 3149 1592 3188 et
1640 3157 1692 3188 os
1732 3149 1777 3188 et
1815 3144 1976 3190 oculos

197 3221 244 3260 et
281 3228 413 3261 aures
451 3212 641 3266 habere,
690 3214 767 3259 sed
806 3227 954 3275 neque
992 3213 1145 3275 loqui,
1198 3228 1347 3275 neque
1386 3213 1559 3270 videre,
1613 3229 1762 3275 neque
1801 3216 1971 3267 audire,

198 3292 245 3333 et
283 3292 432 3332 tamen
470 3287 669 3347 scriptor
707 3284 869 3332 blande
907 3285 1084 3331 litteras
1131 3293 1183 3332 ut
1230 3293 1338 3347 pote
1389 3285 1476 3332 sibi
1523 3287 1806 3351 gratissimas
1847 3286 1971 3333 illum

197 3357 302 3403 dare
340 3358 468 3418 petit.
508 3356 747 3403 Lectiones
786 3356 959 3403 Ortvini
995 3371 1156 3418 parum
1195 3357 1500 3418 frequentari,
1540 3357 1783 3403 Buschium
1822 3366 1971 3404 autem

197 3436 242 3475 ct
267 3428 509 3475 Caesarium
548 3427 780 3474 auditores
818 3428 872 3473 ad
910 3443 958 3474 se
997 3427 1194 3476 adlicere
1231 3443 1354 3490 aegre
1392 3428 1587 3475 audivit:
1629 3428 1726 3474 sore
1766 3431 1882 3475 enim
1923 3438 1974 3475 ut

197 3499 300 3546 novi
339 3506 486 3561 poetae
525 3513 681 3546 omnes
719 3499 957 3546 destruant
994 3499 1328 3546 universitates.
1405 3514 1430 3546 o
1471 3506 1690 3561 quantum
1738 3507 1973 3547 mutantur

200 3578 403 3632 tempora
441 3570 496 3617 ab
537 3570 624 3616 illis
664 3586 765 3631 quae
806 3571 1046 3631 quondam,
1085 3578 1136 3616 ut
1175 3571 1245 3617 ‘ab
1284 3586 1375 3618 uno
1402 3573 1591 3632 antiquo
1620 3571 1839 3632 magistro
1867 3572 1973 3633 Lip-

199 3642 320 3688 sensi
361 3638 561 3693 audivit’,
612 3642 976 3689 universitatium
1026 3642 1343 3689 florentissima
1394 3643 1601 3694 suerunt,
1653 3657 1755 3689 cum
1795 3644 1971 3689 schola-

198 3714 298 3759 stici
348 3713 451 3759 libri
501 3728 585 3758 usu
636 3714 807 3775 recepti
856 3728 940 3774 pro
990 3714 1221 3760 canonicis
1259 3714 1563 3765 haberentur,
1613 3729 1712 3760 cum
1763 3714 1968 3774 magistri

198 3784 724 3830 summaobscrvatione
763 3785 1047 3837 colerentur,
1098 3800 1197 3831 cum
1248 3787 1480 3847 quaternis
1529 3799 1611 3846 per
1648 3785 1855 3844 singulos
1894 3802 1971 3831 an-

198 3869 281 3901 nos
320 3854 685 3916 promotionibus
723 3870 884 3917 magna
924 3856 1234 3904 studiosorum
1269 3857 1398 3918 copia
1426 3871 1720 3917 expensarum
1750 3857 1966 3902 factarum

199 3926 373 3973 fructus
411 3928 680 3988 perciperet.
745 3935 900 3974 contra
943 3943 1062 3975 nunc
1099 3928 1287 3975 audiunt
1327 3927 1570 3988 Vergilium
1611 3935 1655 3972 et
1694 3926 1883 3972 l'liniuin
1925 3935 1967 3971 et
