2456 4264
212 234 331 292 282
646 277 651 282 .
798 258 1034 284 EI’ISTOLAE
1058 256 1361 284 OBSCVRORVM
1383 255 1590 283 VIRORVM
1614 255 1760 284 NOVAE.

214 395 370 439 tamen
413 404 509 436 non
549 393 674 436 essct
711 386 906 450 spiritus
945 390 1155 442 sanctuS,
1194 390 1310 433 tunc
1347 383 1424 433 illa
1464 397 1588 447 aqua
1626 382 1742 431 nihil
1780 383 2056 447 proficeret,
2096 382 2182 431 sed
2221 389 2348 431 esset

214 474 373 523 adhuc
413 472 613 534 iudeus:
659 471 753 518 ‘Sic
793 470 937 518 etiam
978 475 1050 517 est
1088 485 1198 518 cum
1237 470 1337 518 istis
1375 468 1554 532 spuriis
1591 467 1674 531 qui
1700 472 1814 516 sunt
1838 468 2145 517 sacerdotum
2174 472 2346 516 etme-

214 559 444 607 retricum
483 555 591 603 filii:
643 553 764 609 Quia
811 554 886 601 isti
935 540 1215 602 sacerdotes
1253 568 1353 602 non
1391 559 1595 616 possunt
1631 552 1679 599 in
1716 552 1823 601 iure
1864 552 2144 601 meretrices
2182 552 2349 599 matri-

214 641 484 690 monialiter
522 638 729 695 habere,
781 643 827 686 et
873 652 990 700 ergo
1040 652 1137 685 non
1186 642 1348 701 potest
1386 637 1682 700 dispensatio
1719 635 1829 686 filiis
1868 651 2038 685 eorum
2076 633 2348 700 proficere'.

216 727 351 775 Tunc
392 739 482 788 ego
531 725 706 773 iterum
754 723 1048 785 interrogavi
1087 721 1227 780 ‘Quid
1267 735 1384 784 ergo
1423 735 1587 771 servas
1626 721 1685 771 de
1723 721 1927 770 Domino
1965 718 2181 769 Iohanne
2218 719 2382 769 Fies-5

216 808 459 859 ferkorn?’
522 809 658 858 Tunc
718 806 1062 871 respondendo
1119 807 1239 855 dixit
1288 806 1405 869 ‘Ego
1454 806 1657 855 tirmiter
1703 810 1848 855 teneo
1898 804 2026 870 quod
2075 804 2234 853 adhuc
2282 810 2353 853 est

215 893 422 959 ludeus’,
474 900 520 943 et
556 892 853 958 Replicando
892 890 1203 955 allegationes
1241 906 1388 955 supra
1424 896 1577 940 tactas
1613 889 1835 953 allegavit
1873 892 2015 939 etiam
2054 887 2352 953 evangelium

216 980 393 1043 Mathei
421 978 502 1044 ,iij.
542 978 624 1027 ubi
662 983 755 1027 stat
804 977 939 1034 „Nisi
988 977 1096 1041 quis
1134 981 1333 1024 renatus
1372 974 1520 1025 fuerit
1558 992 1615 1025 ex
1656 990 1783 1040 aqua
1813 979 1869 1025 ‘et
1905 975 2103 1040 spiritu,
2143 989 2241 1023 non
2279 976 2354 1022 in-

216 1064 364 1114 trabit
400 1065 448 1112 in
488 1064 629 1112 vitam
667 1060 934 1127 eternam'’.
1009 1061 1103 1111 Sed
1153 1062 1262 1125 quia
1300 1060 1606 1111 Pfefferkorn
1645 1075 1894 1125 nunquam
1934 1059 2023 1108 fuit
2058 1064 2259 1108 renatus
2297 1074 2355 1107 ex

217 1150 405 1213 spiritu,
445 1150 576 1211 Ergo
615 1147 693 1197 illa
733 1163 853 1213 aqua
893 1146 1012 1195 nihil
1048 1145 1272 1211 profecit,
1313 1145 1397 1195 sed
1436 1147 1540 1209 ipse
1579 1144 1795 1194 manebit
1819 1144 1997 1209 ludeus
2022 1144 2070 1193 in
2096 1141 2349 1208 eternum’.
2375 1159 2413 1206 ιι»ι

219 1235 354 1284 Tunc
395 1250 483 1298 ego
522 1249 620 1283 non
659 1234 793 1298 potui
832 1234 876 1281 ei
917 1231 1038 1281 ultra
1078 1230 1404 1295 respondere,
1447 1235 1493 1279 et
1530 1230 1859 1286 surreximuS,
1908 1229 2010 1293 Ego
2049 1234 2096 1278 et
2133 1228 2356 1277 dominus

218 1321 416 1375 l’etruS,
468 1326 514 1367 et
560 1319 731 1367 ivimus
779 1318 1055 1366 dormitum.
1130 1316 1272 1365 Nunc
1317 1321 1479 1364 autem
1528 1315 1671 1364 audio
1719 1315 1965 1379 quomodo
2012 1315 2100 1363 iste
2148 1328 2357 1377 nequam

220 1404 453 1467 gloriatur
493 1403 621 1467 quod
660 1418 748 1451 nos
788 1402 1078 1467 disputando
1117 1402 1253 1456 vicit,
1295 1405 1342 1449 et
1379 1400 1508 1465 quod
1548 1401 1609 1450 sit
1646 1400 1836 1448 doctior
1874 1415 2018 1464 quam
2058 1413 2148 1462 ego
2188 1404 2235 1448 et
2271 1399 2357 1448 do·
2430 1399 2433 1402 ’

222 1490 378 1538 miuus
417 1489 604 1561 Petrus.
680 1488 841 1546 Quare
879 1502 966 1535 oro
1004 1491 1212 1534 vestram
1253 1485 1632 1535 dominationem
1672 1491 1724 1533 ut
1763 1484 1913 1534 velitis
1940 1484 2055 1533 mihi
2082 1482 2360 1533 rescribere

219 1573 464 1638 quomodo
505 1588 593 1636 ego
633 1572 834 1622 debeam
872 1570 953 1620 illa
991 1576 1277 1634 argumenta
1317 1570 1377 1619 de
1416 1569 1790 1634 dispensatione,
1830 1568 2052 1619 similiter
2091 1569 2150 1619 de
2176 1568 2417 1633 baptis-115

220 1666 348 1709 mate
387 1659 569 1707 domini
596 1658 823 1706 Iohannis
848 1655 1154 1705 Pfefferkorn
1193 1654 1397 1712 solvere,
1438 1662 1484 1704 et
1521 1654 1587 1703 illi
1625 1654 1854 1704 leccatori
1893 1655 1951 1704 ad
1979 1669 2120 1703 suum
2146 1659 2360 1703 rostrum
2409 1639 2416 1643 ³

219 1744 450 1807 adligare.
527 1742 667 1799 Quod
707 1741 813 1790 volo
852 1756 940 1805 per
978 1755 1173 1789 omnem
1215 1741 1355 1789 vitam
1393 1753 1696 1803 promerere.
1773 1738 1954 1788 Valete.

1251 1975 1335 2036 62.
1391 1985 1401 1994 ¹

878 2115 919 2162 (1
963 2094 1344 2174 Magister
1391 2089 1711 2155 Gratius

1035 2202 1225 2265 Zisanie
1263 2201 1543 2265 Extirpator
1852 2263 1855 2266 ι
2380 2207 2422 2242 2⁰

942 2294 1036 2343 hoc
1074 2300 1147 2344 est
1185 2293 1348 2343 furum
1388 2307 1653 2358 suspensor

909 2386 1220 2452 proditorum
1278 2385 1676 2450 quadruplicator

754 2479 1061 2529 falsariorum
1102 2484 1149 2528 et
1187 2477 1594 2527 calumniatorum
1633 2478 1848 2540 virgator

970 2571 1303 2636 hereticorum
1343 2569 1627 2620 combustor
1668 2580 1670 2582 ·

1114 2669 1161 2712 et
1195 2660 1347 2712 multa
1385 2661 1476 2711 alia
2383 2675 2421 2707 2⁵

898 2753 1290 2823 Magistro
1356 2752 1702 2806 Ortvino

1047 2847 1289 2898 avunculo
1326 2853 1548 2897 materno

971 2940 1187 2990 Salutem
1214 2940 1327 2989 dicit
1352 2939 1630 3003 plurimam.

374 3057 666 3106 Charissime
704 3054 942 3105 avuncule
980 3070 1071 3103 nec
1110 3069 1208 3102 non
1259 3053 1669 3116 reverendissime
1708 3053 1903 3101 domine
1940 3052 2197 3115 Magister,
2251 3049 2370 3107 Quia

230 3144 324 3190 iam
363 3147 474 3190 sunt
510 3141 647 3190 multi
685 3142 800 3190 anni
840 3139 990 3203 elapsi
1030 3144 1075 3187 et
1112 3153 1207 3186 non
1247 3138 1454 3187 vidimus
1490 3153 1580 3186 nos
1616 3138 1838 3193 invicem,
1879 3136 2091 3200 Cogitavi
2128 3134 2259 3200 quod
2285 3133 2373 3182 bo·
2389 3139 2429 3175 ³⁰

234 3241 349 3275 num
391 3231 541 3283 esset,
583 3226 713 3288 quod
751 3225 886 3274 vobis
923 3239 1070 3274 unam
1111 3223 1320 3272 litteram
1361 3222 1649 3272 scriberem.
1725 3221 1878 3271 Audio
1929 3222 2058 3270 enim
2095 3218 2248 3268 multa
2284 3218 2374 3267 mi-

232 3309 402 3359 rabilia
442 3310 502 3358 d'e
538 3310 699 3365 vobiS‚
750 3310 992 3374 quomodo
1040 3310 1143 3358 sitis
1190 3323 1364 3372 magne
1412 3308 1565 3371 same,
1616 3307 1677 3355 Et
1724 3307 1892 3356 dicunt
1939 3305 2070 3369 quod
2117 3306 2212 3353 iam
2263 3303 2425 3352 estis‘⁷⁷

233 3394 462 3443 omnibus
501 3394 642 3442 etiam
681 3394 993 3443 mediocriter
1032 3394 1186 3442 doctis
1224 3399 1391 3449 notuS,
1431 3407 1528 3442 non
1568 3391 1722 3441 solum
1761 3393 1809 3439 in
1850 3389 2071 3447 Colonia,
2111 3389 2195 3439 sed
2235 3389 2375 3437 etiam

233 3479 358 3529 ultra
396 3477 554 3527 Albim
594 3484 640 3526 et
678 3478 928 3535 Rhenum,
978 3485 1026 3526 et
1073 3480 1218 3527 etiam
1266 3479 1313 3526 in
1360 3482 1458 3526 tota
1497 3476 1631 3526 ltalia
1681 3482 1730 3526 et
1766 3477 1988 3525 Francia.
2064 3473 2378 3524 Colonienses

351 3675 364 3702 1
398 3675 606 3729 spirituss.
630 3678 668 3714 5.
757 3671 775 3697 ⁵
806 3671 884 3713 dfio
908 3674 1079 3713 Ioanne
1102 3674 1289 3716 Pfeffer.
1313 3677 1352 3713 5.
1432 3673 1448 3698 ⁶
1478 3675 1497 3713 ⁴?
1530 3675 1645 3714 omis.
1668 3675 1707 3714 4.
1795 3671 2073 3726 respodendo
2097 3673 2135 3711 4.
2213 3668 2230 3694 ⁹
2261 3670 2315 3709 In
2335 3669 2376 3711 4.

237 3748 270 3772 ¹⁶
301 3746 427 3800 pseff.
451 3748 491 3786 4.
582 3744 732 3785 Ioanis
763 3743 949 3783 Pfeffer.
975 3747 1014 3786 5.
1104 3742 1138 3767 ¹⁷
1169 3755 1446 3794 pzomouere.
1470 3748 1510 3786 5.
1736 3765 1739 3769 ·

347 3817 383 3843 ²⁰
416 3830 439 3858 e
463 3819 503 3857 4.
535 3831 560 3871 e
582 3820 622 3858 5.
711 3814 747 3840 ²4
780 3828 802 3854 e
826 3816 864 3856 4.
897 3827 922 3867 e
945 3816 986 3853 5.
1075 3811 1111 3837 ²8
1143 3812 1282 3852 saluts-2
1312 3814 1369 3852 D.
1393 3815 1442 3853 P.
1469 3815 1507 3853 4.
1542 3813 1832 3862 Salutem4D.
1858 3814 1908 3853 P.
1933 3816 1974 3852 5.
2061 3810 2097 3836 ²⁹
2127 3822 2305 3851 necnon
2334 3811 2377 3849 5.

236 3888 268 3914 3¹
301 3889 482 3929 literam
504 3891 544 3930 5.
631 3885 668 3912 ³²
700 3899 723 3926 e
755 3885 817 3926 bis
848 3886 888 3925 4.
921 3896 1086 3937 magne=
1118 3883 1266 3924 famae.
1289 3887 1328 3922 5.
