2456 4264
793 305 1126 336 HOCHSTBA'I'VS
1146 304 1296 335 ovAns
1320 305 1570 336 Dunoavs.
1759 314 1766 320 ·
2127 279 2248 339 473

100 442 146 490 in
171 441 284 489 vado
309 446 409 488 erat
433 447 676 503 propterea
702 442 823 503 quod
849 442 922 489 hic
948 441 1010 488 sit
1034 419 1696 502 Thomista⁸pertinacissimus‚
1735 447 1780 486 et
1804 446 2038 487 strenuum
2063 441 2251 489 bellato-

98 516 193 560 rem
231 527 280 560 se
317 512 572 559 exhibuerit
609 513 848 574 aliquando
887 514 933 559 in
960 512 1198 560 Germania
1233 512 1446 558 adversus
1471 512 1652 559 Petrum
1678 513 1991 559 Ravennatem.
2049 513 2250 560 Griman·

97 599 183 633 nus
228 584 449 631 adversus
487 584 603 631 duos
649 585 761 631 nihil
807 586 1055 646 potuisset,
1102 584 1465 646 quandoquidem
1514 584 1751 630 sententiae
1798 598 1890 631 non
1927 585 2252 646 expenduntur,

98 656 180 704 sed
213 661 534 709 numerantur;
582 658 708 718 atqui
755 670 894 718 opera
942 650 1311 703 doctissimorum
1349 655 1632 716 quorundam
1669 654 1971 702 Cardinalium
2008 657 2253 702 Cardinalis

61 727 145 775 ss.
170 726 326 774 Crucis
362 735 625 781 revocatum
673 742 759 789 ego
807 727 1003 775 vicissim
1041 733 1317 788 extorqueo,
1369 733 1420 772 ut
1468 727 1646 773 ederem
1684 727 2074 789 archiepiscopum
2113 741 2253 789 quen-

96 798 220 851 dam,
258 799 522 861 episcopos,
560 800 802 862 praelatos,
842 799 1092 861 generales,
1130 805 1454 861 procuratores
1493 792 1717 850 ordinum,
1756 798 2133 859 poenitentiarios,
2174 814 2252 846 co-

96 871 255 933 piistas
291 870 536 932 quosdam:
575 870 794 932 intelligis
831 872 946 917 enim
985 872 1073 917 vim
1110 885 1284 918 vocum.

235 955 384 991 nnvs.
456 942 726 1004 Utcumque.
2268 953 2367 995 §.aa
2419 990 2423 994 ,

235 1027 616 1062 ΗοσΗΒΤΒΑΤνε
706 1014 820 1061 Tota
866 1028 943 1061 res
990 1028 1043 1060 ex
1078 1014 1205 1060 Actis
1250 1012 1498 1074 pendebat,
1548 1025 1695 1073 neque
1733 1011 1953 1061 dubitatio
1992 1011 2084 1059 ulla
2121 1027 2255 1074 quam

41 1092 190 1132 tonon
226 1085 478 1133 excluserat
513 1100 685 1133 annexa
721 1085 877 1133 libello
915 1085 1180 1147 responsio:
1232 1090 1380 1131 tamen
1417 1083 1529 1130 meis
1568 1083 1742 1130 artibus
1781 1083 1924 1135 effeci,
1962 1090 2014 1130 ut
2050 1085 2255 1146 patribus

94 1156 312 1204 fratribus
349 1158 608 1216 reverendis
632 1157 678 1203 D.
706 1157 937 1219 theologis
973 1164 1021 1204 et
1055 1156 1297 1217 utriusque
1332 1156 1447 1202 iuris
1483 1154 1824 1216 professoribus
1850 1154 2052 1215 cognitio
2077 1155 2257 1202 deman-

93 1228 302 1281 daretur,
339 1230 429 1277 hoc
464 1235 557 1282 est,
594 1235 647 1275 ut
683 1243 793 1276 urso
830 1235 1058 1291 praesente
1094 1227 1285 1288 vestigia
1321 1226 1541 1288 legerent.

233 1304 381 1349 ΗΠΒ.
454 1299 570 1357 Quid
604 1300 755 1347 istud?
1510 1333 1512 1335 >

106 1420 123 1434 „
234 1385 629 1420 nocfls'rRA'rvs.
703 1371 914 1419 Videbam
959 1371 1005 1417 in
1054 1385 1108 1418 eo
1158 1376 1280 1418 coetu
1327 1369 1496 1416 multos
1554 1375 1632 1415 aut
1678 1369 1786 1415 mihi
1833 1369 2004 1416 amicos
2052 1375 2130 1416 aut
2175 1371 2259 1416 ini-

3 1443 83 1486 *15
99 1444 288 1506 quiores
323 1443 460 1491 bonis
497 1443 684 1496 studiis;
732 1457 834 1490 nam
873 1443 1028 1490 aderat
1065 1442 1198 1489 simul
1239 1442 1435 1488 Thomas
1472 1440 1734 1491 Caietanus,
1783 1439 1997 1486 Silvester
2032 1440 2258 1488 Prierates

95 1522 142 1561 et
177 1514 322 1562 frater
357 1514 539 1579 quidam
576 1514 862 1576 praedicator,
900 1529 1055 1562 rerum
1093 1520 1250 1576 gestor
1287 1515 1432 1560 totius
1472 1512 1657 1564 ordinis,
1696 1512 1857 1558 deinde
1895 1512 2258 1573 poenitentiarius

96 1586 304 1649 quidam,
342 1601 501 1633 omnes
537 1586 593 1633 de
631 1586 720 1633 divi
755 1586 975 1634 Dominici
1013 1586 1204 1638 familia,
1254 1585 1578 1632 sollicitatores
1616 1599 1764 1631 causae
1803 1590 1849 1629 et
1885 1598 1969 1645 pro
2009 1597 2136 1630 more
2174 1599 2256 1633 no-

2 1708 6 1716 »
71 1664 194 1706 ‘stro
231 1657 366 1706 simul
401 1659 664 1720 cognitores
690 1658 1024 1706 interfuerunt:
1063 1656 1205 1704 nihilo
1231 1662 1382 1704 tamen
1410 1658 1556 1703 secius
1583 1655 1899 1718 potentissima
1926 1656 2090 1702 veritas
2117 1657 2258 1702 evasit
2277 1669 2372 1710 §.³2

4 1749 10 1751 >
96 1731 332 1792 superior:
370 1744 475 1776 nam
513 1736 751 1792 coeperunt
786 1731 843 1777 de
881 1730 1066 1792 scriptis
1104 1729 1317 1790 suffragia
1356 1728 1506 1775 dicere
1543 1729 1589 1773 in
1629 1726 1798 1789 templo
1835 1727 1980 1774 beatae
2016 1727 2165 1774 Mariae
2205 1727 2260 1773 de

3 1804 211 1864 '‘wpace
245 1801 469 1864 Georgius
505 1801 732 1863 Benignus
778 1802 1148 1864 archiepiscopus
1186 1801 1463 1852 Nazarenus‚
1512 1798 1757 1861 theologus
1804 1800 2000 1860 antiquae
2045 1798 2261 1846 eruditio-

2333 1129 2360 1161 0

209 2025 226 2054 ¹
256 2025 323 2069 ‘in
351 2027 471 2071 vado
502 2027 669 2070 salutis
699 2041 774 2070 res
803 2027 1016 2070 videtur'.
1050 2029 1192 2069 Plaut.
1224 2024 1375 2066 Aulul.
1405 2025 1482 2067 IV.
1519 2023 1584 2078 10,
1597 2031 1653 2066 73.
1690 2025 1852 2067 ‘omnis
1882 2036 1956 2066 res
1989 2028 2059 2066 est
2088 2025 2181 2067 iam
2211 2025 2260 2067 in

92 2097 244 2159 vado’,
280 2098 379 2141 Ter.
401 2099 541 2144 Andr.
560 2100 616 2141 V.
639 2101 718 2153 2‚4.
779 2099 829 2126 ⁶·⁷
850 2100 1052 2154 copistas
1074 2101 1114 2142 4.
1174 2097 1191 2124 ⁸
1220 2098 1388 2151 Vtrfiq3
1411 2099 1450 2138 1.
1480 2097 1677 2151 Vtrunq3
1698 2099 1739 2138 2.
1763 2097 1992 2150 Vtcumq3.
2021 2100 2062 2139 3.
2086 2097 2260 2139 Utcun-

95 2181 184 2224 que
205 2172 247 2212 ⁴.
308 2168 344 2198 ¹¹
371 2169 452 2226 D.]
487 2161 685 2214 dominis
716 2177 789 2213 aut
819 2170 1096 2213 doctoribus.
1157 2167 1193 2196 ¹²
1221 2181 1327 2211 urso
1348 2166 1448 2223 eta]
1480 2158 1660 2221 ἄρκτου
1690 2160 1933 2223 παρούσης
1962 2162 2020 2209 τοὶ
2054 2165 2163 2222 ἴχνη
2185 2167 2259 2222 ζη-

93 2243 207 2291 τεῖς.
235 2242 414 2297 Diogen.
435 2242 497 2285 11.
519 2242 590 2284 70.
615 2243 774 2287 Zenob.
794 2243 855 2284 ΙΙ.
878 2240 949 2287 36.
998 2243 1069 2283 De
1100 2241 1274 2282 timidis
1304 2240 1603 2282 venatoribus
1633 2240 1871 2294 praesentis
1891 2240 1986 2280 ursi
2006 2239 2261 2293 periculum

12 2347 14 2350 ,
94 2312 423 2369 effugientibus
453 2313 558 2356 dum
589 2315 795 2368 vestigia
823 2315 968 2369 ipsius
999 2315 1215 2368 persequi
1246 2312 1480 2355 simulant.
1566 2311 1604 2338 ²⁰
1634 2311 1859 2366 Georgius
1880 2311 2131 2366 Benignus‚
2165 2312 2259 2354 ord.

93 2384 274 2438 Minor„
306 2386 584 2439 Ragusanus
605 2400 696 2428 non
717 2386 862 2428 solum
891 2386 980 2428 hoc
1000 2385 1231 2428 volumine
1262 2386 1433 2439 saepius
1464 2384 1585 2425 inter
1615 2381 1861 2425 Reuchlini
1891 2382 2098 2424 fautores
2129 2383 2260 2425 nobis

95 2456 281 2499 obviam
310 2457 465 2500 faetus
487 2457 547 2511 (e.
572 2471 638 2512 gr.
662 2459 701 2500 Ι.
723 2473 768 2513 p.
793 2457 903 2510 169.)
926 2471 1008 2512 pro
1030 2455 1286 2499 Reuchlino
1309 2459 1470 2497 contra
1491 2454 1822 2497 Hochstratum
1844 2453 2076 2508 dialogum
2100 2454 2257 2497 edidit.

8 2515 19 2546 '⁴
96 2527 159 2569 cf.
183 2541 324 2584 supra
342 2520 451 2585 pag.
472 2527 570 2574 359.
621 2530 692 2571 Ad
713 2530 814 2571 haec
846 2533 893 2571 et
913 2529 1157 2584 sequentia
1177 2527 1451 2570 Hochstrati
1474 2527 1602 2568 dicta
1633 2525 1911 2580 explicanda
1943 2526 2062 2567 facit
2081 2525 2260 2566 Reueh-

92 2598 181 2641 lini
207 2598 330 2643 liber
359 2599 495 2642 ‘Acta
522 2601 834 2653 Iudiciorum’‚
876 2601 1006 2642 cuius
1044 2600 1254 2641 ultimum
1285 2598 1448 2641 folium
1479 2601 1547 2640 sic
1578 2598 1741 2639 habet:
1784 2627 1870 2649 ‚,...
1893 2596 2018 2639 Visis
2058 2597 2201 2652 igitur
2233 2611 2259 2637 a

9 2679 13 2694 ³
96 2669 301 2725 quolibet
329 2671 517 2727 scriptis
546 2672 733 2715 Ioannis
754 2672 983 2714 Reuchlin
1014 2673 1063 2712 in
1093 2671 1263 2712 iudicio
1294 2702 1319 2713 ..
1351 2671 1570 2725 receptis,
1602 2669 1727 2711 Visis
1760 2672 1806 2710 et
1837 2669 2008 2710 auditis
2041 2669 2181 2710 etiam
2214 2670 2261 2709 in

96 2743 374 2785 contradam
415 2756 444 2785 a
483 2743 628 2785 fratre
660 2744 833 2786 Iacobo
874 2743 1089 2798 allegatis
1128 2742 1313 2784 tandem
1354 2741 1604 2783 afferentes
1641 2740 1950 2795 unusquisque
1982 2741 2259 2781 sententiam

95 2825 227 2856 suam
257 2827 360 2857 eum
389 2815 647 2858 rationibus
680 2819 727 2857 et
758 2815 1121 2870 allegationibus
1151 2814 1415 2855 roboratam
1455 2816 1770 2854 convenerunt
1810 2812 1857 2852 in
1894 2811 2128 2865 publicam
2167 2824 2262 2853 ses—

10 2895 13 2899 ’
94 2885 271 2928 sionem
306 2886 439 2929 Anno
477 2885 650 2928 domini
688 2887 903 2928 MDXVI.
945 2886 1147 2928 secunda
1183 2885 1290 2927 Iulii
1328 2885 1632 2939 praesentibus
1670 2885 1782 2925 viris
1830 2882 2259 2928 innumerabilibus·

95 2958 156 2999 Et
185 2961 298 3000 tunc
326 2959 501 3013 primus
534 2957 731 2999 omnium
762 2958 1149 3012 Archiepiscopus
1179 2958 1415 2998 Nazareus
1447 2969 1594 2998 sacrae
1626 2955 1871 3010 theologiae
1894 2956 2070 2996 Doctor
2100 2954 2260 2996 claris-

0 3048 2 3083 s
95 3029 239 3071 simus
267 3028 543 3072 iustificavit
573 3033 620 3070 et
650 3029 929 3084 approbavit
959 3028 1160 3071 Oculare
1192 3027 1451 3083 speculum,
1494 3030 1540 3068 et
1580 3027 1904 3070 condemnavit
1934 3026 2260 3068 sentimentum

0 3143 1 3149 ,
94 3101 432 3144 Parisiensium
472 3104 521 3143 et
560 3098 755 3141 aliarum
792 3100 1145 3142 universitatum
1189 3100 1408 3142 adversus
1446 3099 1562 3141 illud
1609 3099 1958 3141 consulentium.
2022 3096 2259 3140 Secundus

0 3153 13 3218 i
94 3172 357 3228 Episcopus
384 3171 670 3214 Malfetanus
702 3170 892 3213 Graecus
923 3176 1059 3214 natus
1089 3173 1266 3227 pariter
1296 3171 1611 3224 confirmavit,
1653 3174 1699 3212 et
1739 3170 1936 3212 dictavit
1975 3170 2115 3210 etiam
2146 3168 2258 3210 Fra-

0 3219 19 3277 i}
96 3250 214 3286 trem
243 3243 464 3286 Iacobum
494 3243 815 3297 inquisitorem
859 3248 906 3285 et
945 3247 1265 3286 accusatorem
1297 3255 1399 3284 esse
1438 3242 1732 3298 puniendum.
1794 3241 1974 3284 Deinde
2016 3241 2258 3296 episcopus

95 3315 401 3358 Pol-liviensis
429 3315 532 3370 pari
561 3318 688 3369 voto,
720 3316 782 3356 Et
811 3315 879 3356 sic
911 3314 967 3356 de
999 3314 1188 3369 reliquis
1219 3327 1300 3369 per
1331 3314 1555 3368 ordinem,
1590 3315 1679 3366 Qui
1711 3326 1866 3355 omnes
1899 3316 1944 3355 et
1974 3311 2146 3367 singuli
2176 3326 2258 3367 pro

0 3330 5 3478 ι
97 3385 274 3429 Ioanne
304 3385 533 3429 Reuchlin
565 3399 621 3428 ac
653 3386 753 3428 eius
783 3387 1055 3428 innocentia
1086 3390 1134 3428 et
1164 3387 1437 3429 intemerato
1467 3386 1586 3428 libro
1618 3398 1698 3427 suo
1738 3385 1940 3427 tulerunt
1978 3384 2258 3427 sententiam

98 3457 451 3510 absolutor-iam,
491 3458 670 3500 Praeter
698 3457 970 3513 Magistrum
1001 3456 1167 3511 palatii
1206 3457 1262 3499 de
1295 3458 1454 3499 ordine
1485 3457 1836 3512 praedicatorum
1869 3456 1945 3510 qui
1975 3455 2157 3498 noviter
2187 3456 2255 3496 fa-

96 3532 198 3572 etus
227 3529 316 3571 fuit
344 3529 588 3583 magister,
632 3529 750 3571 Nam
789 3527 1102 3582 praedecessor
1142 3540 1251 3570 suus
1290 3527 1368 3570 ille
1410 3532 1517 3571 ante
1550 3541 1652 3571 eum
1682 3529 1903 3584 magister
1935 3527 2101 3582 palatii
2132 3527 2256 3580 prius

95 3612 220 3655 saepe
252 3613 309 3643 ac
338 3599 526 3656 publice
559 3599 838 3655 astipulatus
872 3602 942 3641 est
971 3600 1248 3642 innocentiae
1280 3599 1655 3653 Reuchlinianae,
1696 3600 1758 3642 Et
1789 3599 1987 3641 Oculare
2021 3597 2255 3653 speculum

95 3674 206 3714 tune
235 3670 383 3714 denuo
415 3671 615 3713 iusserat
645 3672 800 3713 Romae
832 3670 1029 3727 imprimi
1059 3674 1279 3725 tanquam
1317 3684 1406 3713 non
1446 3670 1767 3714 scandalosum
1807 3671 1889 3714 sed
1928 3671 2076 3725 magis
2115 3667 2253 3710 aedifi-

98 3742 318 3785 cativum.
380 3741 608 3785 Caeterum
648 3742 827 3797 quando
865 3742 965 3785 haec
1006 3747 1115 3784 vota
1156 3745 1226 3785 tot
1256 3746 1302 3785 et
1330 3746 1427 3785 tam
1458 3742 1704 3785 illustrium
1736 3757 1791 3786 ac
1822 3742 2142 3798 praeclarorum
2174 3738 2252 3779 ho-

16 3791 29 3938 !
97 3813 268 3856 minum
299 3813 511 3856 audierat
540 3813 707 3854 Frater
735 3812 933 3856 Iacobus
963 3813 1315 3869 praedicatorum
1358 3815 1621 3869 Inquisitor‚
1665 3828 1767 3857 mox
1808 3818 1854 3856 et
1893 3812 2064 3854 auxillo
2106 3811 2252 3850 fauto-

36 3909 37 3912 =
98 3896 217 3932 rum,
249 3888 296 3927 et
324 3891 552 3940 praeterea
582 3897 704 3926 more
735 3884 874 3926 curioe
905 3884 1167 3927 mandatum
1199 3886 1360 3927 summi
1391 3886 1622 3940 pontificis
1654 3887 1981 3940 impetraverat
2013 3883 2065 3922 do
2098 3892 2251 3933 super-

20 3953 21 3958 ’
100 3953 301 3999 sedendo
333 3958 405 3999 ...Μ
437 3956 510 3997 Cf.
534 3956 675 3997 etiam
697 3956 812 4011 Epp.
836 3955 891 3997 Ο.
915 3956 968 3999 V.
990 3956 1051 3998 11.
1075 3955 1144 3999 53.
1168 3958 1197 4001 i.
1222 3957 1252 3999 f.
