2456 4264
0 1011 20 1055 4„
314 980 359 1030 «1
406 981 705 1032 Beatissimo
741 985 793 1032 in
835 982 1026 1033 Christo
1059 986 1203 1047 patri
1237 983 1435 1033 domino
1470 989 1636 1034 nostro
1668 983 1744 1033 .D.
1787 983 1985 1034 Leoni

0 1077 21 1120 s'
313 1068 485 1117 divina
518 1069 837 1130 providentia
864 1083 947 1131 pa
948 1084 1028 1131 pe
1066 1074 1124 1114 X.
1159 1069 1700 1131 Reverendissimisque
1741 1070 1912 1118 Card
1921 1073 1941 1119 i
1949 1098 1979 1105 -

0 1146 21 1212 ἒξ
313 1154 570 1203 natibus
614 1154 900 1203 Ioannes
934 1155 1408 1216 Pepericornus
1458 1156 1573 1204 olim
1608 1154 1802 1214 Iudeus
1846 1170 1980 1204 nunc

0 1199 29 1340 *p
312 1252 429 1288 vero
459 1239 770 1288 Christianus
804 1242 1121 1301 omniumque
1157 1242 1413 1300 minimus,
1453 1244 1573 1302 post
1615 1240 1799 1301 pedum
1833 1245 1982 1301 atque

15 1310 52 1442 2?
316 1337 555 1374 manuum
601 1327 772 1374 oscula
810 1339 915 1374 sese
951 1330 1102 1374 totum
1135 1326 1333 1375 subiicit
1366 1331 1415 1375 et
1450 1327 1699 1374 auxilium
1738 1326 1980 1375 adversus
2064 1357 2067 1361 -

17 1477 27 1513 ἲ
224 1405 226 1407 ’
654 1411 1054 1460 malescribentes
1089 1411 1341 1461 humiliter
1376 1414 1631 1483 implorat.>

18 1572 27 1595 t

0 1604 7 1618 ,
202 1550 501 1602 Beatissime
524 1553 790 1615 pontifex,
830 1567 1117 1618 quanquam
1154 1556 1354 1603 minime
1392 1555 1576 1615 diqnus
1605 1556 1714 1618 sim,
1757 1560 1812 1603 ut
1843 1557 1920 1604 vel
1947 1555 2019 1604 ad
2052 1569 2240 1605 sacra-

0 1599 40 1747 ⁸}
55 1639 267 1689 tissimos
294 1639 451 1702 pedes
485 1643 615 1700 tuos,
650 1641 730 1688 vet
763 1640 836 1688 ad
869 1641 1190 1689 celsissimam
1228 1646 1308 1688 tue
1344 1642 1622 1688 sanctitatis
1646 1641 1814 1689 sedem
1840 1641 1991 1689 verba
2012 1641 2238 1703 profun-

1 1755 41 1815 ³
46 1723 195 1784 dam,
229 1731 394 1773 tamen
425 1726 544 1786 quia
568 1723 1027 1774 Beuchlinistarum
1058 1740 1222 1787 nuper
1250 1727 1566 1787 quorundam
1606 1727 1752 1787 (quos
1776 1726 2008 1784 obscuros
2037 1731 2239 1790 vocant)

4 1775 357 1877 ροωιίωηεὶἱα
398 1809 783 1871 falsissimisque
818 1811 1114 1872 quibusdam
1153 1814 1403 1861 invectivis
1438 1814 1652 1860 extimus
1678 1825 1808 1873 pene
1837 1812 2013 1872 factus
2038 1827 2146 1862 sum
2178 1813 2241 1860 ab

24 1897 178 1946 ovili
208 1902 291 1945 tuo
326 1894 513 1945 Christi
545 1897 830 1945 vulneribus
864 1903 1024 1959 septo,
1062 1910 1161 1946 non
1194 1911 1395 1959 possum
1433 1911 1533 1946 non
1565 1911 1776 1959 sperare
1811 1905 1859 1946 et
1881 1899 2097 1958 firmiter
2122 1912 2241 1948 cre-

25 1974 208 2042 ?.dere‚
259 1982 381 2043 quin
424 1983 472 2031 si
504 1981 779 2043 Neophitus
820 1984 928 2044 ipse
974 1985 1230 2031 veritatem
1274 1996 1607 2045 proposuerO,
1652 1988 1703 2031 et
1737 1997 1840 2045 per
1875 1986 2005 2032 viam
2047 1985 2240 2044 reqiam

0 2051 38 2149 st
56 2067 363 2118 ambulando
405 2068 570 2116 instar
614 2067 721 2116 divi
753 2067 904 2116 Pauli
940 2081 1248 2130 synaqoqam
1285 2069 1495 2143 sathane
1531 2075 1579 2117 et
1613 2070 1932 2117 colluvionem
1968 2069 2242 2128 Iudeorum

6 2151 36 2228 ’ᾗ
61 2152 399 2203 execrabilem
430 2158 797 2213 tortuosumque
829 2153 1169 2215 labyrinthum
1196 2167 1296 2215 pro
1325 2167 1436 2203 mea
1465 2156 1724 2215 parvitate
1761 2167 2102 2216 suppresserO,
2141 2156 2242 2203 im—

9 2240 278 2302 ssmortale
311 2239 405 2286 sim
441 2251 568 2290 cum.
590 2238 747 2287 beatis
776 2242 1026 2300 premium
1063 2240 1352 2299 habiturus,
1400 2253 1494 2288 nec
1539 2243 1779 2289 minorem
1825 2241 1974 2288 etiam
2016 2240 2241 2300 qratiam

30 2360 37 2387 „
63 2325 118 2374 in
144 2325 302 2393 oculis
335 2325 617 2382 sanctitatis
645 2330 743 2383 tue.
832 2325 1263 2374 Verumenimvero
1294 2339 1406 2374 cum
1437 2325 1527 2374 sub
1568 2325 1661 2374 hoc
1697 2327 1873 2374 lunari
1907 2324 2023 2373 orbe
2062 2324 2246 2373 Christi

65 2403 219 2460 m'cem
245 2409 488 2473 perbeate
522 2411 574 2459 in
594 2412 758 2459 -terris
790 2423 946 2470 ,qeras
959 2448 972 2466 ‚
1011 2416 1061 2460 et
1094 2413 1307 2460 alterum
1341 2411 1480 2460 nobis
1517 2411 1662 2460 deum
1694 2415 2027 2474 representes,
2055 2424 2243 2473 perso-

31 2518 40 2558 t
65 2509 250 2548 narum
283 2501 519 2558 acceptor
553 2510 658 2545 esse
692 2509 792 2544 non
819 2500 976 2558 potes.
1053 2496 1157 2545 Sed
1190 2510 1286 2557 quo
1322 2510 1400 2545 me
1428 2501 1617 2545 vertam
1651 2510 1753 2558 pre
1803 2491 2010 2545 dolore?
2060 2495 2245 2554 Quibus

32 2564 45 2641 if,
65 2577 392 2648 mpplicabo?
441 2580 571 2640 Quos
614 2582 766 2630 miser
804 2583 910 2643 ipse
945 2579 1239 2644 implorem?
1297 2581 1363 2631 Te
1409 2583 1752 2642 mediusfidius
1779 2588 1980 2644 patrem
2017 2581 2244 2630 beatissi—

12 2650 228 2728 nimum,
268 2679 413 2728 quem
445 2666 755 2716 admiranda
779 2668 1048 2728 probitatis
1079 2670 1393 2729 omniumque
1427 2670 1662 2730 virtutum
1704 2670 1908 2728 merita,
1946 2669 2245 2730 incorrupta

68 2754 162 2813 vite
199 2754 484 2813 inmeritas,
533 2752 606 2801 ad
649 2767 930 2814 supremam
968 2763 1116 2815 atque
1155 2754 1543 2803 inaccessibilem
1573 2767 1704 2815 pene
1741 2754 1919 2802 mundi
1951 2753 2247 2802 cathedram

36 2840 180 2888 riure
214 2840 396 2902 optimo
429 2840 734 2903 extulerunt,
769 2841 858 2901 qui
889 2844 937 2888 et
966 2840 1314 2889 misericordia
1349 2840 1515 2901 diqnis
1551 2841 1782 2889 misereri
1810 2845 1858 2889 et
1885 2839 2122 2901 superbos
2149 2839 2243 2888 de-

13 2915 52 2976 ,52
69 2923 256 2978 bellare
281 2936 384 2987 pro
415 2932 503 2973 tua
547 2925 886 2975 moderatione
933 2931 1081 2987 atque
1129 2926 1325 2974 iusticia
1372 2927 1705 2987 quamoptime
1755 2926 1991 2974 didicisti.
2070 2924 2112 2971 (Ι
2152 2924 2246 2973 Ce-

27 2997 48 3053 .’
71 3014 230 3060 terum
263 3010 540 3060 beatissime
566 3017 736 3071 pater,
785 3016 840 3060 ut
873 3012 945 3060 ad
976 3025 1083 3060 rem
1122 3014 1227 3073 ipse
1259 3013 1511 3073 paulatim
1550 3012 1792 3060 declinem
1808 3028 1823 3058 .-
1873 3011 2134 3071 Postquam
2167 3023 2248 3058 se-

69 3097 359 3147 renissimus
383 3101 551 3145 noster
575 3095 878 3158 Imperator,
912 3098 1129 3146 omnium
1157 3099 1335 3146 litteris
1362 3102 1510 3159 atque
1543 3098 1730 3157 linquis
1760 3095 2088 3154 extollendus,
2123 3095 2245 3143 uni-—

54 3181 381 3251 ,nversitatibus
416 3182 619 3243 aliquot,
653 3180 1005 3245 Archipresuli
1035 3186 1182 3232 etiam
1209 3183 1514 3244 Moquntino‚
1558 3177 1766 3243 itemque
1803 3189 1853 3231 et
1882 3182 2094 3240 heretice
2118 3194 2252 3242 pra—

5 3261 15 3271 ’
114 3267 126 3278 ”
174 3268 236 3318 tis
269 3268 576 3329 inquisitori,
625 3281 688 3317 ac
722 3267 909 3317 Ioanni
942 3269 1153 3330 denique
1185 3269 1458 3324 Reuchlin,
1509 3270 1672 3329 lequm
1712 3268 1795 3326 (ut
1826 3266 2023 3328 fertur)
2065 3266 2256 3315 doctori

170 3353 374 3416 pridem
411 3353 786 3417 demandasset,
822 3359 876 3403 ut
910 3355 1151 3415 quidnam
1190 3355 1253 3404 de
1285 3355 1426 3403 libris
1450 3353 1725 3413 Iudeorum
1762 3353 2058 3414 quibusdam
2094 3365 2251 3401 scan-

145 3440 261 3490 losis
291 3444 341 3489 et
374 3441 427 3488 in
461 3440 723 3488 ecclesiam
761 3440 848 3488 dei
881 3440 1180 3502 blasphemis
1215 3440 1467 3500 aqendum
1500 3438 1664 3499 foret,
1704 3438 1777 3486 ad
1810 3439 2075 3487 salvatoris
2098 3437 2255 3486 nostri

232 3538 309 3575 em
344 3526 659 3586 omniumque
693 3530 1101 3586 reqeneratorum
1140 3527 1348 3574 salutem
1386 3525 1670 3586 quantotius
1694 3523 1995 3582 deciderent,
2039 3523 2254 3583 Cumque

217 3625 243 3661 s
270 3617 479 3673 excepto
503 3610 697 3659 Ioanne
719 3610 994 3667 Reuchlin,
1035 3613 1165 3660 vetut
1200 3623 1301 3660 uno
1337 3623 1449 3667 ore,
1489 3624 1555 3660 ex
1597 3610 1830 3659 instinctu
1863 3611 2071 3671 spiritus
2094 3609 2258 3657 sancti

141 3708 172 3746 o
217 3696 408 3746 Christo
451 3702 500 3745 et
537 3698 859 3758 loquerentur
901 3701 950 3745 et
988 3696 1289 3756 scriberent,
1341 3698 1473 3745 solus
1520 3697 1603 3744 ille
1649 3697 1873 3744 inventus
1908 3702 2003 3749 est,
2052 3695 2139 3754 qui
2176 3694 2256 3750 (ut

182 3786 347 3831 tarum
385 3784 789 3838 universitatum,
830 3784 1139 3843 aliorumque
1177 3796 1209 3830 a
1239 3781 1455 3840 Cesarea
1492 3780 1756 3830 Maiestate
1793 3781 2056 3842 deputator
2060 3791 2139 3825 um
2178 3783 2251 3824 te-

133 3866 144 3877 ‘
187 3869 306 3916 onia
343 3868 588 3930 probant)
640 3867 914 3927 Iudeorum
959 3868 1174 3930 perfidie
1210 3869 1372 3928 maqis
1408 3880 1558 3927 quam
1594 3867 1703 3915 sedi
1737 3866 2001 3926 apostolice
2040 3868 2127 3910 aut
2162 3875 2252 3908 sa-

4 3960 14 3993 ·
59 3953 359 4028 {cratissimo
390 3954 516 4013 fidei
548 3955 750 4015 neqocio
779 3955 831 4003 in
863 3967 956 4004 sua
984 3955 1340 4003 consultatione
1363 3953 1647 4013 adhereret
1728 3949 1885 3998 Taceo
1917 3948 2067 4009 (proh
2085 3945 2256 4007 pudor

1816 4033 1846 4081 6
1863 4032 1887 4059 ⁸
