2456 4264
452 739 990 817 PASQVILLVS
1048 740 1515 807 MARRANVS
1572 746 1836 826 EXVL,

854 869 1122 912 LECTORI
1151 870 1448 914 SALVTEM.

374 1035 427 1099 (I
452 1027 682 1091 Vidisti
721 1025 1087 1110 saepiuscule
1133 1025 1335 1088 lector
1370 1026 1626 1092 la‘bores
1655 1035 1905 1095 nostros

469 1130 640 1212 quib.
673 1129 979 1189 hactenus
1027 1135 1197 1190 06tra
1246 1137 1580 1211 corruptos
1618 1132 1816 1193 nostri

551 1231 674 1292 aeui
718 1251 928 1290 mores
975 1227 1360 1292 sudauimus,
1418 1230 1605 1292 Nunc
1651 1254 1726 1294 00

651 1332 888 1412 gnosce
933 1327 1088 1410 quid
1117 1328 1185 1389 in
1229 1351 1437 1392 nouos
1481 1330 1629 1394 illos

757 1427 1207 1511 Theologistas
1264 1430 1526 1494 adulato

831 1551 963 1612 res»,
1010 1529 1146 1591 ausi
1188 1530 1441 1595 fuimus.

1014 1628 1266 1707 Quidue

707 1731 1015 1795 Marforio
1054 1736 1270 1796 nostro
1317 1734 1574 1818 auspice

612 1833 1072 1896 obtinuerimus
1119 1857 1158 1895 a
1193 1835 1507 1898 Pontifice
1550 1836 1668 1898 Ro.

709 1938 892 1997 versa
935 1933 1197 2019 pagella
1243 1958 1385 2019 quae
1432 1936 1574 1999 sunt

991 2035 1297 2099 ostendet.

1094 2139 1108 2170 ί
1179 2139 1193 2170 ί

1136 2186 1150 2216 ἳ

778 2369 1055 2422 LEGE,
1128 2369 1236 2416 ET
1309 2368 1520 2416 PRO·

979 2440 1302 2487 BABIS.

180 2762 451 2821 [Exemplum
482 2767 522 2807 1.
552 2778 613 2806 ex
642 2778 723 2820 quo
753 2765 860 2806 hunc
889 2765 1158 2820 Pasquiltum,
1191 2766 1374 2821 quamvis
1401 2765 1546 2818 priori
1571 2765 1695 2804 multo
1725 2762 1983 2815 inferiorem,
2015 2767 2057 2802 et
2086 2762 2226 2813 infice-

64 2837 215 2878 liorem
242 2840 286 2878 et
313 2837 440 2878 multo
470 2838 602 2877 minus
629 2837 841 2886 Latinum,
871 2842 981 2878 tomo
1014 2837 1144 2882 IIII.
1171 2837 1281 2891 Opp.
1307 2837 1431 2878 Hutt.
1456 2848 1484 2876 a
1514 2834 1636 2876 nobis
1669 2835 1811 2884 edito,
1846 2832 2135 2879 exhibuimus,
2172 2830 2224 2872 10

62 2907 181 2960 foliis
209 2906 271 2952 8⁰.
298 2920 336 2949 ε.
357 2909 384 2948 l.
415 2913 459 2949 et
487 2922 528 2948 a.
560 2907 716 2948 editum
753 2913 837 2956 est,
877 2908 1085 2963 habetque
1124 2910 1442 2961 inscriptionem
1481 2907 1590 2948 Izanc
1630 2916 1919 2952 PASvanvs
1946 2902 1954 2956 Ι
1979 2904 2222 2944 Martanus

67 2977 186 3031 exul,
216 2978 406 3020 Lectori
426 2978 631 3020 Salutem
652 2985 695 3019 et
722 2979 889 3034 reliqua
916 2984 961 3021 ut
980 2993 1115 3034 supra
1133 2981 1358 3033 repetitum
1377 2983 1455 3020 est.
1514 2981 1557 3019 2.
1581 2977 1637 3018 In
1656 2974 1990 3030 Parquillorum
2010 2974 2138 3017 Tom.
2160 2974 2221 3015 ΙΙ.

67 3049 186 3103 (Iud.
207 3048 424 3105 bibliogr.
445 3049 639 3102 n.55,1.)
660 3063 703 3104 p.
730 3048 963 3094 191...201.
995 3049 1315 3105 Schnarreqallz·
1340 3063 1408 3103 ep.
1433 3063 1516 3091 non
1546 3053 1723 3102 recepta
1752 3052 1840 3094 est,·
1871 3059 1992 3102 quam
2022 3059 2104 3087 non
2125 3049 2224 3087 omi-

64 3125 122 3163 sit
142 3123 187 3164 3.
218 3121 350 3166 Hutt.
370 3120 556 3164 Miinch.
580 3120 699 3174 (Iud.
722 3121 833 3163 bibl.
857 3134 902 3162 n.
923 3120 1013 3176 78.)
1037 3126 1142 3165 tom.
1172 3122 1234 3163 11.
1266 3135 1309 3175 p.
1332 3118 1563 3162 449...460.
1595 3119 1666 3161 ubi
1693 3123 1822 3161 totum
1851 3118 1929 3160 Ιιοο
1960 3115 2079 3171 (puto
2108 3118 2225 3159 Vite—

66 3193 285 3248 berqensis
320 3194 497 3236 alieuius
533 3195 744 3246 clericuli)
784 3194 993 3235 mediocre
1031 3206 1137 3247 opus
1174 3194 1297 3248 quasi
1332 3192 1516 3234 Huttem‘
1551 3195 1663 3233 esset
1699 3190 1923 3243 repetitum
1952 3193 2033 3230 est.
2072 3208 2126 3217 —-
2159 3189 2224 3230 De

67 3268 271 3308 tractatu
300 3265 509 3315 metrico,
542 3279 660 3321 quem
688 3266 851 3313 addidi,
882 3263 1152 3317 Erfurtensis
1182 3266 1360 3307 alieuius
1381 3263 1683 3318 Aufflaetiniani
1709 3274 1860 3315 opere,
1893 3261 2011 3315 apud
2027 3262 2145 3313 ipsos
2166 3262 2223 3301 le-

67 3342 211 3380 ctores
229 3337 423 3379 iudicium
443 3342 548 3390 esto,
580 3342 715 3378 utrum
736 3336 969 3379 Alveldium
990 3349 1044 3376 an
1065 3348 1155 3377 eum
1185 3337 1258 3391 qui
1284 3348 1429 3377 versus
1446 3335 1566 3388 fecit,
1598 3334 1810 3375 mieeriori
1828 3331 2011 3374 ludibrio
2032 3328 2218 3385 habena]
