2456 4264
247 246 363 304 122
538 268 631 299 10A.
656 268 967 299 PEPERICORNI
989 266 1216 298 DEFENSIO
1240 264 1422 295 CONTRA
1443 262 1651 294 FAMOSAS
1675 264 1716 292 Ο.
1740 264 1784 294 V.
1807 263 2078 293 EPISTOLAS.

221 452 224 456 ,
384 403 425 451 (Ι
464 402 617 450 Nono.
660 399 912 446 Gloriatur
954 411 1006 445 se
1045 397 1367 457 composuisse
1410 395 1757 458 dictionarium
1788 390 2073 442 hebraicum
2121 408 2188 442 ex
2227 394 2383 442 indu-

241 489 364 535 stria
395 500 502 534 sua.
578 483 668 530 sed
697 482 787 529 hoc
815 480 1006 539 falsum
1041 495 1145 528 esse
1177 481 1296 527 satis
1332 479 1521 526 ostendi
1550 479 1602 525 in
1637 477 1751 524 aliis
1783 478 1902 525 meis
1926 479 2140 539 scriptis,
2174 491 2231 526 eo
2254 478 2386 538 quod

239 583 421 630 parum
458 575 543 615 aut
576 566 700 613 nihil
732 578 799 611 ex
834 578 886 611 se
921 564 1124 622 habeat,
1172 564 1262 611 sed
1296 564 1460 611 omnia
1493 561 1879 610 emendicaveril
1910 575 1943 609 a
1973 561 2168 621 Iudeis.
2212 562 2385 622 quibus

242 656 388 702 etiam
427 663 524 699 non
558 649 800 697 erubescit
825 661 885 695 ea
918 648 1130 707 yloriose
1157 647 1373 694 scribere
1396 660 1488 706 que
1519 647 1612 693 soli
1635 645 1726 692 deo
1749 647 2055 708 conveniunt,
2092 647 2219 694 sicut
2242 645 2386 705 infra

241 738 389 785 latius
422 734 621 795 patebit.
693 732 818 780 Dico
853 732 1006 791 iqitur
1045 731 1176 791 quod
1211 730 1281 776 ad
1304 743 1491 791 penam
1526 730 1696 777 mortis
1731 730 1971 777 sustinere
1997 733 2217 790 paratus
2259 742 2380 789 sum,
2396 745 2417 777 5
2445 730 2447 732 ’

242 819 375 880 quod
407 821 510 880 ipse
536 817 750 867 Ioannes
780 815 1023 864 Reuchlin
1059 828 1156 863 non
1188 816 1320 862 novit
1354 827 1540 861 omnem
1564 813 1834 872 Iudeorum
1867 815 2170 875 scripturam
2206 815 2385 873 tepere,

243 911 378 952 taceo
415 904 700 962 intelliqere.
776 901 924 948 Falso
958 901 1124 960 itaque
1158 898 1252 946 sibi
1287 904 1473 946 tantam
1505 898 1720 957 qloriam
1757 898 2009 953 vendicat,
2058 910 2159 958 qua
2189 898 2387 945 minime

244 990 422 1049 diynus
458 991 544 1036 est.
620 986 813 1046 Diqnus
848 989 1032 1038 tamen,
1081 983 1490 1044 quemadmodum
1523 975 1772 1043 plerique,
1816 983 1905 1042 qui
1936 982 2132 1042 aliquas
2160 983 2385 1030 auctori-

244 1078 366 1120 tates
403 1070 697 1131 quandoque
733 1083 799 1117 ex
838 1069 1008 1128 Grecis
1047 1067 1269 1127 afferunt
1303 1072 1350 1114 et
1379 1068 1483 1114 alia
1519 1067 1755 1126 iqnorant

388 1156 429 1202 (Ι
484 1155 699 1202 Decimo.
773 1152 954 1201 Scribit
997 1153 1048 1199 in
1095 1153 1300 1212 epistola
1351 1150 1643 1211 precedenti
1692 1147 1982 1209 dubitative,
2034 1150 2219 1198 scilicet
2270 1152 2381 1211 ‘po-
2401 1167 2440 1199 10

243 1242 333 1289 tuit
371 1237 523 1299 fieri,
580 1243 628 1286 et
681 1239 732 1286 in
786 1236 1053 1296 offensione
1098 1250 1191 1284 sua
1237 1230 1402 1293 ῥῐλῇ.
1456 1236 1687 1283 columna
1734 1235 1905 1296 prima
1960 1232 2264 1293 affirmative
2305 1236 2387 1282 lo-

243 1326 434 1386 quitur,
476 1336 527 1370 se
567 1324 755 1371 nullum
797 1322 1044 1370 decretum
1085 1320 1261 1367 vidisse
1304 1319 1366 1367 de
1419 1319 1702 1368 cremandis
1742 1318 2014 1378 Iudeorum
2064 1318 2218 1367 libris.
2296 1319 2388 1367 hoc

145 1418 227 1473 ebij
249 1421 396 1470 quam
428 1408 493 1455 sit
524 1405 734 1465 falsum,
772 1407 824 1454 in
859 1405 1075 1454 consiliis
1106 1405 1477 1452 universitatum
1512 1407 1675 1464 patet,
1722 1403 1808 1451 ubi
1829 1398 1851 1470 ΙΙ
1876 1403 2018 1451 multi
2058 1404 2392 1451 iurisconsulti

242 1495 539 1552 alleqantur,
578 1491 664 1550 qui
687 1491 796 1537 illos
821 1491 1087 1550 apostolico
1109 1489 1305 1536 decreto
1329 1488 1596 1536 combustos
1619 1486 1896 1547 affirmant,
1930 1489 2058 1536 sicut
2079 1489 2225 1535 etiam
2251 1487 2388 1535 Par-

241 1577 518 1638 rhysienses
543 1576 592 1622 in
627 1586 718 1622 sua
755 1575 995 1621 sententia
1029 1578 1399 1634 expresserunt.
1473 1572 1533 1620 Si
1567 1573 1719 1632 iqitur
1753 1585 1910 1632 neque
1945 1571 2194 1632 theoloqus
2229 1585 2296 1627 es,
2334 1576 2444 1621 ut15

242 1661 292 1707 in
330 1659 504 1707 eadem
545 1660 640 1706 ista
679 1658 885 1718 epistola
924 1657 1133 1716 fateriS,
1182 1671 1338 1717 neque
1385 1658 1766 1711 iureconsultus,
1811 1668 1868 1703 eo
1907 1655 2040 1716 quod
2076 1657 2390 1718 principales

241 1758 337 1793 non
373 1744 551 1803 leqeris
566 1780 578 1801 ,
625 1742 834 1790 debebas
877 1742 969 1789 hoc
1013 1742 1329 1789 consultandi
1356 1755 1479 1789 onus
1513 1742 1795 1800 reliquisse,
1841 1753 1932 1788 nec
1968 1740 2055 1788 tibi
2088 1747 2390 1800 arroyanter

242 1828 525 1876 vendicasse
572 1839 778 1887 quorum
821 1827 1056 1886 peritiam
1108 1839 1204 1872 non
1246 1825 1485 1884 habebas,
1541 1838 1698 1884 neque
1742 1837 1967 1885 unquam
2006 1838 2057 1872 es
2111 1824 2386 1873 habiturus·

247 1912 532 1960 Timendum
570 1914 640 1959 est
674 1911 827 1969 iqitur
863 1910 997 1969 quod
1031 1914 1120 1958 tua
1152 1909 1386 1970 superbia
1426 1915 1470 1957 te
1507 1909 1699 1968 decepit
1732 1913 1782 1956 et
1816 1909 1951 1969 quod
1989 1909 2150 1969 maqis
2195 1909 2388 1957 studio-

238 2010 321 2046 sus
354 1998 420 2044 sis
452 1997 590 2043 circa
622 1994 892 2055 prophana
933 1998 982 2041 et
1023 1994 1148 2042 nihil
1193 1993 1265 2040 ad
1309 1995 1566 2042 ecclesiam
1597 1995 1902 2053 pertinentia
1941 2005 2090 2053 quam
2126 1994 2267 2042 circa
2304 1993 2449 2045 αι’-ω

238 2082 352 2128 vina
388 2083 476 2128 aut
508 2092 570 2127 ea
603 2092 696 2139 que
726 2091 884 2139 supra
916 2078 1117 2136 sirmam
1149 2083 1347 2138 petram
1384 2085 1497 2126 sunt
1525 2077 1774 2136 edificata.

378 2165 419 2211 (Ι
463 2163 728 2212 Undecimo
751 2161 936 2210 Scribit
961 2164 1011 2210 in
1029 2164 1327 2224 precedenti
1350 2163 1556 2223 epistola
1585 2163 1719 2222 quod
1740 2174 2055 2223 nequaquam
2079 2162 2388 2223 splendidis-

234 2251 409 2299 simum
454 2252 673 2297 nostrum
717 2248 1030 2309 qymnasium
1082 2248 1441 2308 contempserit.
1495 2246 1551 2294 id
1602 2247 1736 2307 quod
1785 2247 1930 2295 etiam
1980 2247 2102 2294 satis
2143 2259 2390 2308 superque

237 2334 447 2384 ostendit
490 2334 542 2381 in
586 2334 687 2380 suis
734 2332 807 2379 ad
850 2345 938 2379 nos
982 2332 1223 2392 epistolis,
1281 2333 1330 2379 in
1379 2331 1552 2391 quibus
1598 2342 1755 2393 supra
1797 2330 1995 2378 modum
2040 2335 2088 2379 et
2133 2332 2184 2378 in
2229 2333 2388 2390 celum

239 2420 412 2480 (prout
447 2417 681 2478 oportuit)
736 2418 914 2464 eaetulit
957 2417 1321 2464 universitatem
1375 2422 1608 2464 nostram.
1683 2415 1788 2464 Sed
1838 2428 1998 2476 quare
2052 2411 2285 2464 obsecro?
2334 2421 2389 2465 ut
2400 2424 2445 2468 25

236 2505 337 2551 suis
372 2503 585 2562 vulpinis
624 2500 994 2561 adulationibus
1039 2501 1373 2559 sacratissime
1406 2500 1641 2559 theoloqie
1677 2500 1899 2548 doctores
1933 2513 1966 2546 a
2004 2500 2196 2548 iusticia
2234 2513 2386 2548 aver--v

238 2591 376 2635 teret.
462 2586 640 2633 Verum
685 2599 782 2633 non
825 2589 940 2633 sunt
983 2585 1192 2645 theoloqi
1233 2586 1332 2646 ipsi
1372 2589 1460 2632 aut
1503 2585 1827 2633 iureconsulti
1870 2584 2164 2645 (prudentes
2215 2587 2387 2633 saltem

238 2671 357 2732 viri)
397 2671 501 2719 eius
537 2674 716 2729 nature
759 2674 815 2717 ut
854 2682 989 2717 more
1023 2682 1295 2731 porcorum
1332 2669 1523 2728 fricent
1564 2676 1612 2716 et
1651 2670 1902 2717 veritatem
1949 2669 2197 2717 deserant.
2271 2669 2388 2731 Ipse

237 2757 391 2816 iqitur
425 2756 476 2803 in
512 2768 604 2803 sua
641 2753 908 2814 offensione
956 2754 1268 2813 (defensione
1301 2755 1468 2803 dicere
1504 2755 1659 2815 volui)
1696 2766 1843 2814 quam
1882 2753 2046 2813 suerit
2087 2754 2384 2815 inconstanS,

237 2841 355 2889 levis
388 2845 435 2887 et
467 2839 730 2901 reprobus,
765 2840 924 2900 pauci
951 2845 1064 2887 sunt
1091 2841 1304 2887 omnium
1338 2841 1426 2900 qui
1456 2841 1706 2898 iqnorant.
2398 2852 2443 2886 ³0

380 2924 421 2971 (Ι
457 2924 769 2972 DuodecimO.
808 2923 979 2972 scribit
1001 2925 1117 2982 sieri
1142 2925 1355 2985 potuisse
1389 2923 1523 2984 quod
1556 2925 1745 2971 nullum
1776 2935 2014 2971 canonem
2053 2923 2117 2971 de
2150 2935 2385 2971 creman-

237 3010 313 3058 dis
346 3009 615 3068 Iudeorum
651 3009 789 3057 libris
826 3010 1087 3057 invenisset
1110 3014 1174 3057 .et
1190 3024 1231 3058 c.
1306 3009 1476 3056 Primo
1509 3008 1664 3067 iqitur
1698 3020 1796 3055 non
1825 3007 2035 3055 ostendit
2068 3022 2120 3056 se
2151 3009 2384 3056 iurecon-

236 3095 438 3153 sultum,
485 3098 538 3140 ut
579 3107 739 3154 supra
778 3093 960 3142 dictum
997 3098 1079 3141 est.
1155 3093 1382 3142 Secundo
1428 3093 1780 3152 respondemus
1833 3093 1986 3150 (sicut
2017 3095 2201 3154 supra)
2249 3106 2384 3140 nun-

237 3190 386 3237 quam
422 3177 581 3236 fuisse
617 3182 794 3225 motam
821 3180 1114 3238 questionem
1144 3178 1208 3226 de
1241 3177 1527 3226 cremandis
1561 3176 1834 3235 Iudeorum
1870 3177 2024 3224 libris.
2105 3175 2264 3226 Tertio
2297 3191 2387 3225 re—

236 3261 556 3322 spondemus,
597 3264 757 3310 locum
803 3263 1083 3322 neqativum
1116 3262 1195 3319 (ut
1231 3261 1293 3309 ab
1329 3263 1442 3310 aliis
1479 3262 1702 3309 intellexi
1731 3275 1826 3322 per
1852 3262 2179 3309 theutonicam
2214 3261 2442 3320 infor—³⁶

238 3347 519 3406 mationem)
559 3347 683 3394 nihil
722 3347 904 3395 habere
952 3346 1164 3403 robori-5,
1211 3346 1337 3394 nihil
1364 3347 1628 3404 firmitatis.
1711 3345 2026 3407 Quapropter
2072 3347 2122 3393 in
2155 3345 2384 3404 favorem

238 3429 508 3489 Iudeorum
547 3432 668 3478 satis
705 3433 847 3479 stulte
874 3433 1062 3479 locutus
1096 3435 1180 3478 est.
1254 3430 1356 3478 Sed
1389 3431 1522 3479 hanc
1561 3433 1821 3479 materiam
1860 3432 2001 3491 (quia
2037 3443 2127 3490 eqo
2149 3443 2259 3478 eam
2286 3442 2384 3477 non

237 3514 479 3574 intelliqo)
518 3515 630 3562 aliis
666 3515 1022 3563 discutiendam
1047 3517 1286 3575 relinquo.
1361 3515 1430 3563 Id
1451 3516 1583 3575 quod
1611 3515 1831 3574 fortasse
1860 3521 1907 3563 et
1935 3514 2267 3576 proculdubio
2286 3515 2385 3569 fieti

381 3597 423 3645 (Ι
457 3597 654 3646 Decimo
690 3600 845 3646 tertio.
883 3601 1179 3659 ineptissime
1216 3600 1409 3653 scribit,
1461 3613 1513 3646 se
1565 3607 1619 3646 ut
1660 3602 1818 3659 topico
1857 3600 2107 3648 rhetorum
2143 3612 2278 3647 more
2313 3597 2386 3645 ad

234 3682 641 3746 persuadendum
673 3687 786 3743 apto
820 3684 870 3729 in
909 3696 1001 3730 sua
1032 3685 1386 3731 consultatione
1419 3696 1571 3730 usum.
1649 3697 1710 3731 ac
1741 3685 1786 3730 si
1813 3684 1940 3741 sides
1976 3683 2220 3732 catholica
2257 3682 2437 3730 rhe-w

240 3775 397 3817 torum
421 3779 606 3828 pompa
641 3771 883 3826 uteretur,
918 3767 1053 3827 quod
1074 3765 1222 3826 quam
1245 3767 1437 3825 falsum
1472 3771 1616 3826 atque
1642 3769 1862 3827 iniquum
1893 3769 1971 3825 sit,
2007 3767 2189 3815 Christi
2208 3779 2382 3815 exem-

234 3854 374 3915 plum
403 3852 608 3914 probat,
654 3852 741 3913 qui
784 3863 882 3899 non
921 3852 1067 3911 eleqit
1101 3851 1193 3900 sibi
1223 3853 1499 3912 eloquentes
1544 3857 1631 3899 aut
1662 3863 1945 3913 pomposos,
1990 3851 2082 3900 sed
2109 3852 2381 3912 piscatores
