2456 4264
780 294 1117 323 HOCHSTBA'I'VS
1140 294 1287 323 OVANS
1308 293 1558 322 DIALOGVS.
2116 267 2237 324 477

44 440 47 444 ’
73 427 369 488 ἶνεναυεῆῗεη
403 427 506 473 und
538 425 827 475 vernichtent
858 428 948 473 den
983 426 1328 474 unrecktlichen
1360 432 1563 482 sententz
1596 440 1658 472 zu
1704 426 1845 486 Speir
1880 440 1968 472 vur
2006 422 2243 474 Iohansen

85 498 316 546 Reucklin
350 497 564 544 unbdlich
603 499 701 543 und
733 498 1034 544 unredlichen
1065 499 1242 558 yeben’.

136 604 138 609 »
222 582 372 618 ans.
444 569 764 630 Interpreteris
802 570 910 632 quid
946 577 1111 617 sonent
1134 572 1246 617 ista:
1284 585 1383 616 sum
1408 570 1597 630 Anglus,
1635 569 1898 616 Germanice
1923 569 2092 621 nescio,
2131 575 2241 615 tam-

83 643 170 688 etsi
206 639 416 702 intelligo
454 640 661 688 nonnihil
696 640 958 688 Hollandice
996 649 1041 687 et
1076 642 1303 688 idiomatis
1341 643 1433 694 tui,
1481 641 1605 703 quod
1651 656 1733 687 cur
1779 655 1871 687 non
1918 641 2056 687 mavis
2107 655 2240 702 quam

0 720 2 722 ’
48 713 208 761 εειῑὶιιᾱ
242 715 309 759 ita
341 712 633 774 peregrinum
670 713 804 759 edere
840 727 934 759 non
970 712 1195 774 intelligo.

221 795 614 832 flocnsTRA'rvs.
687 783 907 830 Conducit
951 784 1062 836 hoc,
1110 785 1301 846 opinor:
1348 798 1448 830 nam
1496 798 1571 830 res
1609 790 1708 830 acta
1744 785 1788 829 in
1827 783 2063 830 Germania
2101 797 2235 844 supe·
2252 785 2353 826 §.st

2 891 7 895 .
82 857 205 902 riore
240 857 424 903 conscio
462 857 597 902 etiam
634 855 795 915 vulgo,
844 856 963 917 apud
1000 870 1133 917 quem
1170 855 1459 902 diminuenda
1496 855 1629 901 etiam
1667 869 1788 900 nunc
1825 862 1897 900 est
1934 857 2086 916 opinio
2124 855 2240 901 cele—

81 926 470 979 bris-Reuchlini;
506 935 722 976 caeterum
756 927 895 973 latine
932 927 998 974 sic
1034 929 1147 973 verti
1183 933 1381 988 possunt
1419 925 1650 988 ‘Sequitur
1696 928 1922 972 sententia
1949 924 2030 972 διε.
2094 928 2239 987 primo

0 983 7 1054 {³
80 997 332 1060 reprobans
358 1005 406 1044 et
429 998 666 1045 annullans
692 996 905 1044 iniustam
930 1005 976 1044 et
1001 997 1171 1044 nullam
1211 1000 1480 1044 sententiam
1517 999 1563 1043 in
1589 996 1720 1058 Spira
1755 1011 1840 1058 pro
1878 997 2043 1043 Ioanne
2068 998 2242 1043 Reueh-

0 1069 150 1127 f-tolin
186 1070 343 1132 inique
379 1076 426 1116 et
460 1069 741 1117 calumniose
777 1069 1018 1117 traditam'.
1057 1071 1261 1131 quamvis
1299 1069 1443 1130 igitur
1468 1069 1742 1115 sententiam
1767 1075 2039 1129 praetensam
2070 1075 2239 1114 tantum

0 1159 4 1182 :
79 1141 315 1188 nominant
350 1141 520 1188 iudices
557 1141 646 1187 mei
682 1141 926 1193 Rhomani,
963 1141 1097 1187 libuit
1134 1148 1285 1188 tamen
1320 1139 1588 1187 vocabulum
1627 1139 1894 1201 ‘praetensae’
1932 1140 2151 1191 dividere,
2190 1146 2241 1185 ut

0 1251 5 1278 ,
81 1212 351 1262 sententiam
397 1213 535 1275 vulgo
581 1211 841 1273 intelligant
887 1212 1123 1264 iniustam,
1175 1219 1222 1259 et
1266 1218 1319 1258 ut
1364 1211 1535 1259 iudices
1574 1217 1731 1257 contra
1770 1210 1968 1258 officium
2007 1218 2053 1257 et
2089 1211 2242 1271 probi-

0 1285 4 1353 ζ
79 1290 218 1332 tatem
253 1285 576 1347 pronuntiasse
612 1283 810 1330 credant.

218 1369 369 1404 ans.
438 1357 670 1402 Animose.
1795 1391 1798 1395 .

0 1430 75 1486 ῑ-ιε,
218 1440 514 1477 Lvromvs.
586 1426 699 1473 Male
735 1432 914 1478 metuo,
952 1439 1010 1472 ne
1045 1432 1207 1472 noster
1231 1426 1506 1487 Triumphus
1533 1426 1830 1474 calamitatem
1857 1426 1988 1472 ferat.
2027 1426 2140 1476 vide,
2178 1426 2238 1471 mi
2257 1430 2355 1470 §.⁴5.

0 1500 4 1559 ᾗ
78 1512 237 1552 senex,
274 1512 335 1547 ne
367 1498 575 1546 iuvenilis
611 1499 701 1545 ista
740 1503 816 1545 tua
852 1498 1037 1545 audacia
1074 1499 1310 1558 negotium
1347 1498 1483 1545 faciat
1521 1499 1607 1544 toti
1644 1504 1815 1547 nostrae
1853 1497 2040 1544 factioni
2069 1504 2114 1543 et
2138 1497 2241 1543 urbi

0 1561 5 1630 J
64 1571 215 1621 <etiam
232 1569 527 1618 ¹Coloniensi.
1928 1580 1930 1582 ·

0 1635 7 1695 ζ
216 1652 615 1690 noons'rRA'rvs.
686 1640 849 1688 Pusilli
894 1655 943 1687 es
990 1643 1154 1694 animi,
1203 1641 1432 1703 Lupolde‚
1481 1655 1615 1688 nemo
1663 1642 1848 1688 timidus
1897 1642 2109 1687 eximium
2147 1647 2242 1686 tro-

0 1699 8 1780 ξ
76 1715 262 1776 phaeum
296 1715 482 1766 statuit,
519 1719 566 1759 et
600 1719 753 1760 tamen
790 1715 1007 1776 episcopo
1034 1713 1261 1775 Spirensi,
1302 1715 1378 1775 qui
1416 1728 1531 1775 puer
1568 1720 1663 1771 est,
1702 1719 1748 1759 et
1788 1720 1960 1759 tantum
1986 1714 2242 1774 episcopus,

0 1782 65 1834 beo
79 1784 334 1848 postulanti
366 1799 455 1833 nos
491 1785 550 1832 ad
569 1784 846 1832 Palinodiam
881 1785 1014 1832 facile
1048 1785 1336 1848 respondebo
1375 1799 1618 1846 personam
1643 1800 1735 1832 non
1760 1792 1986 1837 notatam,
2026 1785 2106 1830 sed
2131 1797 2240 1835 rem,
2277 1804 2283 1817 .

0 1853 10 1894 s
75 1871 144 1904 ne·
170 1857 280 1919 quid
313 1857 422 1904 mali
458 1856 516 1904 ab
551 1871 607 1904 eo
646 1859 819 1904 timeas.

0 1902 8 1977 ξ
214 1941 509 1978 Lvronnvs.
579 1928 680 1975 Non
729 1928 962 1981 subsistit,-
1009 1928 1271 1976 bimembris
1309 1934 1380 1975 est
1429 1930 1600 1981 oratio,
1648 1930 1776 1991 prior
1811 1943 1919 1990 pars
1958 1927 2242 1979 sententiam,

0 1990 15 2071 ζ’
75 2000 220 2048 altera
254 2000 603 2120 illiukautores
637 2001 854 2063 respicit:
891 2002 1116 2048 sententia
1153 2001 1274 2047 enim
1310 2000 1434 2047 nulla
1471 2007 1555 2053 est,
1594 2002 1674 2052 ais,
1714 2007 1760 2047 et
1796 2001 1951 2062 inique
1988 2015 2039 2047 ac
2076 1999 2244 2046 calum·

0 2098 7 2132 ς
75 2074 211 2120 niose
244 2072 364 2120 tradi

0 2138 67 2204 ξπ
222 2157 621 2193 noonsm'rvs.
692 2145 792 2191 Aio.

0 2211 6 2233 ⁵·
214 2228 503 2266 INPOLDVS.
573 2214 638 2262 Ne
674 2222 767 2262 tam
805 2215 1040 2263 fastidiose
1078 2217 1389 2264 stomacheris.
2235 2219 2353 2260 .§.⁴6.

215 2300 611 2337 nocns'rRA'rvs.
684 2286 800 2344 Quid
837 2295 915 2335 tua
950 2289 1172 2335 interest?

215 2373 503 2410 Lvronnvs.
576 2359 790 2412 Multum,
840 2373 898 2406 ne
943 2360 1096 2407 videar
1142 2361 1278 2407 huius
1324 2360 1561 2421 tragoediae
1610 2366 1758 2406 tecum
1798 2358 1942 2405 fuisse
1979 2365 2136 2411 autor,
2185 2371 2240 2403 ne

23 2470 29 2476 .
76 2446 236 2479 omnes
279 2445 495 2480 vocemur
540 2431 586 2477 in
632 2431 895 2484 discrimen,
944 2446 1001 2478 ne
1049 2438 1202 2478 vetera
1248 2438 1468 2478 renovent
1514 2438 1777 2478 nostrorum
1826 2438 2007 2492 patrum
2057 2429 2239 2491 flagitia,

22 2503 455 2567 »quemadmodum
499 2502 709 2550 videlicet
744 2502 1018 2550 Henrichum
1053 2503 1466 2564 Lutzeburgensem
1515 2504 1725 2550 comitem
1762 2502 2086 2563 Imperatorem
2135 2515 2242 2548 con-

76 2581 250 2624 secrata
286 2576 437 2623 hostia
472 2588 646 2622 veneno
683 2574 799 2621 illita
836 2574 1132 2626 extinximus,
1171 2575 1549 2638 quemadmodum
1587 2573 1848 2636 pontificem
1888 2573 2125 2621 excludere
2169 2586 2239 2618 re-

76 2661 169 2708 gno
214 2643 301 2711 per
346 2647 671 2709 Hieronymum
718 2646 1042 2694 Savonorolam
1090 2650 1390 2700 tentavimus,
1444 2646 1816 2709 quemadmodum
1867 2647 2083 2692 Bernensi
2134 2645 2240 2691 saci-

76 2733 212 2772 nore.
251 2721 298 2766 in
334 2718 460 2781 quod
497 2725 646 2766 totum
683 2718 929 2766 concilium
965 2718 1151 2766 Patrum
1189 2726 1454 2766 nostrorum·
1493 2718 1806 2779 Wimpinense
1845 2724 1891 2763 et
1930 2724 2004 2764 tua
2031 2712 2220 2764 'auctori

4 2821 14 2843 s
77 2797 172 2843 tas,
210 2803 294 2838 nec
328 2805 422 2838 non
458 2790 747 2838 Reverendus
783 2797 915 2852 pater
951 2790 1096 2838 frater
1131 2791 1321 2844 Paulus,
1370 2798 1416 2838 et
1454 2792 1554 2852 quis
1590 2805 1683 2837 non
1722 2795 2042 2841 consenserat,
2089 2787 2238 2835 conati

3 2868 63 2928 ξω
81 2875 238 2910 sumus
274 2864 363 2910 toti
399 2860 499 2910 orbi
536 2866 794 2924 imponere,
843 2861 1056 2915 illudere,
1092 2863 1317 2910 involvere
1363 2861 1679 2925 superstitioni
1715 2863 1978 2923 pernitiosae
2016 2860 2239 2911 omnibus,

6 2974 10 2979 ⁴
77 2933 181 2981 utili
217 2933 331 2982 solis
365 2933 763 2986 Praedicatoribus,
802 2940 849 2980 et
885 2933 1057 2996 fingere
1083 2934 1388 2987 Franciscum,
1437 2935 1559 2982 sicut
1597 2933 1704 2979 olim
1742 2933 1865 2980 illius
1902 2932 2118 2994 populus,
2159 2932 2237 2979 sed

15 3036 17 3038 v
72 3004 255 3053 meliori
291 3019 510 3055 successu
547 3005 701 3063 finxit,
741 3012 787 3052 et
822 3005 1026 3068 praebere
1062 3007 1315 3054 morionem
1352 3007 1580 3053 hominem
1618 3019 1702 3066 pro
1741 3005 1826 3052 deo
1865 3004 2155 3056 adorandum,
2196 3011 2241 3049 et

75 3076 121 3124 id
155 3090 301 3140 genus
336 3076 537 3130 infinita,
575 3092 677 3140 quae
717 3078 863 3125 seduli
903 3078 1108 3126 facimus.
1155 3092 1307 3125 nonne
1355 3079 1411 3125 ad
1447 3091 1542 3130 me,
1595 3084 1646 3123 ut
1683 3077 1912 3139 sapienter
1949 3077 2238 3138 prospiciam,

76 3162 134 3195 ne
169 3149 350 3212 quando
386 3147 573 3196 vulnera
609 3150 708 3196 haec
742 3163 766 3196 a
804 3156 850 3196 te
887 3149 1103 3212 perfricta
1139 3151 1489 3198 recrudescant?
1540 3156 1611 3195 tot
1648 3149 1768 3210 stylo
1807 3148 1956 3194 valent
1992 3148 2134 3195 libera
2172 3149 2239 3193 in-

8 3222 211 3282 ungenta
244 3220 601 3269 adulescentium
638 3222 886 3269 etiamnum
923 3222 1115 3275 fervida,
1153 3230 1205 3269 ut
1242 3222 1319 3275 fit,
1358 3228 1548 3285 propter
1585 3220 1934 3282 imprudentiam
1972 3234 2148 3273 rerum;
2188 3234 2239 3267 ea

15 3481 17 3485 .
187 3444 203 3475 ¹
236 3448 421 3491 sentenz
454 3448 499 3488 3.
596 3446 670 3488 fur
701 3450 744 3489 3.
831 3444 850 3473 ⁴
882 3444 967 3501 tui]
999 3447 1307 3489 Hochstratus
1339 3460 1364 3489 e
1397 3447 1667 3502 cognomine
1698 3447 1805 3489 vico
1834 3446 2115 3489 Hollandico
2147 3446 2236 3488 ori-

15 3510 19 3514 *
73 3518 224 3562 undas
252 3519 358 3561 fuit.
446 3516 464 3544 ⁸
491 3518 778 3573 perigrinum
809 3520 847 3560 1.
862 3521 906 3560 3.
1018 3516 1054 3544 ¹⁷
1082 3518 1383 3561 Poloniensii.
1407 3520 1450 3560 2.
1538 3518 1627 3547 ²2³⁰
1657 3520 1847 3574 flagicia
1877 3522 1920 3561 2.
1954 3518 2024 3560 Cf.
2050 3519 2108 3559 ad
2139 3531 2234 3572 sqq.

32 3589 36 3615 Γ
75 3590 166 3634 vol.
187 3591 226 3634 1.
246 3605 293 3646 p.
317 3589 412 3634 139.
434 3602 554 3631 vere.
576 3588 646 3631 40.
670 3603 768 3643 sqq.
887 3590 1137 3631 Henricum
1168 3593 1209 3632 2.
1225 3593 1267 3632 3.
1301 3590 1533 3632 Henricus
1563 3592 1668 3634 VII.
1693 3592 1723 3644 †
1744 3591 1785 3633 d.
1809 3592 1880 3633 24.
1901 3591 2017 3646 Aug.
2044 3604 2084 3631 a.
2112 3588 2233 3630 1313.

75 3659 113 3690 ⁸⁸
143 3658 388 3718 Saxonum]
420 3661 643 3703 combust.
668 3674 709 3702 a.
738 3660 858 3703 1498.
977 3662 1114 3704 Bern.
1136 3660 1246 3717 fam]
1284 3662 1346 3703 cf.
1370 3661 1461 3705 vol.
1483 3663 1520 3704 Ι.
1544 3678 1589 3718 p.
1615 3661 1709 3705 139.
1733 3677 1780 3718 p.
1803 3662 1897 3705 166.
1920 3664 1958 3714 ξ.
1983 3661 2048 3702 12.
2070 3676 2112 3715 p.
2136 3660 2235 3702 237.

76 3736 127 3775 et
155 3747 318 3778 comm.
339 3733 399 3776 ad
425 3734 512 3789 Ep.
535 3732 590 3775 O.
614 3733 669 3774 V.
691 3733 729 3775 Ι.
750 3733 823 3775 47.
847 3733 947 3775 sive
968 3733 1250 3789 Appendicis
1280 3732 1322 3775 6.
1417 3732 1456 3761 ⁸⁸
1483 3735 1813 3789 Vuimpinense
1846 3738 1885 3776 1.
1901 3739 1942 3777 3.
2049 3732 2086 3758 ⁸⁴
2115 3734 2232 3774 Pau-

74 3801 177 3860 lna]
196 3803 439 3860 Langius?
469 3806 532 3847 cs.
555 3819 627 3860 ep.
651 3804 707 3847 Ο.
726 3805 783 3847 V.
803 3805 863 3847 11.
884 3804 954 3847 63.
1029 3803 1066 3831 ⁸⁵
1095 3806 1372 3860 perniciosae
1404 3809 1446 3852 4.
1505 3805 1542 3833 ³⁶
1571 3806 1760 3861 Franc.]
1790 3807 2074 3848 Assisiatcm.
2154 3817 2230 3856 po-

74 3874 229 3931 pulus]
258 3878 582 3920 Franciscani.
621 3875 695 3919 Cf.
725 3875 1002 3920 Alcoranum
1021 3878 1454 3921 Franciscanorum.
1514 3878 1552 3906 ⁸⁷
1580 3877 1846 3932 morionem]
1880 3879 2105 3918 Ietzerum
2137 3887 2231 3915 aar·

74 3948 232 3990 torem.
