2456 4264
262 303 384 363 386
658 324 1047 355 LAMENTATIONES
1071 321 1379 353 OBSCVROBVM
1400 321 1846 351 REvcHLINIS‘rARvu
1867 321 2014 351 RovAE.

260 460 371 507 erit.
447 456 578 504 Nam
616 455 740 515 quid
774 454 923 501 Picus
947 453 1255 501 Mirandula
1293 454 1355 500 de
1390 453 1579 500 levibus
1615 452 1911 511 quibusdam
1945 452 2307 512 qrammatistis
2343 450 2414 498 ad

259 543 584 590 Hermolaum
631 539 848 597 scribat,
908 550 1007 584 non
1053 539 1278 596 iqnoras.
1365 537 1517 596 Vale,
1567 537 1849 595 -Curqulio,
1910 537 2097 596 tibique
2133 537 2407 596 persuade,

258 638 411 673 unam
449 624 757 683 eandemque
794 616 862 669 inv
883 616 1030 668 malis
1056 622 1290 669 'animam
1328 621 1514 668 nostris
1552 621 1710 667 inesse
1746 621 2060 680 corporibus.
2088 615 2110 686 ΙΙ

1285 824 1394 882 31-

827 954 868 1000 (I
918 945 1243 1001 Andreas
1290 944 1859 1018 Castrimerqius‘
1924 961 1926 963 ’
2431 923 2456 994 s

1003 1056 1294 1115 Oswaldo
1332 1056 1666 1104 Floclcano

928 1131 931 1135 ’
1212 1154 1282 1203 ,8.
1313 1156 1367 1202 P.
1399 1155 1461 1202 D.

394 1270 662 1319 Librorum
708 1271 859 1330 copia
903 1282 981 1316 me
1021 1270 1296 1329 plurimum
1343 1268 1583 1327 delectat,
1644 1267 1717 1314 mi
1757 1266 2048 1327 Floclcane,
2106 1267 2202 1315 hoc
2246 1271 2426 1319 tamen,>

254 1370 407 1404 unum
435 1356 627 1417 procul
661 1356 864 1403 excellit
901 1359 1051 1414 atque
1086 1354 1291 1413 eminet,
1344 1366 1442 1400 non
1492 1353 1648 1400 solum
1687 1353 1807 1412 quia
1842 1353 2029 1411 maius,
2082 1357 2171 1400 aut
2211 1351 2411 1411 factum
2452 1360 2456 1386 ἰ

254 1442 537 1500 eqreqium,
579 1440 670 1487 sed
705 1440 841 1499 quod
868 1451 970 1508 per
1006 1440 1230 1497 inqentes
1265 1437 1509 1485 librorum
1540 1435 1848 1496 fasciculos,
1890 1442 1938 1487 et
1974 1449 2235 1484 onerosam
2256 1433 2408 1495 fabu—
2428 1446 2456 1482 ιι

252 1525 423 1572 larum
459 1525 772 1583 conqeriem,
825 1523 1078 1582 theoloqos
1127 1522 1408 1583 aliquando
1453 1522 1754 1569 convincere
1796 1523 2058 1582 possimus.
2140 1519 2209 1567 Te
2252 1521 2411 1580 iqitur
2453 1542 2456 1546 ⁴

252 1614 299 1656 et
334 1609 513 1656 hortor
549 1614 597 1655 et
633 1621 832 1665 moneo,
874 1612 928 1655 ut
964 1619 1091 1654 novo
1129 1608 1301 1666 aliquo
1340 1619 1516 1666 opere,
1558 1620 1733 1654 recens
1769 1607 2036 1667 impresso,
2086 1619 2177 1653 nos
2213 1606 2412 1653 donare

253 1706 352 1740 non
391 1694 705 1752 dediqneris,
748 1693 946 1740 etiamsi
980 1692 1194 1751 idipsum
1234 1691 1505 1751 multiplici
1538 1692 1715 1750 linqua
1752 1692 1816 1738 sit
1851 1691 2054 1738 editum.
2142 1691 2284 1737 Vale.

1286 1908 1377 1967 32.

1088 2022 1130 2069 (Ι
1177 2015 1576 2072 Flockanus
2149 2043 2152 2046 ⁴
2428 1988 2456 2100 ¹¹4

1032 2143 1122 2177 suo
1162 2129 1660 2188 Castrimerqio·
2452 2116 2456 2123 '

1203 2227 1276 2276 .S.
1304 2227 1361 2275 P.
1379 2216 1451 2275 D.
2426 2233 2456 2307 ’ξ

585 2340 650 2388 In
687 2353 820 2388 nova
850 2339 962 2399 fert
999 2341 1195 2388 animus
1230 2344 1452 2388 mutatas
1491 2340 1660 2387 dicere
1689 2337 1893 2398 formas
2444 2323 2456 2396 ’ξ

589 2425 842 2486 Corpora,
885 2427 984 2484 dii,
1027 2426 1187 2485 ceptis
1225 2425 1368 2483 (nam
1405 2438 1491 2472 vos
1526 2425 1757 2477 mutastis·
1790 2428 1837 2471 et
1874 2423 2057 2484 illas),
2439 2463 2456 2492 :⁴

585 2509 824 2571 Aspirate
860 2511 996 2558 meis.
2414 2521 2456 2567 21

248 2622 325 2670 Do
370 2623 460 2671 tibi
502 2623 661 2683 don0,
704 2623 1016 2684 Marcolplti,
1067 2623 1350 2683 dialoqum,
1403 2635 1546 2682 quem
1585 2614 1832 2670 Cornutus
1869 2620 2097 2669 Sibarita
2144 2634 2210 2669 ex
2247 2622 2403 2669 latino

248 2720 412 2767 nuper
455 2709 508 2754 in
551 2720 760 2767 qrecum
806 2709 1091 2767 transtulit,
1142 2709 1215 2755 ita
1261 2697 1411 2755 etiam
1458 2711 1513 2754 ut
1556 2720 1692 2754 nunc
1737 2708 1943 2754 atticam
1988 2707 2222 2754 videatur
2258 2706 2402 2772 redo·
2436 2700 2452 2765 j

242 2791 346 2837 lere
381 2793 662 2853 lucernam.¹
733 2792 843 2852 qu
881 2796 1044 2840 autem
1080 2793 1279 2851 lonqius
1304 2805 1404 2853 per
1432 2792 1698 2852 ,cancellos
1736 2792 1934 2850 videns,
1984 2791 2121 2839 illum
2166 2762 2456 2866 continuo}

244 2887 310 2922 ex
343 2889 501 2935 qreca
535 2877 714 2936 linqua
750 2878 804 2924 in
840 2878 1104 2936 scoticam,
1153 2890 1237 2924 ex·
1267 2877 1456 2924 scotica
1502 2877 1554 2924 in
1589 2877 1899 2935 liqusticam,
1950 2888 2019 2923 ex.
2061 2876 2162 2923 hac
2198 2877 2315 2923 item·
2347 2876 2399 2923 in
2431 2871 2456 2947 3}

244 2959 572 3021 bohemicam,
613 2962 979 3021 sclavonicam,
1027 2962 1281 3020 qoticam,
1332 2951 1720 3023 babylonicam,
1759 2961 2103 3022 eqyptiacam,
2153 2973 2254 3026 non
2290 2947 2456 3027 sinezffi

244 3056 429 3102 maqno
475 3045 651 3093 labore
696 3047 1051 3106 nocturnisque
1095 3046 1282 3105 viqiliis
1327 3045 1560 3092 traduxi.
1636 3045 1805 3093 Habes
1842 3046 2002 3105 iqitur
2037 3058 2216 3110 novum
2254 3057 2287 3091 a
2323 3026 2456 3102 mes}

244 3140 462 3187 munus,
490 3128 668 3186 frater
711 3130 1027 3188 charissime,
1081 3143 1194 3177 mea
1242 3130 1442 3189 quidem
1486 3131 1737 3178 sententia
1783 3142 2022 3189 maynum
2069 3134 2117 3177 et
2167 3127 2400 3177 Obscuris
2452 3135 2456 3174 ἶ

245 3211 470 3258 omnibus
516 3215 887 3272 quammaxime
933 3214 1402 3274 accommodatum„
1451 3214 1542 3261 sed
1588 3215 1807 3275 perinde
1859 3215 1960 3262 erit
2009 3219 2064 3262 ut
2117 3214 2393 3275 acceperis,
2421 3220 2456 3260 .’

244 3307 531 3354 quanquam
567 3302 616 3344 et
651 3300 939 3359 insipientes
974 3301 1075 3360 ipsi
1105 3312 1249 3348 suam·
1271 3298 1716 3366 ,hinc-sapientiam
1740 3299 1934 3359 liquido
1957 3298 2168 3346 haurire
2192 3302 2392 3359 queant.
2419 3285 2422 3287 ’

247 3378 376 3425 Cave
411 3382 576 3427 tamen
612 3382 706 3430 boc
743 3388 843 3430 tam
882 3384 1190 3444 obstupendo
1236 3388 1438 3444 tamque
1482 3384 1686 3443 eqreqio
1734 3367 1964 3432 abutaris
2009 3384 2170 3442 don0,
2221 3395 2285 3430 ne
2328 3395 2394 3430 ex
2442 3372 2446 3382 ’

243 3475 377 3509 nova
412 3463 591 3510 radice
627 3479 805 3514 novum
844 3469 1043 3516 oriatur
1079 3469 1344 3528 adaqium,
1395 3469 1713 3529 Sapientiam
1756 3469 1920 3516 nostri
1962 3469 2201 3529 temporis
2235 3468 2421 3526 maqis

244 3547 295 3593 in
331 3547 518 3606 linquis
552 3548 827 3609 bominum,
881 3565 1032 3611 quam
1072 3555 1124 3601 in
1162 3555 1346 3601 virtute
1381 3558 1471 3601 aut
1507 3566 1700 3601 morum
1735 3553 2070 3601 sanctimonia
2106 3553 2391 3600 consistere.
2420 3573 2453 3612 j

252 3631 381 3678 'Vale
418 3631 506 3678 diu
542 3636 589 3678 et
623 3645 699 3678 me
736 3638 870 3681 tuum
907 3648 1010 3682 esse
1046 3636 1330 3697 Apollinem
1366 3638 1534 3684 crede.
1730 3641 1745 3654 '¹
2422 3662 2436 3691 a

255 3846 258 3848 “
339 3837 390 3883 ,¹⁸
421 3838 537 3880 ovid.
560 3843 667 3880 met.
689 3839 725 3880 I.
750 3841 850 3880 init.
939 3839 977 3866 ²⁰
1006 3817 1223 3894 Aspirarc
1253 3846 1296 3885 2.
