2456 4264
484 341 878 374 numu-rmus
900 343 1212 375 onscvnonvu
1233 342 1684 375 nnvcnmmsmssvu
1704 343 1855 375 novat.
2134 322 2255 381 383

11 501 18 551 3
89 481 220 538 m,
258 475 415 525 nullis
448 476 570 525 meis
605 476 862 526 demeritis
899 477 1044 538 (quia
1081 476 1214 525 alter
1250 478 1463 526 alterum
1501 490 1602 526 non
1639 481 1852 526 noverat
1876 491 2036 539 neque
2059 479 2260 528 viderat

0 550 17 617 ’ἕ
89 563 335 635 unquam)
381 563 555 622 quovis
599 562 748 610 modo
789 561 1177 624 precedentibus
1221 562 1365 623 apud
1402 562 1454 610 C.
1498 562 1569 610 M.
1609 563 1743 610 male
1787 564 2053 623 tractarit,
2106 566 2256 613 veris-

0 639 42 711 ξζ
87 647 464 709 ⁴situmquedam
500 651 683 695 contra
729 660 808 695 me
841 660 948 708 pro
984 646 1157 705 Iudeis
1195 645 1471 705 falsissime
1505 647 1855 708 improbando.
1935 647 2259 711 Quapropter

13 710 40 755 ³
86 732 214 783 milii
244 731 384 794 proh
430 732 577 780 dolor
620 733 695 780 sic
739 745 984 780 curarum
1028 733 1246 781 omnium
1292 732 1477 792 liber0,
1527 732 1753 793 nihilque
1790 732 2004 791 fraudis
2053 735 2259 796 inopine

0 783 359 881 'tscoyitantss
400 817 748 877 respondendi
779 818 963 880 stylum
1000 818 1081 865 vel
1115 818 1273 866 invito
1310 817 1516 878 obiecit,
1558 829 1657 877 quo
1693 829 1890 877 semper
1926 819 1969 866 is
2006 821 2095 879 qui
2127 821 2258 879 lesus

86 907 163 953 est
186 902 342 965 prior
379 901 632 962 (quamvis
666 903 820 950 etiam
856 902 998 950 intra
1036 902 1232 960 infimos
1257 914 1425 950 omnes
1449 914 1555 950 esse
1578 901 1804 949 homines
1828 903 2087 964 videatur)
2126 907 2260 953 tueri

84 975 214 1048 dese,
263 991 314 1035 et
356 987 414 1035 id
455 987 655 1047 quidem
702 988 832 1036 duce
876 991 1092 1047 natura,
1143 998 1245 1034 non
1290 987 1548 1034 instrenue
1596 985 1660 1034 ab
1698 987 2044 1036 adorientibus
2073 995 2252 1049 potest.

0 1124 2 1126 .
43 1068 265 1133 “luitis
299 1073 473 1132 itaque
507 1071 566 1119 id
594 1085 756 1132 qenus
801 1072 918 1120 aliis
967 1071 1115 1120 rebus
1162 1083 1227 1119 ae
1261 1071 1506 1119 clausulis
1552 1070 1672 1131 (que
1708 1071 1760 1118 in
1798 1076 1973 1119 nostra
2011 1074 2083 1121 ad
2116 1077 2256 1122 tuam

53 1163 58 1167 ”
84 1146 402 1208 ἓᾰκετίίατεηι
438 1152 734 1214 defensione
760 1156 1023 1217 prolixius
1057 1157 1405 1216 continentur)
1443 1168 1547 1203 non
1584 1150 1877 1204 indecenter
1915 1158 2120 1218 omissis,
2162 1160 2258 1207 hoc

86 1224 246 1294 ‚blm
280 1241 548 1301 adiiciam,
599 1241 738 1301 quod
779 1241 891 1302 ipse
925 1240 1152 1289 loannes
1188 1240 1437 1290 Reuchlin
1484 1244 1534 1289 et
1569 1245 1843 1289 sectatores
1888 1243 1995 1290 eius
2034 1243 2113 1302 Ce.
2154 1258 2253 1292 ma.

50 1310 406 1386 'mandatum
458 1326 524 1374 de
555 1326 757 1374 silentio
792 1327 929 1387 ultro
964 1327 1192 1387 citroque
1229 1325 1566 1385 observando,
1617 1338 1717 1373 non
1754 1326 1914 1374 solum
1952 1341 2052 1375 non
2093 1329 2253 1377 obser-

82 1414 298 1473 narmi,
321 1412 475 1461 ‘velut
508 1414 733 1459 nostrum
769 1411 984 1472 epitome
1018 1412 1128 1460 sive
1157 1411 1485 1459 summarium
1523 1411 1779 1472 explicat,
1822 1412 1911 1459 sed
1945 1425 2009 1460 ne
2043 1418 2125 1471 tue
2150 1416 2254 1474 qui-

0 1520 2 1523 *
85 1488 199 1550 dem
233 1486 491 1546 beatitatis
523 1496 724 1544 solenni
757 1495 961 1544 decreto
1001 1500 1273 1558 parentes,
1326 1497 1380 1544 in
1427 1509 1505 1543 me
1543 1495 1771 1556 aloqum,
1826 1501 1980 1557 atque
2017 1499 2255 1559 optimum

86 1589 329 1647 qumque
351 1595 381 1630 e
403 1581 613 1641 nostris,
642 1594 803 1643 supra
829 1595 981 1642 quam
1006 1583 1243 1643 cuiquam
1269 1581 1514 1630 credibile
1538 1585 1635 1649 est,
1677 1582 1730 1629 in
1756 1583 2130 1632 execrabilibus
2154 1587 2257 1633 suis

52 1675 58 1678 ’
85 1668 331 1732 epistolis,
381 1679 511 1728 quas
548 1664 887 1715 obscurorum
932 1668 1327 1729 inscripserunt,
1375 1680 1473 1727 per
1509 1679 1700 1714 omnem
1739 1668 2049 1729 impudentie
2084 1675 2255 1718 contu-

84 1752 309 1814 meltum,
351 1765 496 1801 omne
517 1753 658 1801 virus
679 1735 950 1812 sonticum,
992 1753 1128 1801 velut
1152 1753 1391 1815 polyloqi
1412 1752 1634 1813 turpiter
1658 1757 1960 1814 expuerunt.
2048 1755 2254 1803 Verum-

0 1820 11 1894 ‚¹
85 1839 280 1900 tamen,
330 1839 453 1900 quia
491 1837 573 1897 (ut
603 1838 732 1897 fides
768 1842 948 1886 nostra
985 1837 1243 1886 catholica
1279 1837 1453 1898 habet)
1492 1838 1686 1885 nullum
1723 1838 1832 1885 sine
1869 1843 2255 1888 auctoramento

10 1948 13 1949 ⁷
52 1926 160 1974 »επ
189 1925 404 1984 malum,
443 1923 595 1972 iidem
631 1923 799 1972 nescio
836 1923 927 1984 qui
950 1924 1248 1985 perduelles
1271 1922 1616 1981 Reuchliniste
1652 1923 1853 1971 minime
1888 1928 2078 1972 natura
2116 1927 2253 1982 cicu-

12 2075 16 2077 Ᾰ
83 2013 192 2072 res,
228 2006 509 2069 manifesta
535 2007 786 2070 phrenesi
818 2009 871 2057 in
908 2021 986 2057 me
1024 2021 1162 2057 ovem
1199 2008 1440 2057 misellam
1479 2007 1552 2067 (et
1588 2008 1645 2055 id
1679 2009 1879 2069 quidem
1917 2009 2105 2070 absque
2141 2024 2252 2059 suo-

7 2102 24 2147 '3
83 2102 198 2146 mm
230 2095 488 2144 nominum
515 2092 882 2156 professione)
903 2095 1182 2143 crudeliter
1218 2093 1611 2154 debacchantes,
1663 2094 1824 2142 iustas
1869 2095 2047 2143 merito
2085 2109 2255 2156 penas

47 2221 50 2226 .
84 2180 271 2233 darent
277 2217 294 2242 ,
337 2177 520 2240 fedam
565 2192 772 2228 suorum
810 2181 975 2229 orium
1008 2180 1410 2241 qraveolentiam
1447 2183 1496 2227 et
1531 2191 1652 2227 voce
1686 2184 1734 2226 et
1768 2180 1974 2241 scriptis
2008 2194 2253 2229 revocan-

41 2286 57 2340 ᾗ
83 2271 172 2317 tes.
244 2265 492 2316 Imitatus
526 2265 689 2326 iqitur
724 2269 775 2314 et
809 2270 1018 2314 coactus
1053 2265 1239 2314 librum
1277 2265 1530 2326 quendam
1568 2265 1620 2312 in
1661 2263 1857 2313 Cltristo
1895 2266 2057 2325 edidi,
2101 2279 2253 2326 quam

41 2351 244 2431 {vulbo
259 2352 551 2414 apoloyiam
575 2355 787 2412 vocant,
826 2351 1017 2413 tibique
1031 2352 1186 2413 patri
1207 2351 1514 2410 beatissimO,
1557 2350 1790 2412 vobisque
1827 2351 2255 2399 reverendissimis

43 2436 63 2494 ᾗ
85 2435 444 2488 Oardinalibus
483 2437 899 2499 perlustrandum
946 2450 1010 2485 ac
1061 2435 1441 2495 defendendum
1486 2436 1582 2484 ltoc
1619 2440 1779 2498 pacto
1827 2437 2141 2497 nuncupavi,
2201 2441 2256 2484 ut

27 2536 208 2603 quera
242 2521 370 2572 milii
401 2523 682 2583 auxilium,
727 2520 874 2582 falsa
911 2526 1081 2571 autem
1115 2535 1342 2599 severam
1377 2522 1486 2570 sine
1518 2522 1695 2583 qratia
1732 2535 2000 2570 censuram
2039 2521 2255 2570 admini-

42 2612 64 2647 ἰ
82 2613 259 2659 strent.

45 2697 48 2702 “
229 2691 390 2744 Tuam
426 2693 598 2755 itaque
632 2694 954 2743 sanctitatem
990 2694 1127 2753 velut
1163 2693 1358 2741 domini
1391 2693 1554 2741 nostri
1586 2693 1750 2742 locum
1789 2692 1841 2741 in
1889 2693 2042 2742 terris
2087 2698 2254 2741 tenen-

45 2771 52 2835 ’,
84 2783 183 2829 tem
227 2792 293 2851 ac
338 2779 626 2829 ministram
672 2785 722 2828 et
770 2780 948 2828 ducem
994 2779 1296 2828 universalis
1332 2778 1540 2837 ecclesie
1576 2779 1877 2840 suppliciter
1914 2779 2106 2827 invoca
2189 2777 2258 2826 Te

27 2856 67 2893 ’Β
83 2869 280 2937 cenum
315 2870 365 2914 et
399 2865 736 2914 indubitatum
774 2864 913 2913 beati
946 2864 1090 2913 Petri
1123 2876 1458 2913 successorem
1506 2864 1747 2925 imploro,
1800 2868 1854 2912 ut
1899 2877 1975 2911 me
2020 2863 2255 2911 christia-

29 2958 207 3010 nnum
242 2950 384 3000 intra
418 2956 563 3012 septa
601 2955 692 3000 tua
728 2963 844 3000 cum
879 2951 1063 2999 ceteris
1096 2950 1404 3009 latitantem,
1447 2953 1496 2996 et
1531 2949 1742 3008 infinitis
1756 2962 1891 3010 pene
1915 2949 2117 2996 iniuriis
2142 2961 2254 2995 ene-

49 3069 50 3073 =
85 3040 246 3098 etum,
294 3048 328 3084 a
373 3036 509 3099 lupis
555 3035 835 3098 rapacibus
878 3036 1110 3085 lacerari
1151 3048 1254 3084 non
1291 3035 1446 3082 sinas.
1533 3034 1633 3083 Vos
1669 3047 1865 3094 quoque
1902 3033 2254 3081 reverendissi-

38 3133 58 3161 ν’·
84 3134 191 3171 mos
213 3121 440 3172 dotninos
474 3121 772 3170 cardinales
807 3133 952 3170 veros
988 3121 1184 3179 iusticie
1211 3124 1467 3183 patronos
1492 3119 1724 3180 appello,
1767 3131 1852 3167 vos
1890 3118 2129 3178 obtestor,
2171 3131 2258 3165 vos

85 3205 313 3269 obsecra,
353 3210 412 3257 ut
444 3208 708 3256 veritatem
735 3207 1003 3269 profitenti
1035 3210 1086 3254 et
1122 3206 1332 3266 indique
1367 3217 1401 3252 a
1435 3204 1695 3252 malevolis
1730 3204 1856 3263 lew,
1897 3203 2077 3251 salutis
2114 3215 2255 3264 opem

38 3293 41 3299 '
147 3295 317 3352 estare
359 3291 536 3341 velitis.
616 3291 761 3350 Quod
808 3293 856 3340 si
894 3289 1156 3351 feceritis,
1198 3290 1378 3352 plures
1412 3337 1416 3340 ,
1417 3288 1760 3350 proculdubio
1797 3287 1949 3347 Iudei
1993 3287 2065 3335 ad
2105 3288 2256 3346 fidem

89 3379 313 3435 nostram
356 3381 733 3426 convertentur.
810 3374 944 3424 Nam
991 3377 1081 3436 qui
1124 3377 1325 3424 animas
1370 3373 1752 3435 quatuordecim
1798 3386 1826 3420 e
1861 3373 2081 3422 tenebris
2117 3385 2255 3432 ccco-

80 3451 199 3511 πω)
234 3461 308 3510 ad
339 3463 567 3511 veritatis
602 3462 768 3510 lumen
806 3461 1048 3521 traduxi,
1102 3461 1295 3509 nullam
1343 3459 1620 3509 commerui
1651 3458 2046 3508 christianorum
2084 3461 2256 3507 conlu-

161 3545 301 3597 liam.
387 3547 513 3597 Vale
542 3544 774 3605 feliciter
801 3550 958 3608 paler
994 3546 1300 3605 beatissime,
1352 3557 1537 3605 vosque
1574 3544 2018 3592 reverendissimos
2054 3542 2256 3600 ecclesie

255 3636 355 3692 tes,
396 3646 544 3681 verus
580 3632 705 3680 deus
741 3644 985 3692 verusque
1021 3631 1108 3680 dei
1135 3631 1275 3689 silius
1311 3630 1741 3691 quamdiutissime
1775 3634 2051 3678 conservet.

198 3812 219 3840 ²
248 3814 300 3858 C.
320 3812 400 3868 M.]
434 3814 700 3855 Caesaream
732 3815 1042 3855 maiestatem.
1134 3811 1170 3839 ¹⁷
1201 3812 1272 3853 Cf.
1299 3826 1341 3866 p.
1366 3812 1464 3853 370.
1488 3826 1530 3854 v.
1557 3820 1637 3854 7.8.
1726 3810 1762 3836 ³⁰
1793 3811 1973 3864 iniurijs
2005 3813 2047 3853 2.
