2456 4264
358 1514 558 1569 Antiqua
594 1516 728 1557 huius
767 1515 941 1570 dialogi
982 1515 1192 1570 exempla
1230 1516 1393 1569 quibus
1432 1516 1480 1556 in
1518 1515 1801 1558 recensendo
1837 1529 1947 1557 usus
1985 1528 2105 1575 sum,
2147 1516 2232 1557 duo
2271 1519 2389 1564 sunt,

249 1598 431 1637 quorum
460 1586 788 1640 inscriptiones
820 1586 1023 1637 exhibui,
1057 1587 1192 1640 primi
1224 1585 1301 1638 (1.)
1333 1587 1380 1626 in
1410 1587 1613 1639 proxime
1644 1587 1892 1640 superiore,
1926 1587 2200 1628 recentioris
2233 1585 2311 1640 (2.)
2342 1587 2390 1627 in

245 1657 446 1710 proxime
479 1658 689 1710 sequenti
718 1658 906 1710 pagina.
966 1660 1205 1710 utrumque
1236 1657 1456 1698 duodenis
1486 1657 1610 1699 foliis
1649 1657 1885 1711 quadratis
1923 1661 2127 1710 constat,
2169 1657 2250 1698 sed
2281 1670 2388 1710 quo-

245 1739 341 1767 rum
370 1727 576 1767 ultimum
605 1729 654 1768 in
684 1731 726 1769 2.
760 1741 787 1768 a
818 1727 1044 1781 scriptura
1074 1729 1255 1769 omnino
1292 1731 1446 1769 vacat.
1506 1727 1786 1769 Recentiora
1827 1728 2057 1781 exempla,
2103 1727 2260 1781 qualia.
2297 1729 2389 1769 iam

245 1798 423 1851 utrique
456 1798 660 1851 exemplo
690 1798 826 1852 primi
862 1797 1108 1839 voluminis
1137 1798 1449 1853 Epistolarum
1480 1798 1535 1839 O.
1557 1798 1612 1839 V.
1637 1811 1757 1840 anno
1790 1797 1911 1842 1556.
1933 1798 2169 1852 publicato
2202 1796 2256 1852 [6.
2281 1803 2326 1840 et
2349 1803 2387 1854 7,

243 1868 416 1909 Indicis
446 1868 660 1922 bibliogr.
681 1869 796 1922 Epp.
822 1868 875 1910 O.
898 1868 970 1922 V.]
1009 1868 1168 1910 addita
1198 1872 1303 1910 sunt
1334 1867 1508 1921 (πέρα),
1544 1869 1697 1910 omnia
1728 1868 1786 1910 ad
1814 1882 1975 1910 manus
2005 1869 2171 1921 habui,
2211 1869 2292 1910 sed
2322 1869 2386 1910 di-

244 1939 463 1992 ligentius
487 1952 641 1981 eorum
664 1939 960 1981 diversitates
982 1940 1204 1980 adnotare
1235 1953 1387 1994 operae
1417 1940 1613 1993 pretium
1643 1953 1735 1981 non
1763 1942 1911 1982 visum
1943 1944 2027 1983 est.
2087 1940 2385 1994 Gallicismis,

242 2014 292 2050 ut
324 2010 652 2052 Germanismis
685 2010 894 2064 epistolae
925 2010 1217 2058 obscurorum
1246 2011 1446 2053 virorum
1476 2014 1677 2063 scatent,
1717 2011 1796 2053 hic
1833 2011 2043 2067 dialogus
2072 2012 2270 2053 refertus
2303 2015 2388 2063 est,

245 2081 363 2135 quod
403 2083 611 2135 quamvis
652 2082 712 2122 ad
751 2086 985 2124 auctorem
1025 2082 1352 2136 explorandum
1393 2085 1440 2123 et
1476 2081 1538 2123 ad
1566 2083 1715 2137 ipsum
1745 2080 1986 2142 dialogum·
2007 2086 2132 2123 recte
2163 2083 2386 2136 interpre—

243 2152 431 2192 tandum
460 2153 618 2208 magni
647 2153 864 2207 ponderis
893 2166 1041 2206 neque
1072 2154 1222 2196 mInus
1251 2153 1548 2195 manifestum
1577 2154 1765 2208 ipsoque
1799 2154 2129 2195 ‘macaronices
2157 2152 2385 2196 vocabulo

242 2222 552 2276 significatum
591 2224 674 2273 sit,
706 2227 861 2265 tamen
898 2238 1030 2266 nemo
1067 2238 1199 2278 quem
1240 2225 1384 2266 sciam
1423 2224 1700 2267 observavit.
1759 2225 1812 2266 In
1840 2225 2002 2280 Belgis
2041 2229 2179 2280 atque
2209 2226 2259 2266 in
2287 2226 2387 2279 ipso

244 2295 442 2336 fortasse
473 2296 681 2346 Loyanio
719 2297 919 2350 scriptas
960 2309 1061 2338 esse
1099 2297 1185 2338 has
1225 2298 1393 2351 apinae
1426 2296 1714 2338 crediderim.
