2456 4264
221 259 341 315 220
809 281 1045 308 EPISTOLAE
1068 279 1373 307 OBSCVRORVM
1395 278 1603 307 VIRORVM
1626 279 1773 309 NOVAE.

221 416 428 459 straten:
469 411 647 458 Scitote
686 408 812 471 quod
842 407 1014 469 luriste
1043 406 1226 454 faciunt
1263 407 1307 455 ei
1345 420 1570 468 magnam
1610 407 1903 454 instantiam.
1978 406 2072 455 Sed
2111 407 2235 454 sicut
2272 421 2362 469 ego

221 495 401 550 audivi,
442 492 661 541 diabolus
699 490 965 539 confundet
1002 505 1100 538 cos.
1177 489 1296 545 Quia
1336 489 1473 538 multi
1511 488 1791 538 Cardinales
1827 495 1940 539 sunt
1976 506 2067 554 pro
2107 490 2266 546 vobis,
2317 498 2363 539 et

221 580 451 641 precipue
490 574 756 625 Cardinalis
794 579 958 636 sancte
997 560 1193 629 Crucis,
1245 575 1326 637 qui
1374 574 1519 622 debet
1565 573 1684 622 fieriv
1720 588 1843 636 papa
1883 573 2076 637 quando
2116 573 2192 622 ille
2231 574 2360 638 Papa

219 662 440 709 moritur.
516 659 576 707 Et
613 659 773 706 audivi
813 657 942 720 quod
982 658 1102 705 dixit
1141 658 1258 719 ‘Ego
1300 657 1406 706 volo
1443 657 1707 707 defendere
1743 656 1878 705 illum
1914 657 2175 707 notabilem
2203 657 2362 706 Theo-

219 745 383 807 logum
422 742 650 792 Iacobum
692 743 750 792 de
790 741 881 790 alta
921 740 1076 804 platea
1117 747 1286 790 contra
1313 741 1567 797 Reuchlin,
1607 746 1654 790 et
1691 742 1729 789 si
1769 756 1938 791 omnes
1974 741 2148 805 Iuriste
2186 742 2232 789 in
2261 747 2398 790 totos

222 829 402 877 mundo
441 834 626 876 starent
652 842 740 891 pro
770 824 858 875 eo’.
924 827 1058 874 Sicut
1084 826 1224 874 etiam
1254 826 1383 881 fecit,
1425 840 1536 874 cum
1566 824 1735 893 hahuit
1759 824 1908 874 semel
1935 825 2168 875 articulos
2195 832 2363 874 contra

219 914 417 962 Petrum
465 913 820 963 Ravennatem,
872 912 955 974 qui
1004 910 1143 958 etiam
1194 910 1391 958 fuerunt
1438 908 1642 957 multum
1690 908 1995 972 hereticales.
2071 909 2132 958 Et
2179 909 2366 958 debetis

221 1013 311 1061 pro
351 1001 485 1045 certo
523 995 732 1051 habere,
786 995 981 1043 domine
1020 993 1246 1050 Ortvine,
1299 993 1426 1057 quod
1477 992 1558 1042 ille
1597 992 1866 1043 Cardinalis
1902 993 2062 1042 adhuc
2100 994 2368 1057 confundet

222 1097 390 1130 omnes
428 1082 647 1136 iuristas,
699 1081 808 1142 quia
861 1086 933 1127 est
980 1078 1141 1127 honus
1188 1093 1277 1141 pro
1317 1075 1593 1140 Theologis.
1668 1077 1729 1125 Et
1777 1082 1850 1126 est
1897 1077 2038 1126 etiam
2078 1077 2237 1127 honus
2276 1093 2365 1141 pro

222 1179 338 1228 rege
360 1165 562 1227 Francie
590 1170 637 1212 et
661 1165 981 1214 Universitate
1011 1163 1350 1212 Parrhisiensi.
1405 1162 1646 1225 Antiquus
1671 1162 1774 1210 Rex
1801 1161 2005 1225 Francie
2033 1160 2181 1210 voluit
2206 1163 2363 1225 ipsum
2384 1174 2423 1206 ιο

225 1250 385 1298 facere
434 1250 631 1312 Papam.
708 1249 862 1296 Etiam
912 1247 1030 1296 alias
1078 1247 1267 1296 habetis
1313 1246 1490 1295 bonam
1541 1260 1752 1294 causam.
1830 1245 1949 1295 Cum
1998 1246 2093 1295 hoc
2138 1245 2366 1309 Magister

220 1334 395 1383 Noster
431 1333 636 1381 lacobus
674 1332 804 1381 dedit
841 1339 951 1382 ante
990 1338 1099 1380 octo
1138 1332 1240 1380 dies
1279 1346 1423 1380 unam
1461 1331 1693 1394 pinguem
1733 1331 1991 1394 propinam
2029 1331 2116 1379 uni
2149 1330 2367 1379 referen-

221 1418 356 1466 dario
396 1417 646 1466 cuiusdam
687 1416 953 1465 Cardinalis
991 1432 1135 1480 quem
1176 1431 1272 1463 non
1312 1414 1422 1464 volo
1461 1415 1744 1470 nominare,
1795 1415 1876 1478 qui
1915 1414 2063 1464 debet
2101 1430 2213 1463 eum
2250 1429 2367 1478 pro-

220 1517 418 1550 movere
467 1502 594 1564 apud
642 1502 1122 1550 Reverendissimum
1170 1500 1295 1549 sicut
1345 1499 1471 1548 bene
1519 1501 1626 1548 scit.
1703 1498 1814 1547 Fuit
1863 1499 1945 1547 hic
1991 1514 2186 1554 rumor,
2238 1498 2368 1563 quod

220 1586 491 1648 Episcopus
530 1585 830 1633 Coloniensis
869 1591 941 1634 est
979 1591 1226 1639 mortuuS‚
1280 1590 1327 1633 et
1365 1584 1538 1632 Comes
1584 1583 1645 1632 de
1692 1598 1816 1632 nova
1853 1582 2022 1647 Aquila
2072 1589 2146 1632 est
2183 1582 2365 1632 electus
2384 1595 2423 1629 15

220 1671 269 1717 in
307 1684 484 1717 novum
526 1670 825 1733 episcopum.
901 1670 952 1718 Si
992 1674 1065 1718 est
1103 1684 1297 1725 verum,
1336 1673 1453 1717 tunc
1490 1667 1596 1716 volo
1635 1667 1800 1717 dicere
1838 1667 1968 1732 quod
2009 1667 2240 1716 Canonici
2278 1667 2368 1716 Co·
2431 1718 2433 1720 ,

220 1753 465 1802 lonienses
504 1759 616 1802 sunt
654 1754 815 1815 magni
856 1753 1003 1808 stulti,
1045 1754 1153 1817 quia
1181 1753 1330 1801 Poeta
1370 1757 1418 1801 et
1442 1752 1716 1816 Episcopus
1753 1753 1958 1815 proprie
1983 1756 2097 1800 sunt
2121 1751 2217 1800 duo
2245 1750 2368 1800 Con-

221 1838 515 1886 tradictoria.
591 1837 746 1885 Etiam
786 1853 882 1884 non
923 1842 1050 1886 esset
1087 1836 1271 1885 bonum
1310 1852 1401 1901 pro
1441 1851 1587 1885 causa
1624 1835 1761 1892 fidei,
1802 1837 1911 1900 quia
1950 1835 2058 1884 talis
2085 1834 2259 1886 Comes
2296 1842 2370 1885 est

219 1936 425 1984 magnus
482 1922 642 1970 fautor
689 1921 920 1970 Iohannis
969 1920 1224 1970 Reuchlin.
1302 1919 1421 1976 Quia
1481 1921 1602 1969 dixit
1657 1919 1775 1968 mihi
1826 1920 2019 1984 quidam
2068 1919 2366 1977 CurtisanuS‚

220 2006 348 2070 quod
388 2005 582 2068 quando
623 2020 680 2053 ex
720 2004 918 2054 Colonia
957 2006 1039 2053 ivit
1078 2005 1136 2054 ad
1178 2005 1390 2061 Italiam,
1441 2010 1559 2054 tunc
1596 2004 1700 2068 ipse
1739 2003 1871 2053 dedit
1907 2004 1950 2054 ei
1990 2019 2134 2053 unam
2175 2004 2365 2067 Episto-
2382 2016 2425 2048 2⁰

218 2090 328 2147 lam,
369 2105 516 2154 quam
552 2091 763 2154 portavit
800 2089 1003 2138 Iohanni
1041 2089 1308 2146 Reuchlin;
1350 2095 1396 2138 et
1433 2089 1591 2138 audivi
1629 2087 1690 2137 ab
1728 2087 1832 2137 aliis
1870 2088 1999 2152 quod
2041 2088 2188 2138 habet
2214 2090 2368 2138 socie-

217 2179 363 2223 tatem
405 2190 514 2223 cum
554 2173 720 2222 multis
759 2175 916 2237 poetis
955 2179 1002 2222 et
1039 2174 1176 2222 novis
1202 2173 1466 2236 Theologis
1504 2174 1630 2222 sicut
1667 2178 1740 2222 est
1763 2173 1998 2222 Erasmus
2024 2173 2366 2222 RoterdamuS.

218 2259 422 2317 Quando
472 2274 561 2322 ego
610 2258 677 2307 fui
723 2260 769 2307 in
818 2257 1093 2322 Herbipoli‚
1145 2263 1261 2307 tunc
1308 2259 1398 2307 fuit
1443 2272 1572 2306 unus
1618 2263 1761 2321 poeta
1810 2258 1893 2322 qui
1939 2263 2139 2306 vocatur
2176 2256 2370 2308 Ulricus

218 2344 439 2392 Hutenus
478 2344 560 2406 qui
607 2358 802 2406 semper
837 2342 976 2408 vridet
1023 2349 1070 2391 et
1117 2349 1257 2391 vexat
1295 2339 1584 2404 Theologos‘
1623 2347 1672 2390 et
1708 2342 1967 2405 Magistros
2014 2342 2214 2390 artium:
2263 2342 2368 2406 ipse

219 2428 336 2475 dixit
374 2427 420 2475 in
460 2442 626 2476 mensa
664 2428 713 2475 in
751 2442 849 2476 uno
898 2427 1107 2490 hospitio
1154 2426 1213 2474 ad
1263 2426 1506 2490 quendam
1553 2424 1699 2475 alium
1749 2424 2086 2484 nobilitarem,
2137 2426 2266 2490 quod
2318 2427 2425 2474 in25

218 2511 301 2559 illo
339 2512 417 2560 die
455 2511 649 2574 scripsit
686 2526 832 2560 unam
871 2509 1084 2560 litteram
1122 2511 1181 2559 ad
1219 2510 1353 2560 illum
1393 2511 1644 2559 Comitem.
1720 2515 1837 2559 tunc
1874 2510 2128 2574 respondit
2163 2509 2243 2560 ille
2282 2525 2368 2558 no·
2426 2567 2430 2570 ⁴

220 2595 443 2644 bilitaris:
487 2596 616 2659 ‘quid
658 2600 818 2644 tamen
859 2595 1085 2654 scribitis,
1126 2595 1321 2659 quando
1360 2596 1428 2644 sic
1464 2594 1677 2643 scribitis
1715 2595 1774 2644 ad
1812 2596 2016 2644 invicem
2031 2593 2063 2643 ἴθ’
2101 2595 2371 2658 Respondit

218 2679 314 2736 ille,
355 2680 485 2743 quod
513 2680 706 2743 scripsit
733 2681 803 2740 ei,
843 2680 972 2744 quod
1012 2679 1159 2729 debet
1196 2679 1360 2729 facere
1397 2693 1625 2742 magnam
1665 2678 1963 2743 diligentiam
1993 2680 2039 2728 in
2068 2695 2213 2730 causa
2240 2679 2366 2736 fidei,

221 2769 269 2811 et
306 2763 451 2813 debet
486 2764 713 2813 laborare
760 2779 851 2828 pro
889 2763 1129 2813 Reuchlin
1181 2769 1350 2812 contra
1390 2762 1692 2827 Theologos,
1741 2778 1804 2812 ne
1851 2763 2147 2813 comburant
2183 2765 2366 2829 Specu-

219 2846 318 2895 lum
358 2847 579 2904 oculare;
621 2853 668 2897 et
706 2849 835 2912 quod
875 2847 1080 2896 multum
1121 2848 1477 2898 commendavit
1503 2849 1546 2898 ei
1571 2847 1839 2897 Iohannem
1866 2847 2132 2904 Reuchlin,
2173 2854 2221 2897 et
2240 2848 2365 2897 ‚dixit
2381 2860 2424 2894 3⁰

220 2932 348 2995 quod
387 2940 514 2981 amat
550 2932 816 2981 Iohannem
855 2931 1095 2981 Reuchlin
1136 2939 1366 2997 tanquam
1406 2937 1593 2996 patrem
1633 2947 1791 2981 suum.
1869 2937 1916 2981 et
1962 2947 2053 2995 ego
2105 2933 2258 2989 tacui,
2307 2947 2368 2981 ne
2419 2985 2421 2987 .

219 3021 410 3064 notaret
455 3017 584 3080 quod
632 3032 739 3064 sum
779 3016 939 3066 fautor
979 3022 1151 3066 vester.
1228 3017 1288 3065 Et
1325 3022 1587 3079 propterea
1627 3016 1738 3065 dico
1778 3015 1937 3072 vobis,
1989 3017 2120 3080 quod
2162 3032 2257 3065 non
2297 3021 2366 3065 est

220 3099 399 3147 honum
440 3102 477 3148 si
515 3102 603 3148 iste
643 3100 788 3149 debet
825 3116 931 3150 esse
953 3102 1232 3164 episcopus,
1309 3101 1405 3150 Sed
1432 3116 1580 3165 spero
1608 3101 1737 3164 quod
1764 3116 1860 3149 non
1890 3106 1964 3149 est
1991 3087 2175 3150 verum.
2236 3101 2367 3164 Ergo

220 3182 443 3232 scribatis
480 3184 598 3232 mihi
638 3186 887 3233 veritatem
927 3190 975 3234 et
998 3184 1162 3234 Valete
1201 3201 1226 3233 a
1264 3185 1428 3249 planta
1466 3185 1605 3249 pedis
1642 3201 1798 3250 usque
1835 3185 1893 3234 ad
1925 3186 2152 3234 verticem
2182 3185 2365 3250 capitiS‚

221 3267 347 3315 sicut
383 3267 498 3315 dicit
534 3268 714 3317 Esaias,
791 3269 964 3318 Datum
1003 3270 1050 3318 in
1091 3269 1225 3319 Urbe
1261 3270 1432 3319 Roma.
2378 3279 2421 3314 3⁵

333 3446 346 3472 1
377 3448 540 3487 Iuriste
572 3453 633 3498 5.‚
728 3449 744 3474 2
776 3451 938 3508 pfundt
970 3455 1008 3492 4.
1041 3451 1232 3512 pfundat
1261 3455 1300 3499 5,
1416 3450 1433 3475 ³
1474 3452 1504 3492 s.
1529 3454 1618 3492 4.5.
1734 3450 1751 3476 ⁴
1789 3451 1993 3492 notabile
2025 3455 2065 3491 5.
2155 3451 2172 3476 5
2203 3452 2295 3491 :Et
2324 3454 2363 3491 5.

221 3516 257 3543 ¹⁰
287 3517 513 3570 parrisiesi
544 3522 582 3560 5.
675 3517 758 3545 ¹¹·¹²
787 3522 909 3562 M.N.
935 3524 1028 3562 4.5.
1127 3519 1161 3547 ¹5
1193 3518 1427 3564 Coloniefi.
1452 3525 1492 3562 4.
1527 3522 1654 3564 Colo.
1679 3527 1719 3563 5.
1829 3519 1916 3547 ¹⁶³⁷
1949 3517 2182 3562 Coloniefi.
2207 3523 2247 3561 4.
2282 3519 2364 3560 Co-

219 3587 328 3628 loni.
353 3591 393 3628 5.
455 3585 488 3612 ¹⁸
521 3588 602 3640 ess3
634 3590 673 3628 4.
743 3587 776 3612 ¹⁹
807 3591 859 3629 R.
885 3593 924 3630 4.
938 3594 977 3633 5.
1055 3592 1194 3632 miehi
1224 3595 1265 3631 5.
1344 3592 1378 3617 ²¹
1409 3594 1473 3632 Io.
1498 3595 1538 3632 4.
1572 3594 1636 3633 Io.
1661 3593 1771 3633 Reu.
1795 3597 1836 3633 5.
1904 3590 1940 3617 22
1972 3591 2095 3631 Eras.
2118 3591 2300 3631 Rotero.
2323 3593 2362 3630 5.
2407 3589 2411 3593 ’
2448 3556 2456 3682 1

219 3657 255 3683 24
285 3657 515 3711 Thologos
537 3660 578 3697 4.
636 3655 673 3682 ²⁶
703 3656 794 3708 lfa3
826 3660 865 3697 4.
898 3659 1010 3699 liam
1033 3664 1073 3700 5.
1133 3660 1170 3686 ²⁷
1201 3660 1410 3701 abinvice
1431 3666 1470 3701 5.
1531 3660 1565 3686 ³¹
1596 3662 1661 3703 Io.
1684 3663 1737 3703 R.
1761 3665 1801 3703 4.
1834 3662 1897 3702 Io.
1922 3662 2034 3702 Reu.
2058 3665 2098 3702 5.
2159 3657 2197 3685 ³4
2227 3659 2366 3700 michi
2448 3685 2452 3748 ι

219 3729 474 3770 veriuatem
505 3732 545 3768 5.
635 3726 670 3751 ³⁵
701 3760 711 3770 .
734 3727 862 3768 Siout
883 3731 922 3768 4.
1012 3731 1122 3770 urbe
1154 3732 1374 3771 Romana.
1397 3735 1438 3771 5.
