2456 4264
826 290 1116 326 PASQVILLVS
1138 290 1383 322 uAnRAnvs
1405 292 1541 322 van.
2135 267 2257 326 505

840 422 1175 474 Marforius
1221 422 1530 475 Romanus

871 507 1193 573 Pasquillo
1230 508 1498 576 Romano

838 599 842 604 “
905 594 1094 644 classico
1134 611 1218 643 suo
1256 597 1459 644 salutem.

248 703 427 767 Perlegi
454 712 556 754 tuas
581 707 750 760 literas,
777 710 1102 757 iucundissime
1116 710 1356 773 Pasquille,
1383 711 1547 772 quibus
1573 711 1770 759 breviter
1795 714 1935 761 multa
1961 714 2258 776 perstringis:

71 774 258 838 5placet
293 790 403 837 ergo
441 783 493 823 ut
527 778 726 825 breviter
761 782 1070 842 respondeam.
1144 782 1288 839 Quum
1327 797 1350 827 a
1389 783 1568 829 condita
1604 798 1750 844 usque
1787 784 1898 831 urbe
1944 784 2083 847 (quod
2128 787 2257 848 pauci

108 845 294 909 norunt)
342 848 508 896 nedum
555 850 782 902 eiusdem,
825 866 984 901 ,verum
1031 860 1076 898 et
1123 855 1264 899 totius
1313 852 1438 899 orbis
1486 868 1662 900 morum
1711 869 1923 901 censores
1969 857 2061 903 dati
2101 859 2256 909 simus,

108 917 229 964 unde
265 924 312 964 et
347 919 538 981 pedibus
574 928 621 967 et
657 922 864 969 manibus
901 923 1131 984 pestiferae
1170 925 1275 970 huic
1312 924 1553 984 tyrannidi,
1593 939 1682 985 qua
1718 927 1821 977 iam,
1859 933 1910 972 ut
1947 927 2097 978 video,
2137 928 2259 974 Chri·

108 990 254 1036 stiana
291 996 435 1038 scatet
469 992 652 1054 religio,
689 994 951 1040 resistamus
988 995 1195 1055 inprimis
1230 995 1395 1041 curavi.
1431 1009 1532 1040 nam
1570 1009 1673 1041 mox
1697 995 1805 1042 visis
1843 995 1911 1056 (ut
1935 997 2078 1058 aiunt)
2117 998 2260 1045 literis

108 1059 200 1106 tuis
246 1061 625 1124 supplicationem
672 1071 793 1111 tuam
839 1065 1015 1112 cuidam
1053 1066 1302 1112 Teutonico
1339 1065 1572 1112 Pontificis
1618 1067 1863 1113 camerario
1912 1076 2087 1115 secreto
2137 1077 2260 1116 extra

55 1142 95 1177 io
110 1145 269 1179 muros
304 1133 483 1181 tradidi.
556 1135 600 1181 ls
637 1135 868 1197 pollicitus
904 1143 974 1182 est
1023 1132 1090 1198 (ut
1137 1136 1268 1183 multi
1305 1135 1440 1182 etiam
1477 1136 1615 1183 ardua
1650 1134 1892 1198 promittit)
1940 1153 2021 1185 sua
2057 1140 2261 1187 authori-

109 1208 201 1250 tate
238 1203 397 1252 eodem
433 1213 664 1252 momento
702 1220 837 1254 manu
873 1207 1108 1254 Pontificis
1147 1207 1455 1269 subsignatum
1506 1207 1763 1254 restituere.
1835 1210 1895 1255 At
1931 1209 2148 1257 Silvester
2184 1227 2262 1272 pa-

105 1273 204 1320 latii
239 1276 462 1336 magister
497 1284 543 1323 et
577 1278 733 1324 nescio
773 1279 877 1339 quis
915 1277 1022 1324 olim
1061 1293 1087 1324 a
1122 1277 1277 1324 littore
1314 1278 1492 1339 legatus
1530 1278 1576 1323 in
1613 1279 1809 1325 medium
1856 1280 2122 1341 prosiluere.
2188 1297 2262 1328 su-

103 1345 313 1408 pervenit
349 1354 397 1394 et
436 1361 491 1394 ex
527 1348 759 1395 Germanis
796 1350 1012 1410 egregius
1052 1349 1234 1410 quidam
1281 1349 1529 1410 dissipator
1577 1348 1852 1411 (disputator
1899 1352 2048 1398 dicere
2095 1351 2260 1416 volui):

103 1417 226 1467 hunc
269 1419 478 1481 magistri
529 1420 678 1466 nostri
715 1419 816 1467 Itali
854 1419 1120 1472 Orlandum,
1167 1420 1370 1466 Alemani
1407 1420 1687 1467 Rholandum
1735 1421 1793 1468 ob
1840 1428 2117 1470 stentoream
2165 1426 2262 1470 eius

47 1491 92 1528 15
109 1501 265 1536 vocem
299 1489 546 1552 appellant.
582 1490 656 1538 hic
690 1490 856 1538 librum
893 1491 948 1537 de
985 1491 1184 1553 primatu
1220 1492 1367 1546 Petri,
1407 1491 1523 1538 alter
1560 1507 1743 1539 suarum
1769 1493 2139 1541 Confutationum
2177 1494 2261 1555 (vel

102 1562 260 1622 potius
304 1560 644 1622 confusionum)
680 1561 923 1624 Epitomen·
963 1577 1100 1609 manu
1145 1562 1372 1624 portabat.
1420 1563 1464 1608 hi
1502 1578 1590 1610 una
1625 1563 1812 1610 Lutheri
1858 1579 2064 1612 caussam
2110 1580 2262 1613 coram

99 1623 318 1679 Pontiflce
355 1639 402 1679 et
425 1631 734 1680 cardinalibus
773 1640 1048 1686 tractarunt,
1087 1640 1140 1680 ut
1175 1634 1341 1681 nedum
1379 1634 1627 1696 signaturae
1665 1635 2069 1697 supplicationum,
2110 1651 2261 1684 verum

101 1708 150 1748 et
172 1702 415 1751 ‹nullan-um
448 1704 761 1766 expeditiones
797 1705 975 1767 aliquot
1009 1705 1169 1752 diebus
1219 1720 1453 1768 suspensae
1499 1707 1614 1758 sint,
1667 1721 1906 1768 quousque
1953 1708 2148 1769 genuina
2196 1710 2261 1754 in-

99 1773 276 1822 dustria
313 1789 423 1822 usus
459 1789 565 1822 mox
601 1776 723 1823 aliud
760 1776 1009 1823 remedium
1045 1778 1220 1824 inveni:
1258 1791 1361 1824 nam
1398 1779 1666 1838 magistrum
1705 1778 1853 1830 Vives,
1902 1778 2131 1826 Pontificis
2169 1793 2261 1825 me-

43 1844 277 1898 2⁰dicnm.
322 1845 557 1894 hominem
600 1847 712 1895 alias
747 1847 1112 1895 liberalissimum
1149 1857 1196 1895 et
1231 1848 1533 1910 perfacetum,
1584 1849 1726 1900 adivi,
1774 1851 1878 1911 quia
1914 1849 2138 1912 Hispanus
2177 1857 2260 1902 est,

101 1923 149 1963 et
183 1924 238 1964 ut
273 1931 458 1980 operam
493 1933 621 1965 suam
660 1919 719 1966 ob
755 1926 955 1967 veterem
991 1927 1194 1967 nostram
1232 1920 1582 1967 familiaritatem
1607 1921 1865 1981 porrigeret
1890 1921 2014 1982 petii.
2056 1923 2131 1983 qui
2160 1936 2261 1968 mox

100 1989 170 2035 rei
204 1988 360 2036 favens
395 1990 746 2052 supplicationis
785 1994 1064 2053 signaturam
1103 1991 1332 2047 obtinuit3
1372 1991 1570 2038 obtinuit
1606 1997 1758 2038 autem
1794 2006 1878 2053 per
1913 2006 2033 2039 FIAT
2070 2007 2138 2041 v'r
2175 2007 2262 2040 Pn-

101 2073 283 2113 nm,
319 2061 444 2123 quod
480 2061 649 2115 solius,
688 2069 741 2109 ut
777 2065 922 2115 nosti,
959 2061 1190 2110 Pontificis
1227 2069 1310 2109 est.
1387 2063 1577 2108 extorsit
1614 2069 1659 2108 et
1695 2062 1950 2115 decretum,
1990 2063 2059 2110 vel
2099 2065 2134 2109 si
2175 2063 2261 2111 dici

99 2132 250 2193 possit
285 2134 556 2180 sententiam
591 2133 897 2186 diffinitivam,
937 2149 1025 2195 qua
1049 2134 1260 2180 Pontifex
1297 2133 1394 2179 sole
1432 2133 1598 2180 clarius
1623 2133 1881 2195 Theologos
1919 2150 1945 2182 a
1982 2134 2262 2182 theolecticis

41 2202 404 2252 wei-barbaros
441 2204 547 2252 illos
583 2205 840 2267 perditores
888 2204 1016 2265 (heu,
1064 2204 1403 2267 praedicatores)
1451 2204 1587 2266 longe
1625 2219 1649 2250 a
1686 2206 1802 2252 veris
1840 2205 2109 2266 evangelicae
2146 2208 2262 2252 veri·

103 2270 208 2322 tatis
245 2275 560 2323 adsertoribus
597 2277 837 2324 discernit:
878 2291 1012 2338 quam
1050 2284 1096 2323 et
1136 2276 1215 2323 tibi
1255 2276 1489 2323 submitto.
1564 2275 1637 2322 Sic
1661 2290 1736 2322 ars
1762 2275 1990 2323 deluditur
2015 2283 2127 2323 arte.
2190 2277 2262 2323 Vi-

98 2344 204 2392 deat
238 2361 362 2394 nunc
394 2346 544 2395 honus
581 2348 658 2395 ille
694 2347 1045 2410 pharmacopola
1083 2348 1191 2410 quid
1226 2347 1445 2408 malagma
1493 2361 1623 2394 suum
1672 2347 1949 2409 parturierit.
2024 2347 2151 2401 Vale,
2200 2348 2260 2394 mi

97 2416 350 2480 Pasquille‚
398 2425 446 2466 et
480 2419 781 2466 Affenfeldum
829 2436 853 2466 a
907 2426 1035 2480 tergo
1086 2419 1246 2466 saluta.
1321 2419 1474 2465 Romae
1522 2433 1575 2465 ex
1623 2426 1776 2466 monte
1821 2420 2065 2471 Aventino.
2114 2418 2260 2480 xxviij.

94 2487 215 2550 lulij.
250 2490 382 2537 Anno
420 2490 618 2539 maxx.

42 2675 87 2711 ao
690 2659 857 2710 Tenor
894 2658 1274 2725 Supplicationis
1313 2657 1666 2723 Pasquillianae.

240 2775 503 2823 Beatissime
550 2782 703 2838 pater,
759 2784 812 2823 ut
858 2778 1103 2824 animarum
1152 2775 1310 2828 saluti,
1364 2775 1632 2824 Christianae
1678 2776 1889 2837 religioni
1936 2790 1988 2824 ac
2033 2777 2259 2824 communi
2311 2795 2325 2799 ·

100 2846 306 2904 omnium
348 2847 588 2895 commodo
636 2850 808 2895 rectius
848 2848 1055 2895 succurri
1094 2847 1260 2899 valeat,
1311 2847 1526 2908 dignetur
1565 2848 1781 2895 sanctitas
1819 2854 1968 2894 vestra
2007 2848 2259 2909 providere,

98 2932 157 2965 ne
193 2918 226 2965 ii
265 2920 343 2980 qui
380 2919 679 2981 persuasione
714 2934 806 2967 non
844 2921 994 2967 minus
1034 2919 1202 2966 insulsa
1241 2933 1374 2981 quam
1424 2919 1537 2966 falsa
1586 2919 1803 2966 doctrinae
1850 2919 1935 2965 sihi
1983 2933 2145 2966 nomen
2194 2921 2260 2965 in·

99 2989 298 3038 dueruut
334 2989 688 3052 theologicoque
726 2992 908 3038 nomine
946 2990 1133 3053 gloriari
1172 2990 1349 3043 solent,
1388 2991 1557 3037 diutius
1597 2989 1845 3052 simplicem
1872 2989 2089 3037 seducant
2115 3005 2261 3052 popu-

42 3060 220 3115 35lum,
266 3074 380 3108 neve
425 3067 517 3109 tam
562 3076 728 3125 spurce
773 3076 826 3110 ac
871 3069 1089 3124 corrupte
1134 3062 1430 3109 sanctissimae
1469 3062 1728 3122 Theologiae
1776 3063 2054 3108 maiestatem
2101 3061 2261 3108 debinc

99 3133 389 3196 prophanare
426 3147 479 3181 ac
515 3133 581 3181 illi
619 3141 752 3181 notas
791 3135 972 3181 inurere
1009 3134 1227 3185 audeant,
1277 3148 1377 3180 cum
1417 3147 1507 3180 non
1546 3133 1692 3181 solum
1731 3132 1934 3180 moribus
1973 3132 2119 3180 vivant
2159 3147 2261 3194 per-

210 3342 230 3370 ⁷
259 3356 348 3399 quo
378 3345 482 3387 edd.
566 3342 585 3370 ⁹
616 3342 814 3399 cuidam]
849 3344 1046 3387 Coi-icio.
1080 3343 1152 3386 cf.
1177 3344 1299 3385 infra
1330 3342 1671 3398 Schnarregalli
1704 3357 1773 3398 ep.
1874 3341 1909 3369 ¹⁰
1939 3342 2070 3385 multi
2101 3344 2256 3395 etiam,

100 3415 197 3458 ard.
220 3417 261 3457 1.
275 3417 319 3457 3.
382 3414 415 3442 ¹¹
447 3413 580 3470 Silv.]
615 3416 835 3461 Priorias.
896 3415 931 3442 ¹²
962 3430 990 3457 a
1019 3413 1193 3469 littore]
1221 3416 1389 3468 facetus
1419 3429 1512 3457 esse
1541 3417 1666 3456 voluit
1686 3416 1875 3468 scriptor
1904 3429 1993 3456 cum
2022 3415 2100 3457 hoc
2124 3429 2208 3469 pro
2232 3429 2259 3455 a

98 3485 246 3529 latere
273 3491 472 3540 poneret.
560 3483 596 3512 ¹⁴
626 3485 763 3542 hunc]
798 3487 1007 3529 Eckium.
1096 3485 1131 3512 ¹⁵
1160 3485 1473 3527 Enchiridium
1506 3490 1668 3527 contra
1688 3485 1990 3527 Lutheranos.
2073 3484 2106 3512 ¹⁹
2139 3499 2256 3538 mag.

97 3554 173 3612 V.]
204 3571 289 3600 non
320 3558 415 3599 novi
442 3558 549 3599 hunc
586 3558 787 3600 Vivetem.
904 3556 940 3584 ²⁷
971 3556 1190 3599 Alveldus
1223 3556 1432 3598 ediderat
1464 3556 1714 3611 ‘Malagma
1745 3557 1965 3611 optimum
1998 3561 2159 3598 contra
2191 3557 2254 3596 in-

99 3627 365 3671 firmitatem
396 3628 587 3670 duorum
608 3630 808 3670 virorum
830 3629 1048 3671 Loniceri
1072 3632 1119 3669 et
1139 3627 1360 3670 Lutheri'.
1394 3628 1459 3679 Cf.
1483 3629 1725 3682 Appendia
1746 3629 1805 3670 ad
1832 3629 1939 3670 lzunc
1960 3629 2088 3683 Pasq.
2116 3627 2253 3668 Mar-r.

97 3712 208 3744 vere.
227 3699 296 3742 43.
320 3712 388 3754 sq.
475 3699 511 3726 ²⁸
543 3713 572 3741 a
602 3703 732 3754 tergo
763 3697 871 3756 sah]
899 3701 976 3753 sac
1005 3714 1094 3741 eum
1122 3701 1337 3753 vapulare.

211 3767 251 3796 ⁸²
278 3771 486 3813 succurri
516 3770 615 3825 (pro
646 3771 933 3824 succurrere)
973 3777 1015 3811 ut
1047 3771 1164 3823 infra
1195 3771 1347 3814 resisti
1376 3771 1475 3826 (pro
1507 3771 1741 3823 resIstere)
1771 3784 1925 3814 omnes.
1959 3769 2129 3823 [Latini
2162 3780 2252 3808 ner-

100 3843 246 3884 monis
275 3846 566 3885 venustatem
598 3855 687 3884 non
717 3842 851 3884 nimis
882 3842 1000 3884 bene
1032 3842 1130 3896 ipse
1163 3845 1325 3884 auctor
1354 3839 1615 3897 didicerim]
1714 3840 1749 3868 ⁸⁸
1781 3836 2023 3894 doctrinae]
2058 3839 2086 3879 i.
2113 3853 2151 3879 e.
2174 3838 2251 3878 do-

101 3916 276 3955 ctorum
304 3913 502 3956 virorum
588 3911 625 3939 ⁸⁴
655 3912 935 3969 theologico]
970 3913 999 3954 i.
1025 3928 1064 3956 e.
1087 3913 1418 3969 theologorum.
