2456 4264
95 338 153 374 ¹8.
174 339 367 372 8110118
387 341 564 370 wonsrr.
658 336 711 372 19.
737 339 944 371 ονΝΒΑυι
967 340 1291 378 νΝοΚεΒνΝοΚ.
1379 335 1437 368 20.
1463 338 1739 374 uARQVARDt
1762 340 2052 371 ro'rzenuv'r.
2123 314 2246 374 219

1126 464 1209 525 19.

608 592 651 640 (1
711 582 1129 647 Cunradus
1189 535 1517 645 Uncloeb
1539 582 1740 646 unck

684 695 1026 765 Magistro
1064 695 1355 750 Ortvino
1394 696 1653 750 GratiO.

228 795 450 847 Mirabile
487 802 574 854 est,
614 796 908 848 venerabilis
944 797 1143 848 domine
1179 798 1427 862 Magister,
1467 799 1596 863 quod
1638 803 1867 862 parentes
1892 798 1989 847 mei
2015 812 2112 846 non
2139 798 2248 847 mit-

16 886 204 945 βω
236 881 359 932 mibi
396 883 683 947 pecuniam,
733 889 782 933 et
818 889 983 933 tamen
1020 883 1180 933 sciunt
1217 882 1346 948 quod
1387 897 1485 931 non
1523 882 1682 931 habeo
1721 896 1874 931 unum
1922 880 2150 938 obulum,
2201 890 2249 932 et

23 951 266 1033 heu-ipsi
312 967 384 1018 eis
429 966 558 1017 bene
604 968 771 1033 viginti
819 967 1019 1018 litteras.
1095 967 1148 1017 Si
1196 982 1294 1016 non
1342 965 1511 1016 volunt
1557 967 1752 1015 mittere
1802 965 1920 1015 mihi
1969 967 2244 1030 pecuniam,

85 1054 208 1103 lunc
242 1065 335 1117 per
373 1050 522 1102 deum
561 1067 653 1117 ego
692 1050 800 1102 volo
838 1051 978 1102 aliter
1018 1052 1197 1102 lacere.
1273 1051 1336 1100 Et
1372 1051 1584 1100 credatis
1610 1050 1729 1099 mihi
1757 1050 1887 1115 qnod
1917 1065 2074 1115 nuper
2100 1050 2247 1100 habui

35 1134 141 1186 in
164 1133 439 1194 voluntate,
477 1136 608 1202 quod
635 1136 762 1186 volui
802 1152 881 1186 me
918 1135 1139 1207 obligare
1176 1134 1268 1185 sub
1306 1136 1446 1201 penis
1472 1135 1675 1200 Camere
1714 1134 2083 1185 accomodando
2121 1136 2249 1185 duos

71 1219 307 1272 florenos
340 1220 597 1272 Renenses
633 1227 718 1271 aut
753 1227 870 1279 tres,
910 1226 959 1270 et
995 1220 1160 1270 redire
1199 1221 1249 1268 in
1288 1220 1511 1284 patriam,
1552 1224 1603 1269 et
1642 1219 1809 1270 dicere
1849 1220 1918 1269 eis
1966 1220 2245 1284 opinionem

89 1319 279 1363 metm,
325 1305 392 1355 ita
439 1319 612 1370 grosse
661 1305 794 1370 quod
842 1304 1084 1355 deberent
1130 1309 1350 1367 tangere
1426 1302 1652 1362 Diabole‚
1703 1304 1912 1355 credunt
1960 1305 2088 1370 quod
2139 1321 2245 1355 sum

13 1393 229 1458 guntin
263 1402 417 1455 super
453 1387 712 1447 arborem,
762 1388 837 1440 vel
876 1389 1034 1440 debeo
1074 1388 1336 1439 comedere
1374 1390 1543 1439 senum
1591 1390 1719 1439 sicut
1767 1388 1977 1439 animal?
2025 1389 2250 1439 diabolus

17 1473 278 1527 ”alent
310 1488 392 1531 me
428 1474 470 1524 si
506 1472 657 1524 habui
695 1489 848 1524 unum
875 1474 1127 1526 Carlinum
1165 1475 1214 1524 in
1254 1489 1337 1524 sex
1378 1473 1656 1531 mensibus;
1697 1480 1745 1524 et
1781 1490 1979 1539 semper
2019 1474 2139 1524 nihil
2167 1491 2249 1524 co-

19 1551 231 1627 'Aa
274 1559 369 1610 nisi
413 1557 620 1609 salatum
672 1564 720 1609 et
757 1574 878 1624 cepe
928 1565 977 1610 et
1025 1558 1217 1616 allium,
1268 1564 1316 1608 et
1353 1558 1617 1624 aliquando
1656 1574 1807 1608 unum
1847 1566 2150 1610 monestrum
2190 1560 2250 1609 de

13 1624 214 1721 {ssa
245 1641 326 1696 vel
358 1642 531 1694 herbis
568 1643 642 1718 vel
680 1643 949 1710 spinaciam
987 1659 1129 1694 more
1167 1643 1351 1693 Italico.
1427 1644 1531 1709 Ego
1571 1643 1698 1694 bene
1736 1644 1837 1693 scio
1888 1644 2019 1709 quod
2071 1645 2250 1694 fratres

27 1726 185 1791 βιοῖ
215 1727 269 1779 in
305 1728 460 1795 patria
499 1705 768 1779 comedunt
814 1712 977 1794 pisces
1015 1735 1063 1780 et
1100 1744 1213 1779 aves
1262 1734 1307 1778 et
1355 1727 1485 1778 bona
1536 1728 1744 1786 fercula,
1795 1736 1842 1778 et
1889 1744 1987 1778 non
2035 1731 2251 1793 cogitant

38 1818 238 1882 ‘a’
270 1827 378 1871 me;
415 1813 504 1865 sed
543 1829 636 1879 ego
674 1829 773 1864 non
814 1813 921 1864 volo
959 1814 1143 1865 diutius
1181 1814 1296 1880 pati,
1336 1819 1384 1864 et
1421 1813 1647 1863 debetis
1636 1815 1754 1879 ipsis
1780 1814 1972 1865 dicere:
2015 1820 2131 1864 tunc
2157 1831 2248 1879 ego

31 1894 235 1953 *ψ
269 1896 381 1949 volo
417 1897 682 1964 diligenter
718 1899 799 1950 hic
837 1901 1020 1950 instare
1058 1899 1188 1964 apud
1227 1899 1479 1949 dominum
1519 1914 1708 1955 meum,
1761 1899 1891 1964 quod
1939 1898 2250 1964 promovebit

38 1975 351 2050 *σὴψ
389 1990 611 2036 vestrum
663 1985 788 2036 sicut
837 1986 1102 2050 sciipsistis
1149 1984 1285 2034 mihi.
1362 1983 1422 2033 Et
1470 1999 1591 2048 rogo
1631 1999 1739 2040 vos,
1781 1983 1979 2049 quando
2019 1990 2249 2049 parentes

36 2043 186 2132 hd
207 2065 407 2120 dobunt
452 2071 741 2135 pecuniam,
794 2070 925 2135 quod
974 2069 1130 2119 velitis
1175 2069 1295 2119 mibi
1343 2070 1555 2118 mittere.
1631 2069 1693 2118 Et
1742 2084 1853 2117 cum
1906 2068 2000 2117 hoc
2050 2069 2248 2118 mittatis

27 2125 212 2234 ᾧ*
244 2166 399 2205 unum
434 2154 673 2204 frustrum
712 2154 773 2205 de
811 2155 970 2212 Creta,
1010 2155 1121 2219 quia
1160 2156 1207 2204 in
1250 2160 1346 2203 tota
1386 2154 1538 2204 Roma
1578 2169 1676 2203 non
1715 2153 1897 2203 habent
1934 2152 2112 2202 bonam
2140 2169 2247 2202 cre-

64 2240 212 2298 μ,
261 2239 409 2291 etlam
446 2240 488 2290 si
525 2237 680 2290 velitis
717 2240 836 2290 (lare
875 2255 1025 2289 unum
1066 2239 1308 2289 florenum
1349 2254 1439 2303 pro
1479 2255 1563 2288 ea:
1615 2238 1702 2288 sed
1740 2239 1865 2287 sicut
1901 2239 2060 2295 scitis,
2101 2253 2247 2304 opor-

84 2325 157 2376 Β
194 2322 382 2376 habere
430 2330 642 2383 cretam,
701 2326 815 2391 quia
865 2340 972 2374 sum
1032 2324 1245 2388 logicus:
1299 2330 1344 2374 et
1395 2323 1590 2389 quando
1646 2323 1752 2373 volo
1810 2325 1972 2374 facete
2028 2322 2246 2389 syllogis-

80 2418 249 2472 ‘ub
284 2415 406 2462 tunc
440 2424 540 2460 non
579 2409 739 2461 habeo
778 2399 1104 2460 atramentum
1145 2423 1358 2473 semper.
1434 2409 1589 2458 Etiam
1631 2414 1699 2459 est
1743 2408 2043 2458 fastidiosum
2087 2408 2247 2458 faeere

45 2500 200 2548 ”a
233 2501 534 2547 numento:
573 2501 621 2546 et
658 2496 859 2546 mittatis
898 2495 1017 2544 mihi
1054 2493 1177 2558 ligas
1215 2495 1487 2543 teutonicas
1526 2493 1584 2543 ad
1624 2492 1874 2556 ligandum
1902 2492 2096 2557 caligas,
2137 2494 2246 2557 quia

32 2576 274 2636 §m
308 2579 373 2632 ita
408 2578 562 2630 malas
598 2579 721 2644 ligas
759 2581 808 2630 in
848 2579 983 2630 ltalia
1023 2579 1157 2645 quod
1196 2586 1269 2629 cst
1307 2577 1546 2627 mirabile
1623 2578 1757 2628 Mitto
1809 2577 1945 2627 vobis
1984 2578 2062 2627 hic
2102 2593 2246 2626 iniiam

85 2662 360 2717 mam
398 2680 492 2731 que
531 2666 690 2729 tetigit
727 2666 887 2731 capita
925 2671 1210 2715 sanctorum
1249 2664 1382 2714 Petri
1421 2669 1468 2712 et
1505 2662 1643 2712 Pauli
1683 2668 1731 2712 et
1768 2661 1943 2712 multas
1982 2661 2097 2711 alias
2137 2661 2248 2712 reli-

85 2736 246 2819 *b;
282 2754 335 2800 et
368 2748 508 2800 mitto
548 2749 685 2800 vobis
723 2765 874 2801 unum
915 2765 1072 2815 agnus
1111 2749 1214 2806 dei;
1266 2755 1314 2799 et
1351 2747 1542 2798 debetis
1584 2748 1701 2797 mihi
1740 2747 1955 2798 salutate
1994 2747 2246 2797 dominum

85 2828 393 2887 miluum
429 2834 491 2887 de
529 2831 891 2892 Gelterssbeim,
932 2835 1222 2900 magistrum
1261 2839 1484 2884 nostrum
1513 2832 1927 2882 colendissimum.
1988 2847 2076 2896 per
2103 2832 2247 2881 deum

53 2924 184 2987 ’κῃ
212 2933 466 2987 nunquam
506 2921 568 2971 ita
610 2922 878 2986 potuissem
919 2921 1110 2970 discere
1150 2918 1356 2983 logicam
1397 2919 1435 2967 si
1475 2934 1573 2967 non
1613 2919 1853 2968 stetissem
1884 2918 1931 2965 in
1962 2916 2105 2965 bursa
2134 2932 2246 2971 sua:

34 3002 202 3070 Off·
235 3004 346 3071 lpse
380 3011 456 3055 est
493 3004 630 3056 valde
669 3005 1010 3063 declarativuS,
1051 3011 1099 3055 et
1137 3005 1386 3070 supposita
1416 3005 1513 3053 cito
1541 3003 1739 3067 capiunt
1765 3001 1959 3065 quando
1988 3003 2090 3064 ipse
2119 3000 2245 3061 legit.

86 3085 252 3142 meto
285 3088 497 3157 plurime
534 3105 647 3141 cum
686 3092 893 3143 sanitate
931 3092 1108 3141 mentis
1145 3095 1194 3140 et
1230 3089 1471 3155 corporis.
1551 3087 1720 3137 Datum
1762 3086 1977 3149 llonmne
2017 3086 2175 3149 Curie.

1114 3240 1207 3300 20.

51 3343 89 3405 ’Ψ
393 3363 435 3412 ιῑ
481 3344 874 3427 Magister
919 3341 1434 3425 Marquardus
1483 3338 1929 3401 Fotzenhut

61 3448 116 3522 5
686 3456 1022 3526 Magistro
1072 3456 1356 3509 Ortvino
1406 3453 1644 3505 Gratio

36 3518 308 3635 wien!
344 3574 457 3609 cum
496 3558 728 3607 servitute
767 3555 1025 3607 amicabili.
1104 3556 1262 3605 Vener
1266 3553 1405 3604 abilis
1442 3553 1639 3602 dominc·
1678 3552 1925 3616 Magister
1965 3569 2033 3602 5η
2040 3558 2090 3602 ιιι
2127 3552 2245 3599 smi-

57 3628 524 3745 Quod
564 3641 723 3693 debeo
761 3642 1016 3691 notificare
1056 3639 1191 3689 vobis
1229 3639 1290 3689 de
1316 3638 1547 3703 Magistro
1588 3643 1756 3686 nosuo
1798 3636 1972 3687 laeobo
1999 3636 2059 3685 de
2088 3634 2245 3684 nov-¹.

63 3729 72 3752 b

62 3753 80 3798 Γ·
107 3748 130 3761 ..
196 3763 217 3794 ¹
244 3767 482 3810 Conradus
512 3772 552 3810 5.
640 3767 658 3794 ⁸
690 3768 751 3810 M.
776 3771 816 3809 4.
829 3773 868 3812 5.
959 3767 1121 3809 Oratio
1152 3782 1228 3808 om.
1255 3769 1294 3808 4.
1385 3764 1401 3791 ⁴
1433 3766 1591 3807 Nonne
1626 3764 1835 3806 mirabile
1868 3769 1907 3805 5.
1996 3761 2013 3785 ⁵
2046 3760 2243 3801 1ηἰ(·1115·

68 3823 243 3891 phu·
265 3841 307 3880 4.
395 3839 577 3895 p⁸c2nis
609 3838 803 3881 Camere
837 3842 876 3881 4.
972 3837 1002 3865 ¹³
1035 3852 1148 3892 cepe
1173 3841 1212 3879 4.
1247 3850 1360 3891 cepe
1383 3841 1423 3879 5.
1534 3834 1564 3862 ¹¹
1598 3865 1608 3875 .
1632 3849 1716 3887 ego
1748 3839 1788 3877 5.
1901 3832 1932 3858 ¹¹³
1964 3831 2098 3871 miehi
2132 3834 2170 3868 5.
2205 3834 2243 3867 re

85 3903 155 3949 do
178 3906 294 3960 infra
321 3914 403 3953 ter.
479 3909 517 3936 ²⁰
549 3909 716 3951 frustru
746 3911 809 3951 εἰσ
831 3913 873 3951 4.
886 3914 925 3950 5.
995 3907 1026 3935 ²¹
1063 3908 1237 3950 vellitis
1261 3910 1301 3949 4.
1381 3905 1469 3933 ²¹³²
1502 3908 1635 3962 scitg:
1664 3918 1698 3957 q
1728 3915 1772 3955 ο)
1804 3902 1886 3944 hr‘o
1910 3907 1948 3942 5.
2027 3899 2061 3923 ²‘'
2094 3898 2117 3950 ἦ
2149 3900 2240 3937 ⁴·5·

91 3970 335 4032 Poapau
359 3981 399 4021 4.
434 3980 512 4022 Pe.
537 3991 568 4025 2.
590 3981 701 4023 Pau.
724 3985 764 4022 5.
1186 3977 1222 4003 ⁸³
1254 3978 1312 4022 M.
1341 3980 1434 4021 m.
1523 3974 1557 4001 ³¹
1591 3978 1651 4017 M.
1678 3977 1769 4017 m.
1857 3973 1894 3999 ³⁰
1926 3970 2061 4014 michi
2092 3972 2131 4008 5.
