2456 4264
257 302 377 360 384
654 327 1039 355 LAMENTATIONES
1064 327 1371 357 ossscvlzossvu
1393 329 1838 360 nnvcnmms'mnvu
1860 331 2010 361 nov-21³2.

1275 508 1364 566 26.

936 630 978 677 (Ι
1024 624 1331 684 Ioannes
1381 628 1714 685 Corvinus

1077 738 1434 800 Antiphoni
1465 753 1554 789 suo

1195 837 1266 885 .S.
1296 838 1351 885 P.
1383 837 1477 888 D.'

390 949 429 996 O
473 963 661 1009 maqna
707 952 780 999 vis
827 952 1079 1010 veritatis,
1133 965 1227 1011 que
1274 958 1454 1000 contra
1492 934 1715 1001 *omnium
1764 954 1993 1014 inqenia,
2045 955 2390 1016 calliditatem,
2408 965 2427 996 5

243 1036 522 1094 solertiam,
574 1040 853 1095 contraque
890 1034 1068 1094 factas
1106 1035 1185 1093 (ut
1225 1034 1418 1084 Tullius
1454 1038 1550 1098 ait)
1591 1038 1805 1086 omnium
1842 1039 2077 1098 insidias,
2120 1039 2287 1098 facile
2321 1054 2393 1088 se—

242 1120 403 1179 ipsam
441 1118 686 1177 defendit.
762 1119 821 1167 Si
855 1122 983 1167 enim
1021 1125 1068 1167 et
1104 1121 1391 1168 innocentes
1426 1126 1474 1168 et
1508 1121 1628 1169 boni
1671 1123 1957 1171 existimari
1998 1124 2244 1183 volumus‘,
2293 1138 2392 1176 non

128 1200 401 1253 uiijbgolum
428 1201 451 1269 Η
474 1217 565 1252 nos
602 1204 900 1253 abstinentes
938 1205 1020 1263 (ut
1056 1209 1130 1252 est
1166 1206 1308 1266 apud
1343 1206 1580 1266 eundem)
1625 1207 1717 1254 sed
1761 1208 1910 1254 etiam
1957 1213 2154 1255 nostros
2189 1209 2393 1256 comites

231 1294 471 1347 prestare
508 1290 751 1338 debemus.
827 1290 1046 1338 Primum
1084 1291 1241 1349 iqitur
1278 1292 1493 1338 omni-um
1530 1295 1678 1338 tanta
1714 1290 1854 1339 nobis
1891 1304 2048 1352 opera
2086 1292 2263 1340 danda
2300 1297 2386 1352 est,

240 1377 295 1419 ut
330 1387 412 1421 eos
447 1375 717 1423 habeamus
756 1376 968 1434 amicOS,
1006 1380 1251 1435 patronos
1287 1376 1435 1423 etiam
1475 1388 1537 1423 ac
1575 1373 1893 1434 defensores,
1936 1377 2024 1436 qui
2056 1381 2224 1434 nostre
2243 1375 2385 1435 fame
2406 1383 2445 1416 ¹⁰

237 1460 492 1519 capitique
515 1461 794 1508 consulant.
858 1459 1080 1519 Denique
1104 1461 1150 1507 si
1172 1460 1224 1507 in
1249 1460 1326 1507 his
1350 1461 1472 1521 ipsis
1503 1460 1783 1521 prudenter
1817 1461 2097 1520 deliqendis
2130 1474 2243 1522 spes
2275 1463 2388 1522 ipsa

236 1555 327 1590 nos
355 1543 633 1604 fefellerit,
676 1549 731 1592 ut
765 1545 1092 1604 vindicemus,
1134 1546 1503 1605 multarumque
1540 1545 1920 1593 universitatum
1962 1543 2238 1604 Theoloqos
2272 1558 2386 1609 sup-

227 1630 532 1690 primamus,
595 1631 765 1699 missos
805 1616 989 1687 facere
1034 1630 1296 1676 consilium
1341 1635 1439 1689 est,
1496 1634 1545 1677 et
1592 1630 1874 1677 temeritate
1920 1630 2188 1678 dumtaxat
2235 1635 2388 1690 atque

234 1715 508 1762 mendaciis
546 1713 627 1771 (ut
662 1716 714 1762 in
750 1714 884 1761 hunc
920 1726 1075 1774 usque
1112 1714 1240 1761 diem
1270 1712 1512 1774 fecimus)
1551 1727 1655 1775 pro
1703 1715 1844 1762 virili
1877 1714 2157 1763 decertare.
2234 1714 2385 1763 Litte-

232 1811 322 1846 ras
357 1805 520 1846 autem
556 1798 906 1860 Pepericorni,
957 1811 1086 1858 quas
1131 1799 1204 1846 ad
1245 1811 1322 1845 me
1358 1797 1598 1858 infaustis
1634 1799 1819 1847 dedisti
1861 1799 2057 1858 avibus,
2107 1799 2383 1862 lachrymis
2404 1807 2456 1840 ¹⁵·

221 1889 399 1944 prope*
426 1884 600 1931 delevi.
677 1882 809 1930 Nam
847 1887 991 1930 tanta
1027 1883 1152 1930 mihi
1186 1884 1365 1930 innata
1412 1887 1486 1931 est
1531 1884 1760 1944 malicia,
1810 1888 1867 1932 ut
1912 1885 2173 1933 veritatem
2220 1885 2383 1945 ipsam

230 1972 409 2015 contra
434 1967 680 2016 Ioannem
705 1967 952 2016 Reuchlin
978 1967 1312 2028 triumphare,
1345 1969 1464 2028 pati
1484 1955 1776 2029 neutiquam
1799 1969 2004 2029 possim,
2045 1970 2140 2017 etsi
2162 1969 2382 2017 Lactan-

229 2053 326 2100 tius
362 2054 652 2101 Firmianus
687 2053 816 2101 libro
844 2054 1016 2114 primo
1054 2053 1341 2101 divinarum
1378 2053 1745 2101 institutionum
1781 2053 1975 2101 nullum
2021 2066 2126 2101 esse
2172 2054 2383 2105 voluerit

230 2139 398 2186 animo
434 2138 597 2186 cibum
632 2140 939 2197 suaviorem,
993 2150 1144 2198 quam
1188 2138 1419 2186 veritatis
1453 2138 1805 2198 coqnitionem.
1883 2137 2015 2186 Cave
2047 2144 2282 2199 preterea
2320 2139 2383 2186 de
2454 2154 2456 2160 ·

227 2236 433 2272 numero
470 2236 560 2272 nos
595 2237 699 2271 esse
739 2221 1068 2272 obscurorum
1108 2222 1383 2270 Christiani
1416 2223 1697 2283 intelliqant
1709 2258 1725 2282 ,
1766 2235 1830 2270 ne
1865 2227 2083 2271 veterum
2119 2228 2377 2272 consuetu·
2394 2228 2451 2267 ²⁰2

229 2308 368 2368 dine,
420 2309 520 2356 viri
557 2306 747 2369 fortes,
798 2307 1084 2356 acrioribus
1128 2308 1394 2368 suppliciis
1438 2308 1596 2356 civem
1621 2308 1965 2368 perniciosum
2003 2321 2154 2369 quam
2191 2308 2378 2357 hostem
2448 2308 2456 2361 ζ

227 2395 526 2442 acerrimum
554 2398 945 2454 persequantur.
1032 2393 1159 2441 Vale
1194 2393 1296 2441 diu.
1356 2405 1448 2441 nec
1484 2397 1683 2441 tuorum
1720 2396 1768 2440 te
1795 2393 2028 2454 peniteat
2063 2394 2375 2442 delictorum.
2439 2386 2456 2450 ἔ

226 2477 311 2525 Ex
346 2478 718 2540 Heydelberqa.

1253 2684 1341 2746 27.

919 2815 959 2862 (Ι
1009 2806 1302 2864 Ioannes
1346 2804 1677 2862 Iambicus
2385 2814 2456 2882 ²⁶³}

883 2920 1333 2977 Bartholomeo
1381 2918 1702 2979 Sapphico

1165 3018 1237 3067 .S.
1268 3019 1324 3066 P.
1353 3017 1414 3065 D.

370 3133 520 3181 Vetus
555 3134 678 3181 mihi
711 3138 896 3192 tecum,
939 3146 1001 3181 ac
1036 3133 1228 3180 stabilis
1266 3131 1345 3190 (ut
1381 3132 1534 3192 nosti)
1571 3143 1768 3191 semper
1790 3129 2095 3178 consuetudo
2113 3128 2236 3189 fuit,
2278 3143 2370 3190 que
2429 3104 2456 3175 {³

221 3228 311 3262 nec
348 3220 625 3276 temporum
661 3220 977 3276 calamitate,
1031 3231 1124 3265 nec
1160 3218 1319 3265 livore
1351 3216 1544 3277 peribit
1580 3215 1878 3263 invidorum.
1962 3213 2028 3261 Te
2075 3215 2234 3274 iqitur
2280 3227 2370 3263 oro
2424 3172 2448 3270 {ss

221 3306 371 3360 atque
408 3302 633 3362 obsecr0,
686 3308 741 3350 ut
777 3305 967 3363 aliquot
1002 3302 1126 3350 mihi
1159 3303 1391 3350 carmina
1428 3301 1500 3348 ad
1533 3300 1839 3348 convivalem
1885 3303 2109 3348 nostram
2145 3290 2445 3399 mensamso}¹

217 3386 568 3445 suspendenda
605 3400 897 3448 componas,
940 3401 1037 3448 quo
1074 3393 1122 3436 et
1147 3388 1356 3448 plenum
1393 3386 1534 3433 nobis
1568 3386 1738 3446 sapiat
1773 3385 1940 3433 vinum
1977 3388 2160 3432 etcum
2185 3383 2367 3432 Libero
2412 3370 2456 3464 ἐξ

208 3474 390 3530 patre,
431 3470 581 3518 liberi
615 3484 646 3518 a
688 3471 951 3533 Theoloqis
988 3486 1092 3521 esse
1121 3474 1385 3534 possimus.
1473 3471 1600 3518 Vale
1634 3470 1887 3530 specimen
1927 3467 2307 3518 Obscurorum.'

328 3666 345 3692 ὃ
377 3668 462 3708 Cic.
485 3680 547 3708 or.
571 3680 652 3720 pro
675 3666 785 3709 Cael.
807 3666 874 3710 26.
992 3666 1027 3693 ¹⁷
1056 3665 1291 3720 Laetam]
1323 3668 1430 3708 Div.
1451 3667 1556 3707 inst.
1579 3667 1616 3710 Ῑ.
1638 3679 1678 3706 c.
1703 3665 1741 3707 1.
