<?xml version="1.0" encoding="UTF-8"?>
<!DOCTYPE html PUBLIC "-//W3C//DTD XHTML 1.0 Transitional//EN"
    "http://www.w3.org/TR/xhtml1/DTD/xhtml1-transitional.dtd">
<html xmlns="http://www.w3.org/1999/xhtml" xml:lang="en" lang="en">
 <head>
  <title>
</title>
<meta http-equiv="Content-Type" content="text/html;charset=utf-8" />
  <meta name='ocr-system' content='tesseract 3.04.00' />
  <meta name='ocr-capabilities' content='ocr_page ocr_carea ocr_par ocr_line ocrx_word'/>
</head>
<body>
  <div class='ocr_page' id='page_1' title='image "./supoperaquaerepe01huttuoft_0270.png"; bbox 0 0 2456 4264; ppageno 0'>
   <div class='ocr_carea' id='block_1_1' title="bbox 211 239 1770 297">
    <p class='ocr_par' dir='ltr' id='par_1_1' title="bbox 211 239 1770 297">
     <span class='ocr_line' id='line_1_1' title="bbox 211 239 1770 297; baseline -0.002 -5"><span class='ocrx_word' id='word_1_1' title='bbox 211 239 333 297; x_wconf 77' lang='lat'>23⁰</span> <span class='ocrx_word' id='word_1_2' title='bbox 799 260 1039 290; x_wconf 70' lang='lat' dir='ltr'>EPISTOLAE</span> <span class='ocrx_word' id='word_1_3' title='bbox 1061 258 1369 288; x_wconf 70' lang='lat' dir='ltr'>OBSCVBORVM</span> <span class='ocrx_word' id='word_1_4' title='bbox 1387 258 1599 287; x_wconf 72' lang='lat' dir='ltr'>vlnonvu</span> <span class='ocrx_word' id='word_1_5' title='bbox 1620 258 1770 289; x_wconf 72' lang='lat' dir='ltr'><strong><em>NOVAE.</em></strong></span> 
     </span>
    </p>
   </div>
   <div class='ocr_carea' id='block_1_2' title="bbox 212 384 2432 2126">
    <p class='ocr_par' dir='ltr' id='par_1_2' title="bbox 212 384 2432 2126">
     <span class='ocr_line' id='line_1_2' title="bbox 212 384 2358 456; baseline -0.002 -15"><span class='ocrx_word' id='word_1_6' title='bbox 212 391 343 456; x_wconf 93' lang='lat' dir='ltr'>quod</span> <span class='ocrx_word' id='word_1_7' title='bbox 383 390 600 439; x_wconf 79' lang='lat' dir='ltr'>scribant</span> <span class='ocrx_word' id='word_1_8' title='bbox 636 388 776 444; x_wconf 90' lang='lat' dir='ltr'>mihi,</span> <span class='ocrx_word' id='word_1_9' title='bbox 819 387 929 450; x_wconf 89' lang='lat' dir='ltr'>quia</span> <span class='ocrx_word' id='word_1_10' title='bbox 966 385 1174 434; x_wconf 81' lang='lat' dir='ltr'>libenter</span> <span class='ocrx_word' id='word_1_11' title='bbox 1211 384 1372 434; x_wconf 88' lang='lat' dir='ltr'>habeo</span> <span class='ocrx_word' id='word_1_12' title='bbox 1411 384 1542 449; x_wconf 91' lang='lat' dir='ltr'>quod</span> <span class='ocrx_word' id='word_1_13' title='bbox 1580 385 1712 434; x_wconf 87' lang='lat' dir='ltr'>docti</span> <span class='ocrx_word' id='word_1_14' title='bbox 1748 386 1837 434; x_wconf 80' lang='lat' dir='ltr'>viri</span> <span class='ocrx_word' id='word_1_15' title='bbox 1874 391 1922 435; x_wconf 90' lang='lat' dir='ltr'>et</span> <span class='ocrx_word' id='word_1_16' title='bbox 1958 388 2044 450; x_wconf 86' lang='lat' dir='ltr'>qui</span> <span class='ocrx_word' id='word_1_17' title='bbox 2080 392 2195 436; x_wconf 91' lang='lat' dir='ltr'>sunt</span> <span class='ocrx_word' id='word_1_18' title='bbox 2229 386 2358 437; x_wconf 90' lang='lat' dir='ltr'>bene</span> 
     </span>
     <span class='ocr_line' id='line_1_3' title="bbox 213 468 2360 539; baseline -0.001 -16"><span class='ocrx_word' id='word_1_19' title='bbox 213 474 495 539; x_wconf 77' lang='lat' dir='ltr'>qualificati,</span> <span class='ocrx_word' id='word_1_20' title='bbox 545 471 766 520; x_wconf 88' lang='lat' dir='ltr'>scribunt</span> <span class='ocrx_word' id='word_1_21' title='bbox 813 469 931 517; x_wconf 91' lang='lat' dir='ltr'>mihi</span> <span class='ocrx_word' id='word_1_22' title='bbox 978 469 1288 518; x_wconf 83' lang='lat' dir='ltr'>dictaminas:</span> <span class='ocrx_word' id='word_1_23' title='bbox 1339 473 1388 518; x_wconf 92' lang='lat' dir='ltr'>et</span> <span class='ocrx_word' id='word_1_24' title='bbox 1434 468 1628 533; x_wconf 90' lang='lat' dir='ltr'>quando</span> <span class='ocrx_word' id='word_1_25' title='bbox 1677 469 1747 517; x_wconf 91' lang='lat' dir='ltr'>sic</span> <span class='ocrx_word' id='word_1_26' title='bbox 1791 468 2013 518; x_wconf 92' lang='lat' dir='ltr'>scribunt</span> <span class='ocrx_word' id='word_1_27' title='bbox 2048 470 2192 528; x_wconf 90' lang='lat' dir='ltr'>mihi,</span> <span class='ocrx_word' id='word_1_28' title='bbox 2241 477 2360 520; x_wconf 90' lang='lat' dir='ltr'>tunc</span> 
     </span>
     <span class='ocr_line' id='line_1_4' title="bbox 217 551 2359 620; baseline -0.002 -14"><span class='ocrx_word' id='word_1_29' title='bbox 217 573 307 620; x_wconf 86' lang='lat' dir='ltr'>ego</span> <span class='ocrx_word' id='word_1_30' title='bbox 348 556 523 618; x_wconf 89' lang='lat' dir='ltr'>colligo</span> <span class='ocrx_word' id='word_1_31' title='bbox 561 553 665 602; x_wconf 91' lang='lat' dir='ltr'>illas</span> <span class='ocrx_word' id='word_1_32' title='bbox 702 553 903 609; x_wconf 78' lang='lat' dir='ltr'>litteraS‚</span> <span class='ocrx_word' id='word_1_33' title='bbox 944 559 992 601; x_wconf 91' lang='lat' dir='ltr'>et</span> <span class='ocrx_word' id='word_1_34' title='bbox 1030 557 1198 616; x_wconf 88' lang='lat' dir='ltr'>postea</span> <span class='ocrx_word' id='word_1_35' title='bbox 1236 553 1361 601; x_wconf 87' lang='lat' dir='ltr'>facio</span> <span class='ocrx_word' id='word_1_36' title='bbox 1398 566 1551 601; x_wconf 92' lang='lat' dir='ltr'>unum</span> <span class='ocrx_word' id='word_1_37' title='bbox 1588 551 1769 601; x_wconf 90' lang='lat' dir='ltr'>librum</span> <span class='ocrx_word' id='word_1_38' title='bbox 1809 568 1868 601; x_wconf 83' lang='lat' dir='ltr'>ex</span> <span class='ocrx_word' id='word_1_39' title='bbox 1905 552 2014 610; x_wconf 88' lang='lat' dir='ltr'>illis,</span> <span class='ocrx_word' id='word_1_40' title='bbox 2053 559 2099 603; x_wconf 91' lang='lat' dir='ltr'>et</span> <span class='ocrx_word' id='word_1_41' title='bbox 2126 555 2250 603; x_wconf 84' lang='lat' dir='ltr'>facio</span> <span class='ocrx_word' id='word_1_42' title='bbox 2277 569 2359 604; x_wconf 86' lang='lat' dir='ltr'>eas</span> 
     </span>
     <span class='ocr_line' id='line_1_5' title="bbox 214 635 2360 703; baseline -0 -15"><span class='ocrx_word' id='word_1_43' title='bbox 214 636 541 702; x_wconf 88' lang='lat' dir='ltr'>imprimere”.</span> <span class='ocrx_word' id='word_1_44' title='bbox 617 635 866 700; x_wconf 81' lang='lat' dir='ltr'>Respondi</span> <span class='ocrx_word' id='word_1_45' title='bbox 905 636 974 685; x_wconf 90' lang='lat' dir='ltr'>ei:</span> <span class='ocrx_word' id='word_1_46' title='bbox 1025 635 1186 692; x_wconf 91' lang='lat' dir='ltr'>„bene</span> <span class='ocrx_word' id='word_1_47' title='bbox 1223 636 1351 691; x_wconf 90' lang='lat' dir='ltr'>scio,</span> <span class='ocrx_word' id='word_1_48' title='bbox 1402 637 1514 699; x_wconf 88' lang='lat' dir='ltr'>quia</span> <span class='ocrx_word' id='word_1_49' title='bbox 1562 635 1659 684; x_wconf 90' lang='lat' dir='ltr'>vidi</span> <span class='ocrx_word' id='word_1_50' title='bbox 1703 635 1832 686; x_wconf 92' lang='lat' dir='ltr'>bene</span> <span class='ocrx_word' id='word_1_51' title='bbox 1869 652 2023 687; x_wconf 89' lang='lat' dir='ltr'>unum</span> <span class='ocrx_word' id='word_1_52' title='bbox 2059 636 2239 687; x_wconf 89' lang='lat' dir='ltr'>librum</span> <span class='ocrx_word' id='word_1_53' title='bbox 2278 639 2360 703; x_wconf 89' lang='lat' dir='ltr'>qui</span> 
     </span>
     <span class='ocr_line' id='line_1_6' title="bbox 213 718 2395 786; baseline -0 -15"><span class='ocrx_word' id='word_1_54' title='bbox 213 721 482 771; x_wconf 78' lang='lat' dir='ltr'>intitulatur</span> <span class='ocrx_word' id='word_1_55' title='bbox 502 719 718 784; x_wconf 74' lang='lat' dir='ltr'>Epistole</span> <span class='ocrx_word' id='word_1_56' title='bbox 741 719 1077 769; x_wconf 87' lang='lat' dir='ltr'>Obscurorum</span> <span class='ocrx_word' id='word_1_57' title='bbox 1104 721 1341 776; x_wconf 90' lang='lat' dir='ltr'>virorum,</span> <span class='ocrx_word' id='word_1_58' title='bbox 1364 724 1413 768; x_wconf 90' lang='lat' dir='ltr'>et</span> <span class='ocrx_word' id='word_1_59' title='bbox 1438 718 1643 768; x_wconf 89' lang='lat' dir='ltr'>multum</span> <span class='ocrx_word' id='word_1_60' title='bbox 1671 718 1879 769; x_wconf 85' lang='lat' dir='ltr'>delectat</span> <span class='ocrx_word' id='word_1_61' title='bbox 1903 736 1983 770; x_wconf 91' lang='lat' dir='ltr'>me</span> <span class='ocrx_word' id='word_1_62' title='bbox 2008 721 2204 784; x_wconf 85' lang='lat' dir='ltr'>quando</span> <span class='ocrx_word' id='word_1_63' title='bbox 2229 721 2354 786; x_wconf 90' lang='lat' dir='ltr'>lego,</span> <span class='ocrx_word' id='word_1_64' title='bbox 2373 739 2395 770; x_wconf 79' lang='lat'><strong>5</strong></span> 
     </span>
     <span class='ocr_line' id='line_1_7' title="bbox 215 801 2359 871; baseline -0 -16"><span class='ocrx_word' id='word_1_65' title='bbox 215 807 328 871; x_wconf 90' lang='lat' dir='ltr'>quia</span> <span class='ocrx_word' id='word_1_66' title='bbox 356 811 429 855; x_wconf 90' lang='lat' dir='ltr'>est</span> <span class='ocrx_word' id='word_1_67' title='bbox 455 803 736 853; x_wconf 89' lang='lat' dir='ltr'>notabiliter</span> <span class='ocrx_word' id='word_1_68' title='bbox 761 803 940 860; x_wconf 64' lang='lat' dir='ltr'>boum,</span> <span class='ocrx_word' id='word_1_69' title='bbox 980 803 1169 853; x_wconf 90' lang='lat' dir='ltr'>habens</span> <span class='ocrx_word' id='word_1_70' title='bbox 1193 804 1243 852; x_wconf 93' lang='lat' dir='ltr'>in</span> <span class='ocrx_word' id='word_1_71' title='bbox 1281 818 1334 852; x_wconf 94' lang='lat' dir='ltr'>se</span> <span class='ocrx_word' id='word_1_72' title='bbox 1360 803 1420 852; x_wconf 92' lang='lat' dir='ltr'>de</span> <span class='ocrx_word' id='word_1_73' title='bbox 1448 801 1610 853; x_wconf 88' lang='lat' dir='ltr'>multis</span> <span class='ocrx_word' id='word_1_74' title='bbox 1636 805 1855 854; x_wconf 88' lang='lat' dir='ltr'>materiis</span> <span class='ocrx_word' id='word_1_75' title='bbox 1880 804 2174 854; x_wconf 88' lang='lat' dir='ltr'>hincinde&#39;’.&#39;</span> <span class='ocrx_word' id='word_1_76' title='bbox 2211 805 2359 869; x_wconf 87' lang='lat' dir='ltr'>Ergo,</span> 
     </span>
     <span class='ocr_line' id='line_1_8' title="bbox 214 885 2361 954; baseline 0 -16"><span class='ocrx_word' id='word_1_77' title='bbox 214 890 445 954; x_wconf 80' lang='lat' dir='ltr'>Magister</span> <span class='ocrx_word' id='word_1_78' title='bbox 483 888 709 944; x_wconf 87' lang='lat' dir='ltr'>Ortvine‚</span> <span class='ocrx_word' id='word_1_79' title='bbox 759 902 881 951; x_wconf 86' lang='lat' dir='ltr'>rogo</span> <span class='ocrx_word' id='word_1_80' title='bbox 920 887 1193 937; x_wconf 87' lang='lat' dir='ltr'>Dominatio</span> <span class='ocrx_word' id='word_1_81' title='bbox 1242 893 1400 936; x_wconf 86' lang='lat' dir='ltr'>vestra</span> <span class='ocrx_word' id='word_1_82' title='bbox 1438 885 1551 936; x_wconf 89' lang='lat' dir='ltr'>velit</span> <span class='ocrx_word' id='word_1_83' title='bbox 1587 902 1666 936; x_wconf 90' lang='lat' dir='ltr'>me</span> <span class='ocrx_word' id='word_1_84' title='bbox 1713 887 1900 938; x_wconf 89' lang='lat' dir='ltr'>habere</span> <span class='ocrx_word' id='word_1_85' title='bbox 1947 889 2361 945; x_wconf 86' lang='lat' dir='ltr'>commendatum,</span> 
     </span>
     <span class='ocr_line' id='line_1_9' title="bbox 216 970 2432 1037; baseline 0 -16"><span class='ocrx_word' id='word_1_86' title='bbox 216 973 326 1037; x_wconf 90' lang='lat' dir='ltr'>quia</span> <span class='ocrx_word' id='word_1_87' title='bbox 354 988 460 1021; x_wconf 91' lang='lat' dir='ltr'>sum</span> <span class='ocrx_word' id='word_1_88' title='bbox 488 971 727 1021; x_wconf 89' lang='lat' dir='ltr'>mirabilis</span> <span class='ocrx_word' id='word_1_89' title='bbox 766 972 926 1022; x_wconf 83' lang='lat' dir='ltr'>fautor</span> <span class='ocrx_word' id='word_1_90' title='bbox 967 978 1138 1028; x_wconf 91' lang='lat' dir='ltr'>vester,</span> <span class='ocrx_word' id='word_1_91' title='bbox 1179 977 1227 1021; x_wconf 89' lang='lat' dir='ltr'>et</span> <span class='ocrx_word' id='word_1_92' title='bbox 1264 986 1374 1020; x_wconf 91' lang='lat' dir='ltr'>amo</span> <span class='ocrx_word' id='word_1_93' title='bbox 1415 986 1498 1020; x_wconf 85' lang='lat' dir='ltr'>vos</span> <span class='ocrx_word' id='word_1_94' title='bbox 1537 970 1908 1021; x_wconf 85' lang='lat' dir='ltr'>incredibiliter.</span> <span class='ocrx_word' id='word_1_95' title='bbox 1981 972 2138 1021; x_wconf 91' lang='lat' dir='ltr'>Etiam</span> <span class='ocrx_word' id='word_1_96' title='bbox 2177 972 2363 1022; x_wconf 88' lang='lat' dir='ltr'>debetis</span> <span class='ocrx_word' id='word_1_97' title='bbox 2429 1008 2432 1011; x_wconf 81' lang='lat'>-</span> 
     </span>
     <span class='ocr_line' id='line_1_10' title="bbox 215 1054 2362 1120; baseline 0 -15"><span class='ocrx_word' id='word_1_98' title='bbox 215 1072 296 1105; x_wconf 92' lang='lat' dir='ltr'>me</span> <span class='ocrx_word' id='word_1_99' title='bbox 344 1056 690 1106; x_wconf 84' lang='lat' dir='ltr'>commendare</span> <span class='ocrx_word' id='word_1_100' title='bbox 726 1056 934 1105; x_wconf 85' lang='lat' dir='ltr'>Iohanni</span> <span class='ocrx_word' id='word_1_101' title='bbox 970 1054 1279 1105; x_wconf 84' lang='lat' dir='ltr'>Pfefferkorn</span> <span class='ocrx_word' id='word_1_102' title='bbox 1325 1055 1574 1120; x_wconf 88' lang='lat' dir='ltr'>quondam</span> <span class='ocrx_word' id='word_1_103' title='bbox 1619 1054 1797 1120; x_wconf 72' lang='lat' dir='ltr'>ludeo,</span> <span class='ocrx_word' id='word_1_104' title='bbox 1844 1056 1930 1105; x_wconf 90' lang='lat' dir='ltr'>sed</span> <span class='ocrx_word' id='word_1_105' title='bbox 1979 1071 2110 1106; x_wconf 92' lang='lat' dir='ltr'>nunc</span> <span class='ocrx_word' id='word_1_106' title='bbox 2158 1056 2362 1106; x_wconf 83' lang='lat' dir='ltr'>feliciter</span> 
     </span>
     <span class='ocr_line' id='line_1_11' title="bbox 215 1138 2423 1205; baseline 0 -17"><span class='ocrx_word' id='word_1_107' title='bbox 215 1141 265 1188; x_wconf 92' lang='lat' dir='ltr'>in</span> <span class='ocrx_word' id='word_1_108' title='bbox 304 1139 493 1190; x_wconf 90' lang='lat' dir='ltr'>Christo</span> <span class='ocrx_word' id='word_1_109' title='bbox 531 1140 790 1205; x_wconf 77' lang='lat' dir='ltr'>baptizato,</span> <span class='ocrx_word' id='word_1_110' title='bbox 865 1139 1013 1189; x_wconf 91' lang='lat' dir='ltr'>Liber</span> <span class='ocrx_word' id='word_1_111' title='bbox 1050 1154 1170 1188; x_wconf 92' lang='lat' dir='ltr'>suus</span> <span class='ocrx_word' id='word_1_112' title='bbox 1207 1140 1289 1204; x_wconf 90' lang='lat' dir='ltr'>qui</span> <span class='ocrx_word' id='word_1_113' title='bbox 1326 1139 1597 1189; x_wconf 82' lang='lat' dir='ltr'>intitulatur</span> <span class='ocrx_word' id='word_1_114' title='bbox 1636 1139 1879 1189; x_wconf 80' lang='lat' dir='ltr'>‘Defensio</span> <span class='ocrx_word' id='word_1_115' title='bbox 1904 1138 2134 1190; x_wconf 91' lang='lat' dir='ltr'>Iohannis</span> <span class='ocrx_word' id='word_1_116' title='bbox 2159 1140 2361 1191; x_wconf 81' lang='lat' dir='ltr'>Pfetfer-</span> <span class='ocrx_word' id='word_1_117' title='bbox 2384 1150 2423 1203; x_wconf 68' lang='lat'>¹0</span> 
     </span>
     <span class='ocr_line' id='line_1_12' title="bbox 217 1222 2364 1289; baseline 0 -17"><span class='ocrx_word' id='word_1_118' title='bbox 217 1223 344 1273; x_wconf 87' lang='lat' dir='ltr'>korn</span> <span class='ocrx_word' id='word_1_119' title='bbox 383 1229 554 1273; x_wconf 88' lang='lat' dir='ltr'>contra</span> <span class='ocrx_word' id='word_1_120' title='bbox 591 1222 837 1273; x_wconf 88' lang='lat' dir='ltr'>Famosas&#39;</span> <span class='ocrx_word' id='word_1_121' title='bbox 876 1229 949 1272; x_wconf 91' lang='lat' dir='ltr'>est</span> <span class='ocrx_word' id='word_1_122' title='bbox 985 1223 1105 1272; x_wconf 91' lang='lat' dir='ltr'>mihi</span> <span class='ocrx_word' id='word_1_123' title='bbox 1142 1230 1365 1287; x_wconf 90' lang='lat' dir='ltr'>portatus</span> <span class='ocrx_word' id='word_1_124' title='bbox 1403 1239 1461 1273; x_wconf 88' lang='lat' dir='ltr'>ex</span> <span class='ocrx_word' id='word_1_125' title='bbox 1500 1222 1745 1279; x_wconf 86' lang='lat' dir='ltr'>Almania‚</span> <span class='ocrx_word' id='word_1_126' title='bbox 1795 1228 1844 1273; x_wconf 92' lang='lat' dir='ltr'>et</span> <span class='ocrx_word' id='word_1_127' title='bbox 1879 1223 1976 1287; x_wconf 84' lang='lat' dir='ltr'>legi</span> <span class='ocrx_word' id='word_1_128' title='bbox 2013 1239 2126 1274; x_wconf 91' lang='lat' dir='ltr'>eum</span> <span class='ocrx_word' id='word_1_129' title='bbox 2163 1240 2254 1289; x_wconf 93' lang='lat' dir='ltr'>per</span> <span class='ocrx_word' id='word_1_130' title='bbox 2290 1232 2364 1273; x_wconf 91' lang='lat' dir='ltr'>to-</span> 
     </span>
     <span class='ocr_line' id='line_1_13' title="bbox 217 1307 2365 1371; baseline 0.001 -16"><span class='ocrx_word' id='word_1_131' title='bbox 217 1313 346 1365; x_wconf 91' lang='lat' dir='ltr'>tum,</span> <span class='ocrx_word' id='word_1_132' title='bbox 387 1314 435 1357; x_wconf 88' lang='lat' dir='ltr'>et</span> <span class='ocrx_word' id='word_1_133' title='bbox 471 1309 654 1371; x_wconf 81' lang='lat' dir='ltr'>signavi</span> <span class='ocrx_word' id='word_1_134' title='bbox 690 1307 922 1358; x_wconf 89' lang='lat' dir='ltr'>notabilia</span> <span class='ocrx_word' id='word_1_135' title='bbox 961 1313 1010 1357; x_wconf 91' lang='lat' dir='ltr'>et</span> <span class='ocrx_word' id='word_1_136' title='bbox 1047 1308 1443 1358; x_wconf 87' lang='lat' dir='ltr'>Continuationes</span> <span class='ocrx_word' id='word_1_137' title='bbox 1480 1308 1530 1356; x_wconf 88' lang='lat' dir='ltr'>in</span> <span class='ocrx_word' id='word_1_138' title='bbox 1568 1308 1807 1371; x_wconf 85' lang='lat' dir='ltr'>margine.</span> <span class='ocrx_word' id='word_1_139' title='bbox 1881 1307 1944 1356; x_wconf 90' lang='lat' dir='ltr'>Et</span> <span class='ocrx_word' id='word_1_140' title='bbox 1979 1307 2185 1357; x_wconf 91' lang='lat' dir='ltr'>multum</span> <span class='ocrx_word' id='word_1_141' title='bbox 2224 1315 2365 1359; x_wconf 86' lang='lat' dir='ltr'>teneo</span> 
     </span>
     <span class='ocr_line' id='line_1_14' title="bbox 219 1390 2367 1457; baseline 0.001 -17"><span class='ocrx_word' id='word_1_142' title='bbox 219 1392 279 1440; x_wconf 90' lang='lat' dir='ltr'>de</span> <span class='ocrx_word' id='word_1_143' title='bbox 307 1391 388 1441; x_wconf 85' lang='lat' dir='ltr'>tali</span> <span class='ocrx_word' id='word_1_144' title='bbox 423 1391 567 1441; x_wconf 80' lang='lat' dir='ltr'>libro,</span> <span class='ocrx_word' id='word_1_145' title='bbox 643 1392 740 1441; x_wconf 89' lang='lat' dir='ltr'>Sed</span> <span class='ocrx_word' id='word_1_146' title='bbox 778 1390 966 1442; x_wconf 91' lang='lat' dir='ltr'>debetis</span> <span class='ocrx_word' id='word_1_147' title='bbox 1004 1392 1048 1441; x_wconf 89' lang='lat' dir='ltr'>ei</span> <span class='ocrx_word' id='word_1_148' title='bbox 1086 1393 1252 1442; x_wconf 89' lang='lat' dir='ltr'>dicere</span> <span class='ocrx_word' id='word_1_149' title='bbox 1290 1392 1419 1457; x_wconf 92' lang='lat' dir='ltr'>quod</span> <span class='ocrx_word' id='word_1_150' title='bbox 1460 1398 1532 1441; x_wconf 90' lang='lat' dir='ltr'>est</span> <span class='ocrx_word' id='word_1_151' title='bbox 1569 1391 1649 1441; x_wconf 91' lang='lat' dir='ltr'>hic</span> <span class='ocrx_word' id='word_1_152' title='bbox 1685 1407 1813 1442; x_wconf 92' lang='lat' dir='ltr'>unus</span> <span class='ocrx_word' id='word_1_153' title='bbox 1839 1391 2071 1441; x_wconf 87' lang='lat' dir='ltr'>Officialis</span> <span class='ocrx_word' id='word_1_154' title='bbox 2109 1394 2245 1457; x_wconf 76' lang='lat' dir='ltr'>curie</span> <span class='ocrx_word' id='word_1_155' title='bbox 2284 1393 2367 1456; x_wconf 89' lang='lat' dir='ltr'>qui</span> 
     </span>
     <span class='ocr_line' id='line_1_15' title="bbox 218 1475 2368 1542; baseline 0.001 -17"><span class='ocrx_word' id='word_1_156' title='bbox 218 1481 290 1525; x_wconf 90' lang='lat' dir='ltr'>est</span> <span class='ocrx_word' id='word_1_157' title='bbox 316 1475 733 1538; x_wconf 89' lang='lat' dir='ltr'>singularissimus</span> <span class='ocrx_word' id='word_1_158' title='bbox 759 1475 920 1526; x_wconf 80' lang='lat' dir='ltr'>fautor</span> <span class='ocrx_word' id='word_1_159' title='bbox 946 1476 1177 1525; x_wconf 87' lang='lat' dir='ltr'>Iohannis</span> <span class='ocrx_word' id='word_1_160' title='bbox 1202 1475 1462 1526; x_wconf 89' lang='lat' dir='ltr'>Reuchlin.</span> <span class='ocrx_word' id='word_1_161' title='bbox 1535 1475 1646 1542; x_wconf 92' lang='lat' dir='ltr'>Ipse</span> <span class='ocrx_word' id='word_1_162' title='bbox 1684 1475 1880 1539; x_wconf 89' lang='lat' dir='ltr'>collegit</span> <span class='ocrx_word' id='word_1_163' title='bbox 1905 1476 2096 1541; x_wconf 88' lang='lat' dir='ltr'>aliquos</span> <span class='ocrx_word' id='word_1_164' title='bbox 2134 1476 2368 1527; x_wconf 89' lang='lat' dir='ltr'>articulos</span> 
     </span>
     <span class='ocr_line' id='line_1_16' title="bbox 218 1558 2424 1624; baseline 0.002 -17"><span class='ocrx_word' id='word_1_165' title='bbox 218 1574 275 1608; x_wconf 88' lang='lat' dir='ltr'>ex</span> <span class='ocrx_word' id='word_1_166' title='bbox 313 1558 395 1607; x_wconf 88' lang='lat' dir='ltr'>tali</span> <span class='ocrx_word' id='word_1_167' title='bbox 431 1559 558 1608; x_wconf 90' lang='lat' dir='ltr'>libro</span> <span class='ocrx_word' id='word_1_168' title='bbox 585 1559 813 1609; x_wconf 84' lang='lat' dir='ltr'>Iohannis</span> <span class='ocrx_word' id='word_1_169' title='bbox 839 1559 1164 1617; x_wconf 83' lang='lat' dir='ltr'>Pfefferkorn,</span> <span class='ocrx_word' id='word_1_170' title='bbox 1205 1566 1252 1609; x_wconf 91' lang='lat' dir='ltr'>et</span> <span class='ocrx_word' id='word_1_171' title='bbox 1288 1559 1389 1609; x_wconf 92' lang='lat' dir='ltr'>vult</span> <span class='ocrx_word' id='word_1_172' title='bbox 1426 1559 1642 1624; x_wconf 89' lang='lat' dir='ltr'>probare</span> <span class='ocrx_word' id='word_1_173' title='bbox 1679 1560 1810 1624; x_wconf 88' lang='lat' dir='ltr'>quod</span> <span class='ocrx_word' id='word_1_174' title='bbox 1846 1561 1897 1609; x_wconf 92' lang='lat' dir='ltr'>in</span> <span class='ocrx_word' id='word_1_175' title='bbox 1934 1559 2113 1610; x_wconf 88' lang='lat' dir='ltr'>talibus</span> <span class='ocrx_word' id='word_1_176' title='bbox 2150 1561 2367 1611; x_wconf 89' lang='lat' dir='ltr'>articulis</span> <span class='ocrx_word' id='word_1_177' title='bbox 2385 1569 2424 1623; x_wconf 57' lang='grc' dir='ltr'>βξ</span> 
     </span>
     <span class='ocr_line' id='line_1_17' title="bbox 217 1643 2368 1709; baseline 0.002 -19"><span class='ocrx_word' id='word_1_178' title='bbox 217 1644 392 1706; x_wconf 88' lang='lat' dir='ltr'>partim</span> <span class='ocrx_word' id='word_1_179' title='bbox 433 1649 508 1702; x_wconf 82' lang='lat' dir='ltr'>est</span> <span class='ocrx_word' id='word_1_180' title='bbox 542 1644 743 1707; x_wconf 78' lang='lat' dir='ltr'>heresis,</span> <span class='ocrx_word' id='word_1_181' title='bbox 781 1644 959 1709; x_wconf 88' lang='lat' dir='ltr'>partim</span> <span class='ocrx_word' id='word_1_182' title='bbox 987 1644 1185 1694; x_wconf 90' lang='lat' dir='ltr'>Crimen</span> <span class='ocrx_word' id='word_1_183' title='bbox 1210 1643 1309 1708; x_wconf 73' lang='lat' dir='ltr'>lese</span> <span class='ocrx_word' id='word_1_184' title='bbox 1348 1644 1628 1693; x_wconf 66' lang='lat' dir='ltr'>maiestatis</span> <span class='ocrx_word' id='word_1_185' title='bbox 1702 1643 1763 1692; x_wconf 90' lang='lat' dir='ltr'>Et</span> <span class='ocrx_word' id='word_1_186' title='bbox 1801 1644 1917 1693; x_wconf 89' lang='lat' dir='ltr'>dicit</span> <span class='ocrx_word' id='word_1_187' title='bbox 1954 1644 2082 1708; x_wconf 84' lang='lat' dir='ltr'>quod</span> <span class='ocrx_word' id='word_1_188' title='bbox 2113 1644 2212 1694; x_wconf 90' lang='lat' dir='ltr'>vult</span> <span class='ocrx_word' id='word_1_189' title='bbox 2236 1646 2368 1709; x_wconf 90' lang='lat' dir='ltr'>quod</span> 
     </span>
     <span class='ocr_line' id='line_1_18' title="bbox 217 1727 2368 1794; baseline 0.002 -20"><span class='ocrx_word' id='word_1_190' title='bbox 217 1728 299 1775; x_wconf 87' lang='lat' dir='ltr'>fiat</span> <span class='ocrx_word' id='word_1_191' title='bbox 336 1727 583 1790; x_wconf 87' lang='lat' dir='ltr'>inquisitio</span> <span class='ocrx_word' id='word_1_192' title='bbox 623 1734 790 1777; x_wconf 86' lang='lat' dir='ltr'>contra</span> <span class='ocrx_word' id='word_1_193' title='bbox 831 1729 1063 1777; x_wconf 89' lang='lat' dir='ltr'>loannem</span> <span class='ocrx_word' id='word_1_194' title='bbox 1100 1727 1407 1778; x_wconf 81' lang='lat' dir='ltr'>Pfefferkorn</span> <span class='ocrx_word' id='word_1_195' title='bbox 1449 1727 1510 1777; x_wconf 90' lang='lat' dir='ltr'>de</span> <span class='ocrx_word' id='word_1_196' title='bbox 1548 1727 1711 1791; x_wconf 75' lang='lat' dir='ltr'>heresi</span> <span class='ocrx_word' id='word_1_197' title='bbox 1749 1733 1797 1777; x_wconf 91' lang='lat' dir='ltr'>et</span> <span class='ocrx_word' id='word_1_198' title='bbox 1834 1728 2048 1778; x_wconf 87' lang='lat' dir='ltr'>Crimine</span> <span class='ocrx_word' id='word_1_199' title='bbox 2084 1727 2184 1794; x_wconf 75' lang='lat' dir='ltr'>lese</span> <span class='ocrx_word' id='word_1_200' title='bbox 2221 1729 2368 1779; x_wconf 83' lang='lat' dir='ltr'>Maie-</span> 
     </span>
     <span class='ocr_line' id='line_1_19' title="bbox 217 1810 2370 1876; baseline 0.002 -18"><span class='ocrx_word' id='word_1_201' title='bbox 217 1811 369 1859; x_wconf 88' lang='lat' dir='ltr'>statis.</span> <span class='ocrx_word' id='word_1_202' title='bbox 446 1810 580 1859; x_wconf 88' lang='lat' dir='ltr'>Mitto</span> <span class='ocrx_word' id='word_1_203' title='bbox 619 1811 757 1860; x_wconf 91' lang='lat' dir='ltr'>vobis</span> <span class='ocrx_word' id='word_1_204' title='bbox 794 1811 874 1861; x_wconf 89' lang='lat' dir='ltr'>hic</span> <span class='ocrx_word' id='word_1_205' title='bbox 912 1826 1058 1860; x_wconf 90' lang='lat' dir='ltr'>unam</span> <span class='ocrx_word' id='word_1_206' title='bbox 1097 1811 1379 1861; x_wconf 88' lang='lat' dir='ltr'>schedulam</span> <span class='ocrx_word' id='word_1_207' title='bbox 1419 1813 1468 1860; x_wconf 93' lang='lat' dir='ltr'>in</span> <span class='ocrx_word' id='word_1_208' title='bbox 1507 1827 1600 1876; x_wconf 88' lang='lat' dir='ltr'>qua</span> <span class='ocrx_word' id='word_1_209' title='bbox 1640 1811 1924 1861; x_wconf 90' lang='lat' dir='ltr'>scribuntur</span> <span class='ocrx_word' id='word_1_210' title='bbox 1961 1811 2030 1862; x_wconf 90' lang='lat' dir='ltr'>illi</span> <span class='ocrx_word' id='word_1_211' title='bbox 2067 1812 2281 1871; x_wconf 89' lang='lat' dir='ltr'>articuli,</span> <span class='ocrx_word' id='word_1_212' title='bbox 2322 1820 2370 1864; x_wconf 88' lang='lat' dir='ltr'>et.</span> 
     </span>
     <span class='ocr_line' id='line_1_20' title="bbox 218 1894 2367 1961; baseline 0.003 -19"><span class='ocrx_word' id='word_1_213' title='bbox 218 1899 575 1958; x_wconf 88' lang='lat' dir='ltr'>consequenter</span> <span class='ocrx_word' id='word_1_214' title='bbox 603 1901 774 1944; x_wconf 85' lang='lat' dir='ltr'>contra</span> <span class='ocrx_word' id='word_1_215' title='bbox 802 1896 932 1958; x_wconf 90' lang='lat' dir='ltr'>ipsos</span> <span class='ocrx_word' id='word_1_216' title='bbox 959 1894 1236 1945; x_wconf 90' lang='lat' dir='ltr'>Solutiones</span> <span class='ocrx_word' id='word_1_217' title='bbox 1264 1910 1384 1960; x_wconf 89' lang='lat' dir='ltr'>quas</span> <span class='ocrx_word' id='word_1_218' title='bbox 1410 1909 1502 1958; x_wconf 91' lang='lat' dir='ltr'>ego</span> <span class='ocrx_word' id='word_1_219' title='bbox 1539 1894 1798 1959; x_wconf 86' lang='lat' dir='ltr'>replicavi:</span> <span class='ocrx_word' id='word_1_220' title='bbox 1838 1897 1950 1960; x_wconf 89' lang='lat' dir='ltr'>quia</span> <span class='ocrx_word' id='word_1_221' title='bbox 1989 1897 2230 1961; x_wconf 87' lang='lat' dir='ltr'>disputavi</span> <span class='ocrx_word' id='word_1_222' title='bbox 2255 1914 2367 1948; x_wconf 82' lang='lat' dir='ltr'>cuni</span> 
     </span>
     <span class='ocr_line' id='line_1_21' title="bbox 214 1969 2425 2045; baseline 0.004 -21"><span class='ocrx_word' id='word_1_223' title='bbox 214 1975 300 2025; x_wconf 88' lang='lat' dir='ltr'>illo</span> <span class='ocrx_word' id='word_1_224' title='bbox 340 1976 546 2026; x_wconf 82' lang='lat' dir='ltr'>officiali</span> <span class='ocrx_word' id='word_1_225' title='bbox 585 1985 633 2027; x_wconf 91' lang='lat' dir='ltr'>et</span> <span class='ocrx_word' id='word_1_226' title='bbox 670 1979 867 2031; x_wconf 89' lang='lat' dir='ltr'>defendi</span> <span class='ocrx_word' id='word_1_227' title='bbox 891 1979 1122 2028; x_wconf 86' lang='lat' dir='ltr'>Ioannem</span> <span class='ocrx_word' id='word_1_228' title='bbox 1150 1978 1457 2029; x_wconf 78' lang='lat' dir='ltr'>Pfetferkorn</span> <span class='ocrx_word' id='word_1_229' title='bbox 1493 1994 1587 2045; x_wconf 91' lang='lat' dir='ltr'>pro</span> <span class='ocrx_word' id='word_1_230' title='bbox 1624 1994 1768 2045; x_wconf 89' lang='lat' dir='ltr'>posse</span> <span class='ocrx_word' id='word_1_231' title='bbox 1807 1995 1932 2030; x_wconf 92' lang='lat' dir='ltr'>meo.</span> <span class='ocrx_word' id='word_1_232' title='bbox 2006 1969 2067 2030; x_wconf 88' lang='lat' dir='ltr'>Et</span> <span class='ocrx_word' id='word_1_233' title='bbox 2103 1982 2175 2031; x_wconf 90' lang='lat' dir='ltr'>sic</span> <span class='ocrx_word' id='word_1_234' title='bbox 2212 1981 2425 2032; x_wconf 78' lang='lat' dir='ltr'>valete2⁰</span> 
     </span>
     <span class='ocr_line' id='line_1_22' title="bbox 218 2059 2113 2126; baseline 0.003 -16"><span class='ocrx_word' id='word_1_235' title='bbox 218 2059 409 2111; x_wconf 86' lang='lat' dir='ltr'>habens</span> <span class='ocrx_word' id='word_1_236' title='bbox 446 2077 526 2111; x_wconf 91' lang='lat' dir='ltr'>me</span> <span class='ocrx_word' id='word_1_237' title='bbox 564 2077 654 2126; x_wconf 83' lang='lat' dir='ltr'>pro</span> <span class='ocrx_word' id='word_1_238' title='bbox 694 2068 810 2111; x_wconf 92' lang='lat' dir='ltr'>noto</span> <span class='ocrx_word' id='word_1_239' title='bbox 850 2070 899 2112; x_wconf 90' lang='lat' dir='ltr'>et</span> <span class='ocrx_word' id='word_1_240' title='bbox 934 2063 1103 2112; x_wconf 86' lang='lat' dir='ltr'>Amico</span> <span class='ocrx_word' id='word_1_241' title='bbox 1143 2066 1320 2113; x_wconf 86' lang='lat' dir='ltr'>vestro&#39;.</span> <span class='ocrx_word' id='word_1_242' title='bbox 1395 2064 1571 2114; x_wconf 89' lang='lat' dir='ltr'>Datum</span> <span class='ocrx_word' id='word_1_243' title='bbox 1607 2065 1657 2113; x_wconf 92' lang='lat' dir='ltr'>in</span> <span class='ocrx_word' id='word_1_244' title='bbox 1695 2064 1839 2114; x_wconf 90' lang='lat' dir='ltr'>Curia</span> <span class='ocrx_word' id='word_1_245' title='bbox 1877 2064 2113 2115; x_wconf 84' lang='lat' dir='ltr'>Romana.</span> 
     </span>
    </p>
   </div>
   <div class='ocr_carea' id='block_1_3' title="bbox 389 2216 2422 2786">
    <p class='ocr_par' dir='ltr' id='par_1_3' title="bbox 389 2216 2422 2786">
     <span class='ocr_line' id='line_1_23' title="bbox 389 2216 2190 2269; baseline 0.003 -6"><span class='ocrx_word' id='word_1_246' title='bbox 389 2216 430 2263; x_wconf 73' lang='grc' dir='ltr'>(Ι</span> <span class='ocrx_word' id='word_1_247' title='bbox 468 2216 744 2266; x_wconf 86' lang='lat' dir='ltr'>Articuli</span> <span class='ocrx_word' id='word_1_248' title='bbox 793 2220 1067 2268; x_wconf 87' lang='lat' dir='ltr'>extracti</span> <span class='ocrx_word' id='word_1_249' title='bbox 1112 2219 1183 2268; x_wconf 95' lang='lat' dir='ltr'>de</span> <span class='ocrx_word' id='word_1_250' title='bbox 1230 2217 1397 2267; x_wconf 90' lang='lat' dir='ltr'>libro</span> <span class='ocrx_word' id='word_1_251' title='bbox 1435 2218 1736 2267; x_wconf 80' lang='lat' dir='ltr'>Iohannis</span> <span class='ocrx_word' id='word_1_252' title='bbox 1773 2218 2190 2269; x_wconf 82' lang='lat' dir='ltr'>Pfefferkorn</span> 
     </span>
     <span class='ocr_line' id='line_1_24' title="bbox 526 2301 2056 2367; baseline 0.003 -19"><span class='ocrx_word' id='word_1_253' title='bbox 526 2307 746 2350; x_wconf 89' lang='lat' dir='ltr'>contra</span> <span class='ocrx_word' id='word_1_254' title='bbox 784 2301 1098 2351; x_wconf 90' lang='lat' dir='ltr'>Reuchlin</span> <span class='ocrx_word' id='word_1_255' title='bbox 1137 2309 1192 2351; x_wconf 95' lang='lat' dir='ltr'>et</span> <span class='ocrx_word' id='word_1_256' title='bbox 1240 2302 1536 2367; x_wconf 85' lang='lat' dir='ltr'>quosdam</span> <span class='ocrx_word' id='word_1_257' title='bbox 1576 2301 2056 2353; x_wconf 88' lang='lat' dir='ltr'>Reuchlinistas</span> 
     </span>
     <span class='ocr_line' id='line_1_25' title="bbox 605 2384 1562 2451; baseline -0.003 -14"><span class='ocrx_word' id='word_1_258' title='bbox 605 2384 607 2387; x_wconf 71' lang='grc'><strong>’</strong></span> <span class='ocrx_word' id='word_1_259' title='bbox 1007 2387 1090 2451; x_wconf 90' lang='lat' dir='ltr'>qui</span> <span class='ocrx_word' id='word_1_260' title='bbox 1126 2385 1252 2436; x_wconf 92' lang='lat' dir='ltr'>liber</span> <span class='ocrx_word' id='word_1_261' title='bbox 1290 2385 1562 2435; x_wconf 89' lang='lat' dir='ltr'>intitulatur</span> 
     </span>
     <span class='ocr_line' id='line_1_26' title="bbox 445 2467 2422 2524; baseline 0.003 -7"><span class='ocrx_word' id='word_1_262' title='bbox 445 2468 735 2519; x_wconf 89' lang='lat' dir='ltr'>Defensio</span> <span class='ocrx_word' id='word_1_263' title='bbox 774 2470 1076 2520; x_wconf 89' lang='lat' dir='ltr'>Iohannis</span> <span class='ocrx_word' id='word_1_264' title='bbox 1114 2469 1520 2520; x_wconf 87' lang='lat' dir='ltr'>Pfefferkorn</span> <span class='ocrx_word' id='word_1_265' title='bbox 1559 2467 1783 2521; x_wconf 87' lang='lat' dir='ltr'>contra</span> <span class='ocrx_word' id='word_1_266' title='bbox 1821 2471 2127 2523; x_wconf 85' lang='lat' dir='ltr'>Famosas.</span> <span class='ocrx_word' id='word_1_267' title='bbox 2379 2491 2422 2524; x_wconf 74' lang='lat'>25</span> 
     </span>
     <span class='ocr_line' id='line_1_27' title="bbox 638 2553 1942 2620; baseline 0.002 -18"><span class='ocrx_word' id='word_1_268' title='bbox 638 2554 698 2602; x_wconf 92' lang='lat' dir='ltr'>Et</span> <span class='ocrx_word' id='word_1_269' title='bbox 733 2563 846 2604; x_wconf 91' lang='lat' dir='ltr'>sunt</span> <span class='ocrx_word' id='word_1_270' title='bbox 882 2554 1000 2604; x_wconf 87' lang='lat' dir='ltr'>tales</span> <span class='ocrx_word' id='word_1_271' title='bbox 1037 2554 1239 2604; x_wconf 86' lang='lat' dir='ltr'>Articuli</span> <span class='ocrx_word' id='word_1_272' title='bbox 1275 2570 1302 2604; x_wconf 89' lang='lat' dir='ltr'>a</span> <span class='ocrx_word' id='word_1_273' title='bbox 1340 2553 1686 2605; x_wconf 89' lang='lat' dir='ltr'>Reuchlinistis</span> <span class='ocrx_word' id='word_1_274' title='bbox 1724 2558 1942 2620; x_wconf 89' lang='lat' dir='ltr'>excerpti</span> 
     </span>
     <span class='ocr_line' id='line_1_28' title="bbox 482 2638 2105 2705; baseline 0.003 -20"><span class='ocrx_word' id='word_1_275' title='bbox 482 2652 572 2700; x_wconf 88' lang='lat' dir='ltr'>pro</span> <span class='ocrx_word' id='word_1_276' title='bbox 612 2638 841 2702; x_wconf 78' lang='lat' dir='ltr'>hereticis</span> <span class='ocrx_word' id='word_1_277' title='bbox 879 2644 926 2690; x_wconf 92' lang='lat' dir='ltr'>et</span> <span class='ocrx_word' id='word_1_278' title='bbox 963 2638 1256 2689; x_wconf 91' lang='lat' dir='ltr'>habentibus</span> <span class='ocrx_word' id='word_1_279' title='bbox 1293 2640 1342 2689; x_wconf 91' lang='lat' dir='ltr'>in</span> <span class='ocrx_word' id='word_1_280' title='bbox 1380 2655 1434 2689; x_wconf 89' lang='lat' dir='ltr'>se</span> <span class='ocrx_word' id='word_1_281' title='bbox 1471 2638 1669 2690; x_wconf 88' lang='lat' dir='ltr'>Crimen</span> <span class='ocrx_word' id='word_1_282' title='bbox 1705 2639 1804 2705; x_wconf 72' lang='lat' dir='ltr'>lese</span> <span class='ocrx_word' id='word_1_283' title='bbox 1842 2641 2105 2690; x_wconf 84' lang='lat' dir='ltr'>maiestatis</span> 
     </span>
     <span class='ocr_line' id='line_1_29' title="bbox 548 2723 2028 2786; baseline 0.003 -16"><span class='ocrx_word' id='word_1_284' title='bbox 548 2723 680 2786; x_wconf 90' lang='lat' dir='ltr'>quod</span> <span class='ocrx_word' id='word_1_285' title='bbox 719 2723 911 2774; x_wconf 88' lang='lat' dir='ltr'>fovente</span> <span class='ocrx_word' id='word_1_286' title='bbox 949 2723 1041 2773; x_wconf 91' lang='lat' dir='ltr'>deo</span> <span class='ocrx_word' id='word_1_287' title='bbox 1078 2738 1178 2773; x_wconf 92' lang='lat' dir='ltr'>non</span> <span class='ocrx_word' id='word_1_288' title='bbox 1216 2728 1290 2773; x_wconf 90' lang='lat' dir='ltr'>est</span> <span class='ocrx_word' id='word_1_289' title='bbox 1325 2738 1419 2774; x_wconf 90' lang='lat' dir='ltr'>nec</span> <span class='ocrx_word' id='word_1_290' title='bbox 1456 2724 1547 2774; x_wconf 88' lang='lat' dir='ltr'>fuit</span> <span class='ocrx_word' id='word_1_291' title='bbox 1583 2739 1675 2774; x_wconf 91' lang='lat' dir='ltr'>nec</span> <span class='ocrx_word' id='word_1_292' title='bbox 1712 2726 1805 2775; x_wconf 92' lang='lat' dir='ltr'>erit</span> <span class='ocrx_word' id='word_1_293' title='bbox 1842 2740 2028 2775; x_wconf 90' lang='lat' dir='ltr'>verum.</span> 
     </span>
    </p>
   </div>
   <div class='ocr_carea' id='block_1_4' title="bbox 939 2849 1633 2900">
    <p class='ocr_par' dir='ltr' id='par_1_4' title="bbox 939 2849 1633 2900">
     <span class='ocr_line' id='line_1_30' title="bbox 939 2849 1633 2900; baseline 0.003 -2"><span class='ocrx_word' id='word_1_294' title='bbox 939 2850 982 2898; x_wconf 80' lang='lat' dir='ltr'>(l</span> <span class='ocrx_word' id='word_1_295' title='bbox 1018 2850 1260 2900; x_wconf 91' lang='lat' dir='ltr'>Primus</span> <span class='ocrx_word' id='word_1_296' title='bbox 1297 2849 1633 2900; x_wconf 81' lang='lat' dir='ltr'>ArticuluS.</span> 
     </span>
    </p>
   </div>
   <div class='ocr_carea' id='block_1_5' title="bbox 209 2946 2432 3434">
    <p class='ocr_par' dir='ltr' id='par_1_5' title="bbox 209 2946 2434 3434">
     <span class='ocr_line' id='line_1_31' title="bbox 351 2946 2421 3015; baseline 0.005 -22"><span class='ocrx_word' id='word_1_297' title='bbox 351 2946 392 2992; x_wconf 71' lang='lat' dir='ltr'>(t</span> <span class='ocrx_word' id='word_1_298' title='bbox 429 2947 564 2997; x_wconf 85' lang='lat' dir='ltr'>Dicit</span> <span class='ocrx_word' id='word_1_299' title='bbox 600 2948 968 3010; x_wconf 75' lang='lat' dir='ltr'>Reuchlinista,</span> <span class='ocrx_word' id='word_1_300' title='bbox 1009 2951 1146 3011; x_wconf 83' lang='lat' dir='ltr'>qaod</span> <span class='ocrx_word' id='word_1_301' title='bbox 1180 2951 1402 2999; x_wconf 88' lang='lat' dir='ltr'>Ioannes</span> <span class='ocrx_word' id='word_1_302' title='bbox 1425 2949 1757 3013; x_wconf 80' lang='lat' dir='ltr'>Pfefferkorn</span> <span class='ocrx_word' id='word_1_303' title='bbox 1795 2952 1848 3000; x_wconf 91' lang='lat' dir='ltr'>in</span> <span class='ocrx_word' id='word_1_304' title='bbox 1885 2952 2015 3001; x_wconf 84' lang='lat' dir='ltr'>libro</span> <span class='ocrx_word' id='word_1_305' title='bbox 2051 2967 2140 3001; x_wconf 83' lang='lat' dir='ltr'>sao</span> <span class='ocrx_word' id='word_1_306' title='bbox 2177 2956 2268 3015; x_wconf 81' lang='lat' dir='ltr'>qui</span> <span class='ocrx_word' id='word_1_307' title='bbox 2289 2957 2421 3002; x_wconf 59' lang='grc' dir='ltr'>ἐπι-30</span> 
     </span>
     <span class='ocr_line' id='line_1_32' title="bbox 210 3031 2432 3105; baseline 0.005 -29"><span class='ocrx_word' id='word_1_308' title='bbox 210 3031 444 3078; x_wconf 77' lang='lat' dir='ltr'>titulatur</span> <span class='ocrx_word' id='word_1_309' title='bbox 485 3031 740 3090; x_wconf 79' lang='lat' dir='ltr'>‘Defensio</span> <span class='ocrx_word' id='word_1_310' title='bbox 776 3034 986 3082; x_wconf 90' lang='lat' dir='ltr'>Ioannis</span> <span class='ocrx_word' id='word_1_311' title='bbox 1022 3033 1355 3096; x_wconf 77' lang='lat' dir='ltr'>Pfefferkorn</span> <span class='ocrx_word' id='word_1_312' title='bbox 1403 3040 1584 3083; x_wconf 85' lang='lat' dir='ltr'>contra</span> <span class='ocrx_word' id='word_1_313' title='bbox 1623 3033 1886 3095; x_wconf 84' lang='lat' dir='ltr'>famosas&#39;‚</span> <span class='ocrx_word' id='word_1_314' title='bbox 1937 3037 1990 3084; x_wconf 91' lang='lat' dir='ltr'>in</span> <span class='ocrx_word' id='word_1_315' title='bbox 2028 3037 2261 3098; x_wconf 79' lang='lat' dir='ltr'>Epistola</span> <span class='ocrx_word' id='word_1_316' title='bbox 2298 3039 2369 3087; x_wconf 83' lang='lat' dir='ltr'>ad</span> <span class='ocrx_word' id='word_1_317' title='bbox 2429 3098 2432 3105; x_wconf 32' lang='grc' dir='ltr'>Ι</span> 
     </span>
     <span class='ocr_line' id='line_1_33' title="bbox 212 3112 2364 3178; baseline 0.006 -20"><span class='ocrx_word' id='word_1_318' title='bbox 212 3112 585 3163; x_wconf 84' lang='lat' dir='ltr'>Sanctissimam</span> <span class='ocrx_word' id='word_1_319' title='bbox 621 3118 873 3167; x_wconf 83' lang='lat' dir='ltr'>dominum</span> <span class='ocrx_word' id='word_1_320' title='bbox 909 3119 1174 3167; x_wconf 82' lang='lat' dir='ltr'>Dominum</span> <span class='ocrx_word' id='word_1_321' title='bbox 1200 3118 1412 3168; x_wconf 81' lang='lat' dir='ltr'>Leonem</span> <span class='ocrx_word' id='word_1_322' title='bbox 1451 3124 1560 3167; x_wconf 88' lang='lat' dir='ltr'>.etc.</span> <span class='ocrx_word' id='word_1_323' title='bbox 1602 3119 1891 3178; x_wconf 79' lang='lat' dir='ltr'>Pontificem</span> <span class='ocrx_word' id='word_1_324' title='bbox 1917 3121 2201 3169; x_wconf 75' lang='lat' dir='ltr'>Maximum</span> <span class='ocrx_word' id='word_1_325' title='bbox 2238 3124 2364 3171; x_wconf 83' lang='lat' dir='ltr'>blas·</span> 
     </span>
     <span class='ocr_line' id='line_1_34' title="bbox 209 3197 2366 3272; baseline 0.005 -29"><span class='ocrx_word' id='word_1_326' title='bbox 209 3197 414 3255; x_wconf 75' lang='lat' dir='ltr'>phemat</span> <span class='ocrx_word' id='word_1_327' title='bbox 451 3203 498 3245; x_wconf 90' lang='lat' dir='ltr'>et</span> <span class='ocrx_word' id='word_1_328' title='bbox 534 3203 792 3250; x_wconf 74' lang='lat' dir='ltr'>committit</span> <span class='ocrx_word' id='word_1_329' title='bbox 819 3203 1015 3250; x_wconf 83' lang='lat' dir='ltr'>Crimen</span> <span class='ocrx_word' id='word_1_330' title='bbox 1052 3203 1152 3272; x_wconf 67' lang='lat' dir='ltr'>lese</span> <span class='ocrx_word' id='word_1_331' title='bbox 1185 3203 1463 3251; x_wconf 88' lang='lat' dir='ltr'>maiestatis</span> <span class='ocrx_word' id='word_1_332' title='bbox 1500 3203 1812 3264; x_wconf 84' lang='lat' dir='ltr'>appellando</span> <span class='ocrx_word' id='word_1_333' title='bbox 1850 3205 2046 3266; x_wconf 82' lang='lat' dir='ltr'>Papam</span> <span class='ocrx_word' id='word_1_334' title='bbox 2083 3207 2366 3272; x_wconf 80' lang='lat' dir='ltr'>ministram</span> 
     </span>
     <span class='ocr_line' id='line_1_35' title="bbox 214 3281 2366 3352; baseline 0.006 -27"><span class='ocrx_word' id='word_1_335' title='bbox 214 3281 416 3339; x_wconf 78' lang='lat' dir='ltr'>domini,</span> <span class='ocrx_word' id='word_1_336' title='bbox 448 3284 594 3340; x_wconf 80' lang='lat' dir='ltr'>quasi</span> <span class='ocrx_word' id='word_1_337' title='bbox 615 3285 679 3331; x_wconf 90' lang='lat' dir='ltr'>sit</span> <span class='ocrx_word' id='word_1_338' title='bbox 696 3284 918 3345; x_wconf 82' lang='lat' dir='ltr'>femina,</span> <span class='ocrx_word' id='word_1_339' title='bbox 960 3289 1090 3335; x_wconf 82' lang='lat' dir='ltr'>sicat</span> <span class='ocrx_word' id='word_1_340' title='bbox 1113 3287 1325 3347; x_wconf 73' lang='lat' dir='ltr'>leqimas</span> <span class='ocrx_word' id='word_1_341' title='bbox 1350 3288 1486 3347; x_wconf 83' lang='lat' dir='ltr'>quod</span> <span class='ocrx_word' id='word_1_342' title='bbox 1519 3289 1669 3335; x_wconf 85' lang='lat' dir='ltr'>semel</span> <span class='ocrx_word' id='word_1_343' title='bbox 1705 3302 1808 3336; x_wconf 84' lang='lat' dir='ltr'>ana</span> <span class='ocrx_word' id='word_1_344' title='bbox 1838 3288 2038 3348; x_wconf 84' lang='lat' dir='ltr'>femina</span> <span class='ocrx_word' id='word_1_345' title='bbox 2067 3287 2175 3348; x_wconf 82' lang='lat' dir='ltr'>fuit</span> <span class='ocrx_word' id='word_1_346' title='bbox 2189 3304 2366 3352; x_wconf 87' lang='lat' dir='ltr'>papa:</span> 
     </span>
     <span class='ocr_line' id='line_1_36' title="bbox 211 3363 2419 3434; baseline 0.005 -25"><span class='ocrx_word' id='word_1_347' title='bbox 211 3363 298 3411; x_wconf 88' lang='lat' dir='ltr'>Sic</span> <span class='ocrx_word' id='word_1_348' title='bbox 342 3365 471 3411; x_wconf 90' lang='lat' dir='ltr'>enim</span> <span class='ocrx_word' id='word_1_349' title='bbox 518 3368 719 3427; x_wconf 76' lang='lat' dir='ltr'>scripsit</span> <span class='ocrx_word' id='word_1_350' title='bbox 763 3370 867 3430; x_wconf 57' lang='grc' dir='ltr'>Αἱ).</span> <span class='ocrx_word' id='word_1_351' title='bbox 905 3371 998 3419; x_wconf 87' lang='lat' dir='ltr'>col.</span> <span class='ocrx_word' id='word_1_352' title='bbox 1037 3372 1070 3419; x_wconf 90' lang='lat' dir='ltr'>i.</span> <span class='ocrx_word' id='word_1_353' title='bbox 1084 3386 1101 3418; x_wconf 91' lang='grc'>.·</span> <span class='ocrx_word' id='word_1_354' title='bbox 1162 3369 1343 3419; x_wconf 83' lang='lat' dir='ltr'>‘Taam</span> <span class='ocrx_word' id='word_1_355' title='bbox 1389 3372 1558 3432; x_wconf 82' lang='lat' dir='ltr'>itaque</span> <span class='ocrx_word' id='word_1_356' title='bbox 1601 3373 1945 3434; x_wconf 83' lang='lat' dir='ltr'>sanctitatem,</span> <span class='ocrx_word' id='word_1_357' title='bbox 1996 3374 2130 3422; x_wconf 82' lang='lat' dir='ltr'>velut</span> <span class='ocrx_word' id='word_1_358' title='bbox 2175 3374 2419 3423; x_wconf 68' lang='lat' dir='ltr'>dominias</span> 
     </span>
    </p>
   </div>
   <div class='ocr_carea' id='block_1_6' title="bbox 211 3485 2364 3748">
    <p class='ocr_par' dir='ltr' id='par_1_6' title="bbox 211 3485 2364 3748">
     <span class='ocr_line' id='line_1_37' title="bbox 327 3485 2360 3549; baseline 0.008 -24"><span class='ocrx_word' id='word_1_359' title='bbox 327 3485 338 3512; x_wconf 90' lang='lat'><strong>¹</strong></span> <span class='ocrx_word' id='word_1_360' title='bbox 374 3516 384 3526; x_wconf 94' lang='lat'><strong><em>.</em></strong></span> <span class='ocrx_word' id='word_1_361' title='bbox 409 3487 530 3536; x_wconf 79' lang='lat' dir='ltr'>Quia</span> <span class='ocrx_word' id='word_1_362' title='bbox 551 3490 590 3528; x_wconf 87' lang='grc'>4.</span> <span class='ocrx_word' id='word_1_363' title='bbox 604 3493 644 3529; x_wconf 89' lang='grc'>5.</span> <span class='ocrx_word' id='word_1_364' title='bbox 732 3490 750 3516; x_wconf 99' lang='grc'>2</span> <span class='ocrx_word' id='word_1_365' title='bbox 784 3523 794 3532; x_wconf 88' lang='grc'><strong>.</strong></span> <span class='ocrx_word' id='word_1_366' title='bbox 816 3494 876 3534; x_wconf 88' lang='lat' dir='ltr'>Et</span> <span class='ocrx_word' id='word_1_367' title='bbox 898 3497 937 3536; x_wconf 83' lang='grc'>4.</span> <span class='ocrx_word' id='word_1_368' title='bbox 1023 3493 1041 3519; x_wconf 81' lang='lat'>³</span> <span class='ocrx_word' id='word_1_369' title='bbox 1071 3492 1167 3535; x_wconf 71' lang='lat' dir='ltr'>lfas</span> <span class='ocrx_word' id='word_1_370' title='bbox 1190 3498 1281 3536; x_wconf 86' lang='grc'><strong><em>4.5.</em></strong></span> <span class='ocrx_word' id='word_1_371' title='bbox 1369 3495 1387 3521; x_wconf 91' lang='grc'>2</span> <span class='ocrx_word' id='word_1_372' title='bbox 1418 3526 1428 3537; x_wconf 93' lang='grc'><strong>.</strong></span> <span class='ocrx_word' id='word_1_373' title='bbox 1451 3495 1630 3549; x_wconf 73' lang='lat' dir='ltr'>respodi</span> <span class='ocrx_word' id='word_1_374' title='bbox 1651 3499 1690 3540; x_wconf 88' lang='lat'>5.</span> <span class='ocrx_word' id='word_1_375' title='bbox 1777 3496 1797 3522; x_wconf 85' lang='lat'>⁷</span> <span class='ocrx_word' id='word_1_376' title='bbox 1824 3498 1885 3538; x_wconf 88' lang='lat' dir='ltr'>M.</span> <span class='ocrx_word' id='word_1_377' title='bbox 1908 3499 2004 3540; x_wconf 59' lang='lat'><strong><em>45.</em></strong></span> <span class='ocrx_word' id='word_1_378' title='bbox 2089 3496 2107 3523; x_wconf 80' lang='lat'>⁹</span> <span class='ocrx_word' id='word_1_379' title='bbox 2135 3498 2299 3540; x_wconf 81' lang='lat' dir='ltr'>Ioanni</span> <span class='ocrx_word' id='word_1_380' title='bbox 2321 3501 2360 3542; x_wconf 90' lang='grc'>5.</span> 
     </span>
     <span class='ocr_line' id='line_1_38' title="bbox 216 3556 2364 3622; baseline 0.006 -27"><span class='ocrx_word' id='word_1_381' title='bbox 216 3556 422 3609; x_wconf 66' lang='lat' dir='ltr'>feliciter</span> <span class='ocrx_word' id='word_1_382' title='bbox 452 3560 493 3597; x_wconf 91' lang='lat'><strong><em>5.</em></strong></span> <span class='ocrx_word' id='word_1_383' title='bbox 603 3557 638 3584; x_wconf 92' lang='lat'>¹⁰</span> <span class='ocrx_word' id='word_1_384' title='bbox 668 3560 732 3603; x_wconf 87' lang='lat'><strong><em>10.</em></strong></span> <span class='ocrx_word' id='word_1_385' title='bbox 756 3565 796 3601; x_wconf 89' lang='lat'><strong><em>5.</em></strong></span> <span class='ocrx_word' id='word_1_386' title='bbox 903 3561 938 3588; x_wconf 78' lang='lat'>1³</span> <span class='ocrx_word' id='word_1_387' title='bbox 968 3562 1061 3616; x_wconf 89' lang='lat' dir='ltr'>hic]</span> <span class='ocrx_word' id='word_1_388' title='bbox 1094 3563 1136 3604; x_wconf 88' lang='lat' dir='ltr'>h&#39;</span> <span class='ocrx_word' id='word_1_389' title='bbox 1170 3567 1210 3604; x_wconf 85' lang='lat'><strong><em>4.</em></strong></span> <span class='ocrx_word' id='word_1_390' title='bbox 1235 3569 1349 3606; x_wconf 83' lang='lat' dir='ltr'>omis.</span> <span class='ocrx_word' id='word_1_391' title='bbox 1372 3569 1414 3606; x_wconf 89' lang='lat'>5.</span> <span class='ocrx_word' id='word_1_392' title='bbox 1480 3563 1538 3613; x_wconf 73' lang='lat'>‚¹4</span> <span class='ocrx_word' id='word_1_393' title='bbox 1566 3566 1756 3607; x_wconf 86' lang='lat' dir='ltr'>Ioannis</span> <span class='ocrx_word' id='word_1_394' title='bbox 1786 3569 1828 3607; x_wconf 88' lang='grc'>5.</span> <span class='ocrx_word' id='word_1_395' title='bbox 1917 3564 1954 3593; x_wconf 78' lang='lat'>¹⁵</span> <span class='ocrx_word' id='word_1_396' title='bbox 1981 3567 2132 3608; x_wconf 66' lang='lat' dir='ltr'>Iofinis</span> <span class='ocrx_word' id='word_1_397' title='bbox 2170 3567 2298 3622; x_wconf 83' lang='lat' dir='ltr'>pfeff.</span> <span class='ocrx_word' id='word_1_398' title='bbox 2321 3571 2364 3608; x_wconf 90' lang='lat'><strong><em>5.</em></strong></span> 
     </span>
     <span class='ocr_line' id='line_1_39' title="bbox 215 3623 2360 3682; baseline 0.006 -16"><span class='ocrx_word' id='word_1_399' title='bbox 215 3623 249 3650; x_wconf 90' lang='lat'>¹⁷</span> <span class='ocrx_word' id='word_1_400' title='bbox 280 3627 315 3667; x_wconf 94' lang='lat'><strong><em>1.</em></strong></span> <span class='ocrx_word' id='word_1_401' title='bbox 337 3627 389 3666; x_wconf 91' lang='lat' dir='ltr'>P.</span> <span class='ocrx_word' id='word_1_402' title='bbox 413 3628 452 3668; x_wconf 82' lang='lat'><strong><em>4.</em></strong></span> <span class='ocrx_word' id='word_1_403' title='bbox 483 3626 579 3668; x_wconf 83' lang='lat' dir='ltr'>loa.</span> <span class='ocrx_word' id='word_1_404' title='bbox 601 3628 699 3670; x_wconf 82' lang='lat' dir='ltr'>Pfe.</span> <span class='ocrx_word' id='word_1_405' title='bbox 723 3633 763 3669; x_wconf 86' lang='lat'><strong><em>5.</em></strong></span> <span class='ocrx_word' id='word_1_406' title='bbox 828 3630 860 3656; x_wconf 75' lang='lat'>¹⁹</span> <span class='ocrx_word' id='word_1_407' title='bbox 891 3632 951 3681; x_wconf 66' lang='lat'>(22</span> <span class='ocrx_word' id='word_1_408' title='bbox 974 3634 1013 3671; x_wconf 83' lang='lat'><strong><em>4.</em></strong></span> <span class='ocrx_word' id='word_1_409' title='bbox 1048 3662 1058 3672; x_wconf 91' lang='lat'><strong><em>.</em></strong></span> <span class='ocrx_word' id='word_1_410' title='bbox 1084 3634 1204 3682; x_wconf 78' lang='lat' dir='ltr'>Quia</span> <span class='ocrx_word' id='word_1_411' title='bbox 1225 3637 1266 3676; x_wconf 90' lang='lat'><strong><em>5.</em></strong></span> <span class='ocrx_word' id='word_1_412' title='bbox 1324 3633 1362 3660; x_wconf 84' lang='lat'>²⁰</span> <span class='ocrx_word' id='word_1_413' title='bbox 1391 3636 1427 3675; x_wconf 91' lang='grc' dir='ltr'>Ι.</span> <span class='ocrx_word' id='word_1_414' title='bbox 1449 3637 1501 3678; x_wconf 91' lang='grc' dir='ltr'>Ρ.</span> <span class='ocrx_word' id='word_1_415' title='bbox 1525 3638 1565 3675; x_wconf 86' lang='grc'>4.</span> <span class='ocrx_word' id='word_1_416' title='bbox 1597 3635 1661 3678; x_wconf 92' lang='lat' dir='ltr'>Io.</span> <span class='ocrx_word' id='word_1_417' title='bbox 1681 3636 1784 3676; x_wconf 86' lang='lat' dir='ltr'>Pfe.</span> <span class='ocrx_word' id='word_1_418' title='bbox 1806 3640 1848 3677; x_wconf 90' lang='lat'><strong><em>5.</em></strong></span> <span class='ocrx_word' id='word_1_419' title='bbox 1906 3635 1942 3662; x_wconf 84' lang='lat'>²¹</span> <span class='ocrx_word' id='word_1_420' title='bbox 1970 3637 2055 3678; x_wconf 81' lang='lat' dir='ltr'>Ro.</span> <span class='ocrx_word' id='word_1_421' title='bbox 2079 3639 2122 3678; x_wconf 80' lang='lat'><strong><em>4.</em></strong></span> <span class='ocrx_word' id='word_1_422' title='bbox 2180 3637 2296 3680; x_wconf 83' lang='lat' dir='ltr'>Rho.</span> <span class='ocrx_word' id='word_1_423' title='bbox 2317 3641 2360 3678; x_wconf 84' lang='lat'><strong><em>5.</em></strong></span> 
     </span>
     <span class='ocr_line' id='line_1_40' title="bbox 211 3694 2362 3748; baseline 0.005 -13"><span class='ocrx_word' id='word_1_424' title='bbox 211 3694 248 3721; x_wconf 89' lang='grc'>22</span> <span class='ocrx_word' id='word_1_425' title='bbox 277 3696 343 3737; x_wconf 90' lang='lat' dir='ltr'>Io.</span> <span class='ocrx_word' id='word_1_426' title='bbox 366 3696 503 3736; x_wconf 84' lang='lat' dir='ltr'>Pfeff.</span> <span class='ocrx_word' id='word_1_427' title='bbox 528 3698 567 3736; x_wconf 85' lang='lat'><strong><em>4.</em></strong></span> <span class='ocrx_word' id='word_1_428' title='bbox 617 3696 683 3738; x_wconf 93' lang='lat' dir='ltr'>Io.</span> <span class='ocrx_word' id='word_1_429' title='bbox 705 3699 757 3739; x_wconf 90' lang='lat' dir='ltr'>P.</span> <span class='ocrx_word' id='word_1_430' title='bbox 782 3703 822 3739; x_wconf 91' lang='lat'>5.</span> <span class='ocrx_word' id='word_1_431' title='bbox 929 3699 965 3725; x_wconf 81' lang='lat'>²⁵</span> <span class='ocrx_word' id='word_1_432' title='bbox 994 3702 1057 3743; x_wconf 92' lang='lat'><strong><em>10.</em></strong></span> <span class='ocrx_word' id='word_1_433' title='bbox 1078 3702 1213 3742; x_wconf 84' lang='lat' dir='ltr'>Pfeff.</span> <span class='ocrx_word' id='word_1_434' title='bbox 1236 3706 1278 3746; x_wconf 85' lang='lat'><strong><em>4.</em></strong></span> <span class='ocrx_word' id='word_1_435' title='bbox 1326 3704 1393 3744; x_wconf 92' lang='lat' dir='ltr'>Io.</span> <span class='ocrx_word' id='word_1_436' title='bbox 1415 3704 1469 3744; x_wconf 90' lang='lat' dir='ltr'><strong><em>P.</em></strong></span> <span class='ocrx_word' id='word_1_437' title='bbox 1490 3708 1531 3744; x_wconf 85' lang='lat'><strong><em>5.</em></strong></span> <span class='ocrx_word' id='word_1_438' title='bbox 1637 3704 1674 3730; x_wconf 84' lang='lat'>²⁷</span> <span class='ocrx_word' id='word_1_439' title='bbox 1704 3705 1797 3746; x_wconf 84' lang='lat' dir='ltr'>lese</span> <span class='ocrx_word' id='word_1_440' title='bbox 1830 3708 1874 3747; x_wconf 76' lang='lat'><strong><em>4.</em></strong></span> <span class='ocrx_word' id='word_1_441' title='bbox 1979 3705 2018 3733; x_wconf 81' lang='lat'>²⁸</span> <span class='ocrx_word' id='word_1_442' title='bbox 2047 3708 2236 3748; x_wconf 80' lang='lat' dir='ltr'>fouente</span> <span class='ocrx_word' id='word_1_443' title='bbox 2268 3709 2362 3747; x_wconf 60' lang='lat'>45.</span> 
     </span>
    </p>
   </div>
   <div class='ocr_carea' id='block_1_7' title="bbox 210 3765 2361 3891">
    <p class='ocr_par' dir='ltr' id='par_1_7' title="bbox 210 3765 2361 3891">
     <span class='ocr_line' id='line_1_41' title="bbox 210 3765 2361 3820; baseline 0.006 -13"><span class='ocrx_word' id='word_1_444' title='bbox 210 3765 248 3792; x_wconf 82' lang='lat'>³⁰</span> <span class='ocrx_word' id='word_1_445' title='bbox 277 3766 312 3809; x_wconf 92' lang='lat' dir='ltr'><strong><em>I.</em></strong></span> <span class='ocrx_word' id='word_1_446' title='bbox 332 3768 384 3808; x_wconf 92' lang='lat' dir='ltr'>P.</span> <span class='ocrx_word' id='word_1_447' title='bbox 407 3769 499 3811; x_wconf 80' lang='lat'><strong><em>4.5.</em></strong></span> <span class='ocrx_word' id='word_1_448' title='bbox 580 3765 613 3793; x_wconf 79' lang='lat'>³¹</span> <span class='ocrx_word' id='word_1_449' title='bbox 644 3768 711 3809; x_wconf 89' lang='lat' dir='ltr'>Io.</span> <span class='ocrx_word' id='word_1_450' title='bbox 734 3768 784 3812; x_wconf 88' lang='lat' dir='ltr'>P.</span> <span class='ocrx_word' id='word_1_451' title='bbox 808 3771 900 3810; x_wconf 83' lang='grc'><strong><em>4-5.</em></strong></span> <span class='ocrx_word' id='word_1_452' title='bbox 960 3768 997 3795; x_wconf 77' lang='grc'>32</span> <span class='ocrx_word' id='word_1_453' title='bbox 1027 3769 1184 3813; x_wconf 63' lang='lat' dir='ltr'>sactis.</span> <span class='ocrx_word' id='word_1_454' title='bbox 1206 3772 1247 3813; x_wconf 89' lang='lat' dir='ltr'>d.</span> <span class='ocrx_word' id='word_1_455' title='bbox 1268 3773 1325 3812; x_wconf 92' lang='lat' dir='ltr'><strong><em>D.</em></strong></span> <span class='ocrx_word' id='word_1_456' title='bbox 1350 3775 1390 3815; x_wconf 81' lang='lat'><strong><em>4.</em></strong></span> <span class='ocrx_word' id='word_1_457' title='bbox 1421 3772 1553 3814; x_wconf 81' lang='lat' dir='ltr'>Sc&#39;tis.</span> <span class='ocrx_word' id='word_1_458' title='bbox 1575 3774 1631 3817; x_wconf 92' lang='lat' dir='ltr'><strong><em>D.</em></strong></span> <span class='ocrx_word' id='word_1_459' title='bbox 1653 3775 1808 3817; x_wconf 69' lang='lat' dir='ltr'>Leone</span> <span class='ocrx_word' id='word_1_460' title='bbox 1829 3789 1890 3820; x_wconf 63' lang='grc' dir='ltr'>αἱ.</span> <span class='ocrx_word' id='word_1_461' title='bbox 1912 3780 1954 3818; x_wconf 85' lang='grc'>5.</span> <span class='ocrx_word' id='word_1_462' title='bbox 2031 3776 2152 3818; x_wconf 71' lang='lat' dir='ltr'>Poti.</span> <span class='ocrx_word' id='word_1_463' title='bbox 2173 3776 2296 3817; x_wconf 82' lang='lat' dir='ltr'>Max.</span> <span class='ocrx_word' id='word_1_464' title='bbox 2319 3777 2361 3819; x_wconf 80' lang='lat'><strong><em>4.</em></strong></span> 
     </span>
     <span class='ocr_line' id='line_1_42' title="bbox 211 3834 959 3891; baseline 0.001 -14"><span class='ocrx_word' id='word_1_465' title='bbox 211 3837 324 3879; x_wconf 91' lang='lat' dir='ltr'>Pon.</span> <span class='ocrx_word' id='word_1_466' title='bbox 344 3837 467 3877; x_wconf 82' lang='lat' dir='ltr'>Max.</span> <span class='ocrx_word' id='word_1_467' title='bbox 489 3841 529 3879; x_wconf 90' lang='lat'><strong><em>5.</em></strong></span> <span class='ocrx_word' id='word_1_468' title='bbox 609 3834 654 3863; x_wconf 63' lang='lat'>‘³⁵</span> <span class='ocrx_word' id='word_1_469' title='bbox 685 3837 771 3879; x_wconf 89' lang='lat' dir='ltr'>col.</span> <span class='ocrx_word' id='word_1_470' title='bbox 793 3837 841 3891; x_wconf 86' lang='lat' dir='ltr'>ij.</span> <span class='ocrx_word' id='word_1_471' title='bbox 868 3841 906 3881; x_wconf 75' lang='lat'><strong><em>4.</em></strong></span> <span class='ocrx_word' id='word_1_472' title='bbox 919 3843 959 3880; x_wconf 89' lang='lat'><strong><em>5.</em></strong></span> 
     </span>
    </p>
   </div>
   <div class='ocr_carea' id='block_1_8' title="bbox 435 3457 548 3462">
    <p class='ocr_par' dir='ltr' id='par_1_8' title="bbox 435 3457 548 3462">
     <span class='ocr_line' id='line_1_43' title="bbox 435 3457 548 3462; baseline 0 0"><span class='ocrx_word' id='word_1_473' title='bbox 435 3457 548 3462; x_wconf 95' lang='lat' dir='ltr'> </span> 
     </span>
    </p>
   </div>
  </div>
 </body>
</html>
