2456 4264
228 211 380 252 XXIV
705 213 846 242 INDEX
866 212 1020 241 nonviu
1043 211 1143 246 QvAE
1164 211 1252 239 noc
1275 209 1510 239 vonvmnn
1533 206 1870 236 connnnnrvss.

2265 330 2351 372 Pag.

370 405 479 450 alios
519 417 657 448 novos
706 407 937 449 auctores,
989 413 1069 444 nee
1116 403 1219 457 post
1267 397 1463 456 quinque
1514 394 1764 439 studiorum
1810 406 1950 439 annos
1997 407 2103 454 pro·

372 481 626 522 innoventur:
668 474 814 529 itaque
853 476 1060 528 parentes
1099 466 1282 512 inutiles
1321 466 1572 511 studiorum
1611 477 1828 523 expensas
1865 463 2103 523 denegant,

359 530 757 600 ‘studiosorumque
795 551 1007 585 numerus
1046 538 1210 596 ubique
1235 538 1396 581 misere
1422 535 1654 581 decrescit.
1708 533 1827 592 Ergo
1853 540 2103 593 poetarum,

368 614 442 673 qui
482 611 609 672 pauci
648 616 765 660 sunt,
807 610 1011 654 interitus
1050 621 1073 652 a
1110 607 1193 652 deo
1233 606 1483 652 exorandus
1523 612 1615 656 est,
1654 616 1708 648 ne
1747 609 1816 650 tot
1841 604 2105 650 universita-

369 691 434 729 tes
471 687 667 743 pereant.

230 784 310 832 47.
351 777 640 827 Benedictus
679 775 737 823 de
776 774 943 823 Scocia
982 771 1179 821 Ortvino
1219 770 1400 819 Grati0.
1546 769 1723 818 Sundis
1763 767 2040 835 [?SuolliS.]
2090 807 2102 817 .
2141 768 2353 820 259..’.26,1

368 850 622 911 Respondet
658 864 736 894 cur
772 847 1086 908 praedicatores
1125 845 1343 903 grossiori
1382 857 1492 889 voce
1539 857 1671 903 quam
1717 844 1856 887 ceteri
1905 843 2106 901 religiosi

370 928 571 972 cantent;
613 927 703 964 tum
743 925 892 964 utrum
932 932 967 962 s.
1008 917 1199 962 Thomas
1237 929 1290 960 an
1330 929 1363 959 s.
1392 913 1647 959 Dominicus
1687 914 1885 959 sanctior
1921 914 1980 958 sit
2017 913 2106 958 dis·

371 998 509 1053 putat.
584 989 740 1035 deinde
787 988 837 1033 ad
887 988 1179 1047 quaestionem
1226 985 1279 1030 de
1315 983 1604 1044 Pepericorni
1651 984 1697 1027 in
1734 982 1822 1028 fide
1857 983 2106 1030 Christiana

370 1062 614 1108 constantia
662 1060 916 1104 narratione
963 1058 1015 1102 de
1061 1057 1225 1101 decano
1265 1053 1518 1100 Coloniensi
1555 1053 1780 1113 quomodo
1819 1053 1856 1099 is
1893 1053 2107 1114 exemplis

371 1133 423 1177 de
460 1144 566 1176 caue
604 1145 701 1176 cum
740 1130 892 1189 lepore
930 1135 975 1173 et
1013 1127 1064 1172 de
1102 1133 1222 1172 catto
1261 1139 1360 1171 cum
1398 1137 1525 1170 mure
1563 1125 1752 1185 sumptis
1790 1131 1996 1170 naturam
2034 1139 2108 1170 ex-

374 1202 477 1261 pelli
514 1215 601 1246 non
640 1213 772 1259 posse
799 1199 1127 1247 demonstravit,
1167 1203 1211 1241 et
1245 1196 1299 1240 de
1317 1195 1410 1249 ⁴alio
1439 1195 1516 1254 qui
1542 1193 1734 1255 lapidem
1759 1194 1964 1240 bullienti
1992 1210 2107 1255 aqua

372 1270 742 1331 liquefaciendum
789 1269 1002 1318 iusserat,
1049 1267 1237 1314 Iudaeum
1276 1280 1516 1325 numquam
1555 1264 1641 1310 fide
1679 1279 1759 1311 sua
1797 1264 1969 1331 abiecta·
2003 1280 2107 1311 vere

371 1341 667 1386 Christianum
706 1339 798 1384 fieri
837 1338 1047 1384 ostendit.
1120 1337 1309 1396 denique
1357 1337 1542 1396 propria
1589 1335 1768 1382 nomina
1816 1334 1979 1397 plurali
2026 1351 2108 1382 nu-

372 1426 494 1457 mero
533 1419 578 1455 et
614 1424 764 1456 carere
801 1417 845 1454 et
882 1423 970 1454 non
1009 1421 1162 1454 carere
1200 1408 1394 1467 exponit.

234 1511 315 1561 48.
355 1506 594 1557 lohannes
630 1504 750 1570 Kalp
790 1504 989 1554 Ortvino
1028 1503 1206 1552 Gratio.
1351 1501 1582 1551 Romanae
1621 1501 1792 1552 Curiae.
1851 1567 1854 1573 Ι
1915 1541 1926 1551 .
2002 1541 2012 1551 .
2091 1542 2102 1552 .
2141 1509 2239 1551 261.
2278 1509 2360 1550 262

368 1580 485 1626 Nova
521 1593 697 1639 semper
733 1580 927 1639 captanti
953 1579 1133 1623 Ortvino
1174 1578 1367 1637 scriptor
1404 1577 1496 1621 suis
1534 1577 1631 1637 ipse
1668 1575 1863 1636 negotiis
1901 1576 2010 1622 satis
2035 1591 2110 1623 oc·

370 1657 584 1711 cupatus,
625 1664 680 1695 ne
719 1652 762 1694 in
800 1656 1030 1709 posterum
1070 1648 1230 1693 iterum
1271 1649 1523 1707 iterumque
1561 1646 1635 1692 ille
1675 1648 2003 1699 sciscitaretur,
2053 1647 2108 1693 de

370 1719 559 1766 mirabili
598 1719 796 1770 animali,
847 1719 1037 1779 Elephas
1076 1718 1215 1768 dicto,
1264 1717 1494 1768 rescribit,
1543 1717 1663 1778 quod
1710 1733 1825 1779 papa
1863 1718 1907 1764 in
1946 1731 2107 1778 magno

370 1791 541 1836 honore
579 1790 755 1840 habuit,
795 1790 870 1834 sed
910 1790 1029 1849 quod
1066 1788 1288 1834 infirmum
1328 1788 1492 1834 factum
1530 1789 1685 1835 medici
1724 1803 1809 1835 nec
1832 1789 2109 1849 pretiosissi-

371 1863 452 1906 mis
490 1859 817 1906 medicamentis
856 1861 1110 1906 catharticis
1150 1873 1326 1905 servare
1364 1866 1627 1919 potuerunt,
1666 1859 1744 1906 sed
1769 1865 1999 1906 mortuum
2025 1867 2108 1910 est,

372 1938 430 1975 ‘et
465 1946 579 1991 papa
616 1930 804 1976 multum
844 1930 965 1976 dolet
1003 1943 1138 1990 super
1162 1926 1383 1990 Elephas’.
1427 1931 1537 1975 Tum
1575 1930 1630 1976 de
1668 1943 1777 1991 pace
1813 1931 1933 1976 inter
1959 1930 2109 1978 Galliae

370 2001 682 2062 Hispaniaeque
728 2015 858 2060 reges
907 2001 1037 2051 inita,
1087 2000 1216 2045 dubia
1266 2000 1472 2061 quidem,
1521 2001 1598 2046 sed
1637 2001 1691 2047 de
1729 2015 1818 2062 qua
1853 2015 1944 2048 non
1981 2007 2129 2052 curat,

369 2073 583 2131 scriptor,
623 2072 788 2132 quippe
827 2073 902 2132 qui
939 2073 983 2116 in
1021 2072 1210 2131 patriam
1251 2085 1513 2118 reversurus
1551 2072 1771 2119 rusticum
1810 2072 2109 2119 sacerdotium

369 2142 451 2187 sibi
490 2148 694 2202 exoptat,
743 2142 869 2187 cuius
916 2142 1105 2202 lepidam
1145 2142 1383 2202 imaginem
1423 2144 1552 2202 quasi
1588 2142 1828 2190 bucolicon
1867 2145 1960 2190 sive
1998 2142 2110 2204 idyl-

368 2211 476 2258 lium
515 2212 762 2258 adumbrat.

231 2298 312 2347 49.
352 2292 602 2357 Philippus
640 2293 851 2342 Sartoris
899 2293 958 2342 de
996 2294 1216 2343 Erfordia
1257 2294 1458 2344 Ortvino
1498 2294 1681 2345 Gratio.
1846 2310 1904 2344 ex
1942 2294 2110 2344 Roma.
2280 2303 2362 2345 263

369 2367 426 2411 De
451 2366 632 2411 Erasmo
659 2367 978 2416 Roterodamo,
1019 2367 1116 2413 eius
1153 2368 1204 2413 ad
1242 2382 1400 2430 papam
1440 2369 1632 2429 epistula
1658 2368 1952 2416 Reuchlinum
1991 2384 2111 2415 com·
2347 2367 2354 2373 “

371 2437 605 2481 mandante
642 2444 685 2480 et
710 2435 830 2482 Novo
868 2444 1160 2489 testamento,
1201 2440 1425 2486 haereseos
1463 2455 1485 2486 a
1525 2441 1744 2500 magistro
1783 2454 1818 2486 s,
1846 2438 2002 2501 palatii
2040 2456 2111 2486 ac-

373 2507 592 2556 cusando,
632 2513 676 2551 et
711 2507 765 2551 de
789 2507 948 2559 Moria,
989 2523 1118 2568 quam
1145 2509 1418 2556 parisienses
1445 2510 1712 2557 comburere
1736 2510 1909 2556 volunt.
1967 2510 2113 2558 Hoch-

373 2578 502 2621 strati
552 2592 683 2622 causa
729 2577 865 2628 ridet,
915 2582 1111 2638 quamvis
1155 2581 1342 2627 Ioannes
1378 2581 1508 2627 Wick
1555 2588 1600 2627 et
1647 2581 1864 2627 Martinus
1913 2581 2145 2643 Groning¹

372 2646 559 2691 multum
599 2647 908 2698 adversentur,
957 2664 1145 2709 quorum
1194 2651 1318 2696 illum
1366 2652 1523 2703 minis,
1571 2653 1690 2698 hunc
1734 2651 2051 2713 largitionibus
2089 2667 2113 2698 a

373 2716 838 2831 partibgiseuehlini
876 2719 971 2765 fore
1007 2728 1059 2766 ut
1096 2720 1324 2769 abstrahat
1349 2723 1650 2770 Hoehstratus
1689 2737 1814 2784 spem
1853 2737 1979 2770 suam
2005 2725 2115 2770 scri-

375 2794 478 2846 ptor
543 2801 590 2833 ec
612 2794 720 2833 arat.

237 2870 320 2919 50.
350 2866 548 2916 Adolsus
568 2867 814 2932 Clingesor
835 2869 1032 2920 OrtVIno
1054 2873 1234 2922 Gratio,
1345 2874 1709 2925 Franckfordiae
1733 2875 1861 2940 apud
1882 2874 2108 2927 Oderam.
2149 2882 2367 2925 264...266

372 2942 534 2986 Contra
577 2941 940 3003 Lichtenbergeri
987 2945 1355 3005 Pepericorniana
1401 2950 1669 2996 Defensione
1715 2952 1955 3012 repetitam
2001 2952 2110 2996 vati-

374 3012 665 3062 cinationem,
714 3028 843 3072 quam
884 3015 1082 3075 scriptor
1119 3018 1292 3063 cuidam
1330 3020 1584 3067 adversario
1622 3021 1869 3068 Berolinati
1907 3021 2115 3068 ostende-

375 3088 464 3131 rat,
504 3083 540 3125 is
578 3081 703 3128 aliam
742 3097 793 3128 ex
831 3085 1056 3145 Sophonia
1094 3102 1176 3146 pro
1215 3089 1460 3135 Reuchlino
1499 3092 1734 3138 facientem
1771 3093 1972 3153 profert,
2012 3107 2113 3154 quae

378 3150 690 3209 theologorum
729 3152 967 3200 stultitiam
1006 3171 1056 3202 ac
1093 3158 1354 3210 ruditatem,
1392 3175 1494 3207 vere
1532 3162 1772 3209 doctorum
1810 3165 2023 3215 virorum,
2064 3170 2115 3208 ut

376 3219 558 3271 Erasmi,
596 3221 838 3274 Reuchlini,
876 3225 1073 3276 Mutiani‚
1112 3227 1316 3281 aliorum,
1355 3230 1407 3275 de
1445 3233 1632 3279 ecclesia
1669 3233 1784 3280 bene
1809 3235 1967 3280 merita
1993 3248 2114 3280 eom-

376 3290 549 3349 probet.
591 3298 682 3336 tum
720 3293 864 3352 ipsum
901 3294 1327 3358 Lichtenbergernm
1366 3309 1519 3347 contra
1557 3304 1797 3365 theologos
1824 3305 2114 3351 Colonienses

378 3361 520 3405 facere
558 3362 764 3407 ostendit.
820 3364 973 3424 ltaque
1001 3366 1284 3413 Colonienses
1323 3378 1374 3415 ut
1408 3380 1564 3419 contra
1590 3375 1729 3419 istum
1765 3374 1880 3421 male
1905 3375 2116 3422 Christia-

374 3443 479 3475 num
515 3439 716 3490 pugnent
751 3434 950 3480 stimulat
986 3435 1129 3482 bonus
1166 3439 1448 3498 praedicator.

238 3530 319 3577 51.
358 3524 599 3574 lohannes
626 3525 883 3584 Helferich,
912 3529 1079 3579 Latine
1105 3531 1332 3596 Iuppiter,
1362 3535 1576 3585 Ortvino.
1686 3541 1918 3590 Romanae
1935 3541 2108 3591 Curiae.
2149 3548 2245 3590 267.
2286 3547 2369 3588 268

375 3598 489 3643 lovis
527 3612 684 3643 nomen
725 3599 807 3644 sibi
846 3616 869 3646 a
907 3602 1063 3648 Sibuto
1102 3606 1287 3651 inditum
1326 3621 1449 3659 esse,
1489 3611 1542 3654 de
1580 3627 1668 3671 quo
1707 3614 1894 3675 eiusque
1932 3622 2146 3675 octoge-.

377 3669 496 3713 naria
536 3668 628 3713 scre
667 3683 803 3714 uxore
841 3672 1049 3718 refertur.
1123 3675 1232 3720 Tum
1281 3677 1333 3722 de
1371 3682 1563 3738 pessima
1600 3683 1733 3728 huius
1773 3685 1923 3732 saeculi
1962 3686 2116 3732 condi-

375 3738 504 3783 cione
533 3738 967 3801 increln·esecutique
994 3742 1308 3790 haereticorum
1335 3748 1634 3801 multitudine,
1662 3754 1779 3798 inter
1805 3770 1918 3814 quos
1943 3756 2117 3802 Reuch-

375 3807 509 3860 linus,
547 3808 770 3860 Erasmus,
811 3809 1049 3858 Bilibaldus
1087 3817 1235 3861 nescio
1276 3818 1390 3876 quis,
1431 3819 1667 3872 lluttenus,
1706 3824 1936 3876 Eusebius,
1975 3826 2116 3871 Wim-
