2456 4264
130 2932 142 2947 ῃ
215 2903 492 2949 nativitatis
530 2901 737 2961 Christi,
779 2903 939 2962 maqis
974 2917 1040 2950 ex
1067 2909 1313 2964 precepto
1350 2917 1500 2964 quam
1537 2918 1604 2952 ex
1639 2904 1771 2953 bona
1808 2905 2089 2964 voluntate,
2141 2903 2210 2952 Et
2244 2910 2412 2953 ecceflfl

226 238 347 296 338
687 259 1073 287 LAMENTATIONES
1097 258 1404 286 onscvssonvu
1423 258 1635 286 vmonvu
1657 243 1916 299 [VETERES]

221 397 340 440 teste
387 393 520 439 Vivis
564 391 819 437 duntaxat
860 388 1168 448 sperandum
1204 389 1282 435 sit.
1368 389 1493 436 Vale
1527 387 1632 435 diu.
1713 387 1973 447 Moquntie
2008 400 2074 435 ex
2111 387 2256 435 domo
2291 388 2364 435 lu-

219 482 327 525 ctus
363 481 410 523 et
444 475 662 523 convivii
699 468 866 539 [quam
903 473 1052 531 uulqo
1079 472 1325 520 Coronam
1350 464 1652 537 appellant].
1716 470 1864 519 Anno
1899 485 1997 532 quo
2032 485 2208 533 supra.
2270 470 2363 519 Sa·
2439 515 2442 517 Α

220 562 330 608 luta
377 559 516 606 nobis
552 563 734 618 poetas
782 570 904 616 quos
949 557 1065 604 istic
1114 558 1247 605 nosti
1290 556 1433 604 nobis
1468 557 1656 604 amicos
1712 549 1782 621 [et
1817 555 2058 616 theoloqis
2093 552 2360 622 inimicos].

220 645 407 691 Iterum
444 643 568 690 vale.

1264 872 1317 931 8.
2387 852 2455 931 ε’

786 1002 827 1048 (1
876 993 1204 1050 Nicotaus
1266 971 1798 1068 Capri‘mulqi'us

896 1108 1134 1155 Ioanni
1167 1104 1686 1164 Straussfederio.

361 1221 495 1268 Proh
532 1221 794 1281 Iuppiter!
829 1221 966 1282 proh
1014 1221 1088 1267 dii
1131 1220 1467 1267 immortales!
1513 1232 1664 1280 quam
1701 1220 2046 1268 calamitosam
2083 1220 2207 1268 mihi
2239 1221 2362 1268 scri·

207 1307 359 1366 psisti
393 1306 682 1366 epistolam!
734 1305 937 1352 Utinam
988 1318 1064 1352 me
1106 1305 1283 1365 qladio
1319 1305 1673 1364 transeqisses,
1725 1291 1823 1352 ubi¹
1843 1317 1921 1352 me
1956 1306 2112 1353 tantis
2148 1306 2370 1353 enecasti

218 1391 487 1438 doloribus,
567 1388 604 1436 O
649 1391 958 1438 tremendum
1014 1390 1155 1450 apud
1207 1387 1403 1448 inferos
1448 1389 1741 1437 Plutonem!
1795 1377 1901 1436 Alii
1952 1382 2092 1438 nobis
2143 1390 2364 1438 ludibrio
2382 1378 2442 1447 ια’]

216 1488 321 1523 esse
356 1479 742 1535 consueverunt,
785 1480 839 1522 at
873 1488 964 1522 nos
1000 1475 1098 1522 illis
1133 1474 1294 1522 modo.
1370 1487 1491 1531 ceca
1529 1474 1732 1522 nimium
1770 1479 1818 1522 et
1853 1475 2144 1522 inconstans
2182 1474 2262 1533 (ut
2297 1475 2365 1522 vi—

217 1555 334 1620 deo)
373 1564 445 1607 est
468 1560 713 1619 Fortuna,
756 1573 850 1619 que
886 1561 1063 1607 merito
1099 1560 1228 1616 cecis
1265 1558 1406 1606 nobis
1441 1559 1615 1619 suique
1637 1560 1878 1607 similimis
1898 1557 2080 1620 favere
2105 1559 2362 1608 debuisset.

220 1644 353 1701 Quid
374 1645 566 1692 multa?
605 1644 714 1704 qu
740 1644 1021 1692 cholericus
1043 1657 1149 1692 sum
1187 1642 1411 1702 nihilque
1448 1644 1750 1691 iniuriarum
1777 1646 1898 1705 pati
1921 1657 2146 1705 possum,
2188 1643 2367 1704 quibus

215 1731 261 1777 si
293 1731 470 1777 iterum
508 1730 586 1776 vel
611 1742 713 1789 per
748 1730 944 1776 litteras
975 1727 1154 1786 fuer0,
1196 1728 1275 1775 vel
1309 1730 1445 1775 certo
1481 1728 1626 1787 vulqi
1657 1741 1861 1776 rumore
1897 1733 2017 1777 ante
2042 1733 2365 1790 prospectum

215 1818 501 1874 correptus,
543 1814 726 1873 laqueo
757 1817 933 1873 quttur
969 1811 1269 1871 infrinqam,
1312 1813 1432 1871 quia
1467 1813 1625 1860 satius
1659 1818 1732 1860 est
1767 1826 1844 1860 me
1878 1815 1998 1862 meis
2033 1814 2179 1862 rebus
2212 1797 2425 1874 aestisnff

217 1899 356 1960 apud
392 1895 589 1955 inferos
619 1900 832 1958 florere,
884 1911 1034 1958 quam
1070 1897 1153 1944 hic
1189 1896 1279 1944 sub
1317 1896 1436 1944 orbe
1470 1897 1650 1944 lunari
1683 1910 1715 1943 a
1752 1897 1995 1958 theoloqis
2031 1899 2252 1959 aliquam
2289 1900 2364 1947 in·

215 1981 397 2031 iuriam
428 1984 558 2043 pati.
635 1981 722 2030 Sic
750 1981 849 2040 fac
885 1986 933 2029 et
968 1983 1114 2029 vives.
1155 1979 1322 2029 [Vale.
1386 1995 1452 2029 ex
1489 1980 1757 2043 Lyptziclc.
1802 1976 1870 2049 [et
1903 1984 2071 2032 saluta
2106 1983 2248 2032 nobis
2283 1983 2364 2033 Io·
2396 2015 2413 2037 ,-

214 2081 344 2134 vem,
387 2069 549 2115 nostri
582 2066 828 2129 Apollinis
864 2068 1175 2126 omniumque
1212 2066 1478 2114 Musarum
1506 2059 1752 2131 patrem]
2412 2078 2415 2079 ⁷

1265 2301 1313 2360 9.

825 2428 867 2475 (I
910 2420 1167 2478 Petrus
1215 2421 1763 2498 Haphenmusius
2372 2444 2415 2495 ῳ

587 2535 941 2582 Francisco
983 2535 1318 2583 Genselino
1355 2534 1712 2584 Schelmoni
1747 2534 1818 2602 .S.
1844 2535 1900 2583 P.
1924 2536 1986 2584 D.

361 2647 518 2696 Tristi
559 2661 665 2696 sum
703 2653 860 2708 patre
901 2650 1123 2714 qenitus,
1176 2653 1338 2696 matre
1383 2649 1738 2710 melancolica,
1789 2649 2035 2698 Patruum
2080 2650 2238 2699 habeo
2275 2652 2361 2699 im*
2383 2652 2403 2678 ²

210 2736 508 2792 portunum,
559 2731 818 2791 difficilem
835 2770 846 2788 ‚
898 2735 1185 2793 querulum,
1236 2733 1451 2782 Amitam
1489 2747 1682 2796 quoque
1715 2735 1910 2783 cunctis
1943 2735 2172 2783 invisam.
2247 2734 2360 2784 Non

214 2818 392 2865 mirum
438 2819 596 2878 iqitur
642 2819 689 2865 si
733 2819 899 2865 tristia
944 2819 1035 2865 tibi
1076 2819 1324 2866 nunciem.
1398 2819 1603 2867 Intravi
1644 2833 1812 2881 nuper
1845 2820 2106 2868 ecclesiam
2142 2821 2194 2868 in
2226 2818 2359 2878 sesto

216 2986 393 3033 doctor
429 2987 633 3046 quidam
671 2987 958 3035 Zacharias
995 2989 1207 3047 nomine,
1249 2990 1440 3036 nemini
1473 3002 1574 3037 non
1612 2990 1837 3050 dilectus,
1878 2989 2094 3037 habebat
2129 2990 2181 3037 in
2205 3002 2358 3038 manu

213 3083 304 3117 sua
340 3071 486 3118 breve
521 3071 774 3131 quoddam
812 3073 1162 3133 apostolicum,
1213 3074 1265 3120 in
1313 3087 1410 3133 quo
1456 3078 1588 3122 totus
1635 3075 1956 3124 obscurorum
2001 3087 2135 3134 qrex
2184 3079 2384 3133 eterna

214 3155 558 3202 maledictione
600 3169 712 3204 cum
761 3157 984 3205 omnibus
1025 3159 1127 3206 suis
1172 3159 1493 3219 complicibus
1535 3161 1840 3209 severissime
1874 3161 2107 3220 punitur.
2183 3159 2387 3207 Multis

214 3239 382 3298 itaque
417 3240 468 3286 in
506 3242 667 3288 nostri
698 3243 1049 3290 contumeliam
1085 3255 1260 3291 coram
1295 3244 1432 3292 clero
1469 3248 1517 3291 et
1545 3246 1740 3306 populo
1767 3246 1829 3293 'in
1874 3245 2088 3293 medium
2121 3245 2348 3305 prola'tisss⁹

213 3327 462 3369 stentorea
506 3326 638 3384 cepit
683 3338 801 3373 voce
846 3327 1094 3388 clamare,
1158 3325 1196 3375 Ο
1242 3329 1513 3377 maledicta
1567 3334 1616 3377 et
1668 3329 1971 3378 execrabilis
2019 3327 2404 3378 obscurorum«)

212 3408 376 3454 secta!
418 3405 456 3453 O
492 3411 787 3458 temerarius
823 3411 1118 3460 histrionum
1154 3415 1437 3462 exercitus!
1477 3411 1516 3461 Ο
1546 3412 1842 3472 fetidissimi
1861 3415 2121 3463 ludionum
2142 3426 2322 3474 qreqes
2331 3413 2360 3461 !³

217 3489 255 3538 Ο
291 3491 705 3552 impudentissimi
737 3496 789 3542 in
829 3509 993 3544 omnes
1027 3498 1348 3559 sycophantc,
1391 3500 1480 3559 qui
1512 3511 1673 3559 neque
1709 3500 1803 3547 deo
1830 3503 2102 3561 parcentes
2124 3511 2216 3547 nec
2237 3504 2365 3546 san--

211 3577 305 3624 ctis
340 3577 445 3623 eius
480 3576 613 3623 viros
648 3577 823 3639 bonos,
866 3594 968 3640 pro
1014 3583 1225 3629 ecclesia
1270 3583 1354 3630 dei
1387 3587 1568 3630 contra
1605 3584 1810 3632 oculare
1843 3584 2097 3645 speculum
2134 3584 2208 3631 ad
2237 3595 2366 3630 san·.

207 3661 408 3720 quinem
456 3654 609 3720 usque
656 3662 992 3723 decertantes,
1042 3668 1409 3715 contumeliosis
1453 3668 1702 3716 lacessere
1749 3669 1989 3717 conviciis
2034 3681 2133 3716 non
2178 3665 2361 3716 erube-2
2422 3690 2428 3729 1

320 3857 357 3884 ²⁰
387 3857 734 3898 Hahenmusius.
760 3859 794 3898 1.
832 3871 834 3874 ’
881 3855 918 3882 ²4
948 3858 1125 3899 Intravi
1153 3862 1192 3898 1.
1223 3859 1413 3900 Accessi
1444 3863 1483 3902 2.
1569 3860 1606 3886 ²5
1638 3875 1692 3902 ex
1723 3869 1820 3904 ante
1850 3864 1972 3905 bona
2001 3867 2115 3904 omis.
2140 3864 2181 3906 2.
