2456 4264
225 228 340 285 140
506 250 601 280 10A.
625 249 939 279 Pl-JPERICORNI
962 249 1194 278 nnmusm
1220 248 1402 278 cou'rRA
1423 247 1633 277 FAuosAs
1658 249 1701 277 0.
1724 250 1767 279 v.
1791 249 2064 278 nmsmonAs.

215 388 305 431 aut
334 386 466 443 post,
501 383 551 429 in
582 381 797 441 hospicio
833 380 973 440 apud
995 375 1244 428 'doctorem
1279 380 1502 427 Werner.
1576 377 1678 426 Sed
1713 379 1836 438 quid
1860 381 2053 438 neqocii
2082 381 2177 428 sibi
2204 380 2367 440 fuerit

227 467 484 515 Wormatii
520 467 707 524 iqnoro.
780 462 887 511 Hoc
930 467 1117 511 tantum
1152 465 1252 511 scio
1290 463 1424 523 quod
1456 468 1672 523 tempore
1706 462 1919 522 quodam
1956 464 2232 513 meridiano
2266 467 2365 513 duo

222 551 402 597 Rabini
423 549 690 606 Iudeorum
722 549 971 607 petierunt
1000 549 1135 607 loqui
1166 561 1276 594 cum
1300 547 1494 595 Ioanne
1517 547 1777 606 Reuchlin‚
1802 547 1936 607 quod
1963 561 2073 596 cum
2104 548 2363 608 offecisset,

217 636 318 695 ipse
360 645 472 681 cum
506 631 676 689 Iudeis
710 644 936 691 eqressus
966 635 1039 678 est
1075 631 1414 679 diversorium.
1489 630 1555 677 Et
1599 631 1723 690 quid
1761 632 1889 679 inter
1917 645 1970 679 se
2002 634 2194 692 eqerint
2226 639 2314 681 aut
2340 631 2361 699 Η

158 716 198 766 ff
221 717 542 765 tractaverint
573 716 695 763 mihi
719 729 816 763 non
850 723 922 764 est
955 719 1269 776 compertum.
1344 715 1446 763 Sed
1474 715 1566 763 hoc
1600 715 1720 763 bene
1747 716 1849 763 scio
1884 716 2018 776 quod
2050 717 2200 776 Iudei
2230 732 2362 767 nunc
2378 734 2399 766 5

215 802 451 850 Ioannem
498 800 742 849 Reuchlin
777 801 945 861 pluris
988 799 1192 858 faciunt
1243 807 1289 847 et
1337 800 1630 847 sanctiorem
1686 799 1915 857 iudicant,
1951 813 2099 860 quam
2146 814 2364 862 unquam

216 886 456 947 Moysem,
495 886 691 933 Heliam
729 890 817 933 aut
847 886 1059 945 reliquos
1086 884 1360 945 prophetas
1395 883 1698 932 iudicarunt.
1776 884 1840 932 Et
1873 886 1989 933 talis
2017 887 2219 934 malicia
2242 888 2365 947 pri—

215 984 344 1028 mum
384 974 494 1018 orta
530 975 602 1018 est
633 984 700 1018 ex
741 971 978 1018 sententia
1011 969 1260 1030 Spirensi,
1304 983 1336 1017 a
1381 981 1481 1029 qua
1531 969 1726 1028 quidem
1772 971 2011 1017 sententia
2044 969 2366 1019 Reverendus

215 1057 383 1104 doctor
427 1055 636 1103 Iacobus
671 1054 999 1102 Hochstraten
1038 1055 1248 1113 heretice
1284 1054 1552 1115 pravitatis
1593 1054 1850 1113 inquisitor
1889 1054 1961 1101 ad
2003 1056 2364 1103 sanctissimum

209 1153 399 1202 papam
438 1141 709 1201 appellavit
746 1138 1061 1200 Quapropter
1096 1141 1147 1187 in
1189 1139 1401 1199 propria
1434 1150 1656 1199 persona
1694 1140 1814 1187 illuc
1848 1140 2076 1199 evestiqio
2098 1139 2362 1200 profectus
2381 1151 2422 1184 10

212 1229 285 1273 est
307 1225 379 1272 ad
404 1224 732 1272 Christianam
758 1226 1006 1272 veritatem
1032 1224 1342 1272 obtinendam
1370 1228 1434 1272 ‚et
1448 1237 1492 1271 c.

299 1299 304 1301 ’
357 1310 399 1356 (1
439 1309 660 1357 Ceterum
684 1314 738 1357 ut
760 1310 1094 1357 sanctissimus
1118 1314 1282 1357 noster
1306 1309 1357 1355 in
1384 1308 1481 1356 hac
1508 1320 1666 1356 causa
1682 1308 1884 1368 penitus
1907 1311 2031 1355 esset
2053 1309 2295 1357 instructa
2320 1314 2368 1357 et

215 1399 312 1446 tota
352 1394 696 1442 Christianitas
724 1395 887 1455 potius
922 1394 1188 1452 adhereret
1222 1394 1385 1441 multis
1418 1392 1814 1440 universitatibus
1842 1394 2050 1453 aliisque
2089 1393 2366 1442 doctoribus

216 1493 278 1527 ac
313 1480 602 1527 clarissimis
637 1492 853 1527 seorsum
891 1480 1033 1537 viris,
1082 1491 1231 1538 quam
1277 1479 1368 1526 uni
1395 1479 1523 1526 laico
1557 1482 1645 1524 aut
1680 1477 1867 1525 duobus
1904 1477 2116 1526 tribusve
2135 1492 2236 1540 per
2260 1478 2360 1537 fa—

215 1577 377 1612 vorem
408 1563 626 1622 fortasse
663 1564 962 1623 nimiamque
995 1564 1424 1624 precipitationem
1469 1575 1575 1610 rem
1610 1563 1771 1622 ipsam
1810 1563 1972 1610 minus
2009 1563 2129 1611 bene
2162 1563 2422 1612 libran-15

180 1684 183 1687 -
214 1648 361 1705 tibus,
407 1650 541 1696 alma
591 1652 761 1695 nostra
805 1649 1100 1696 universitas
1137 1648 1432 1708 Coloniensis
1474 1632 1622 1694 totam
1657 1659 1862 1695 causam
1898 1660 2010 1695 cum
2040 1649 2261 1698 omnibus
2297 1650 2369 1698 ad

213 1746 322 1781 eam
347 1732 703 1794 pertinentibus
737 1736 784 1780 et
819 1733 1023 1793 insuper
1060 1734 1347 1780 sententiam
1386 1731 1668 1792 Spirensem
1703 1732 1834 1780 misit
1863 1728 2152 1792 Reverende
2187 1737 2237 1782 et
2265 1748 2366 1782 ex-

213 1819 409 1866 cellenti
437 1818 747 1864 universitati
776 1817 1149 1878 Parrhysiensi‚
1202 1806 1273 1863 ad
1319 1806 1693 1864 discutiendam
1713 1824 1760 1864 et
1789 1818 2183 1866 examinandam
2210 1821 2367 1881 peni-

214 1907 290 1949 tus
326 1914 529 1949 causam
567 1901 714 1948 hanc.
753 1902 979 1949 similiter
1018 1901 1234 1948 Ioannes
1272 1900 1518 1948 Reuchlin
1554 1903 1758 1949 oculare
1794 1915 1936 1950 suum
1973 1905 2226 1964 speculum
2254 1918 2366 1952 cum

213 1986 431 2033 omnibus
463 1987 564 2032 suis
597 1986 1079 2045 interpretationibus
1106 1990 1156 2033 et
1187 1985 1555 2044 defensionibus
1591 1986 1671 2044 (ut
1699 1987 1752 2034 in
1784 1988 1909 2036 actis
1943 1987 2196 2037 doctorum
2214 1990 2363 2038 'Par-
2377 1999 2423 2033 2⁰

213 2071 542 2131 rhysiensium
574 2072 742 2131 patet)
785 2071 1126 2131 prenominate
1172 2071 1482 2118 universitati
1509 2070 1869 2133 Parrhysiensi
1905 2074 2050 2121 misit.
2129 2073 2367 2136 Quapro—
2443 2069 2446 2074 ’

202 2159 322 2217 pter
367 2154 604 2216 quomodo
642 2156 938 2203 universitas
982 2155 1158 2203 eadem
1200 2164 1247 2204 et
1293 2168 1443 2216 quam
1492 2157 1616 2205 iuste
1664 2170 1728 2205 ac
1764 2162 1936 2206 sancte
1975 2160 2229 2219 neqocium
2276 2160 2368 2209 hoc

207 2239 441 2298 funditus
477 2241 863 2301 examinaverit,
899 2254 1032 2289 nunc
1073 2244 1189 2289 ante
1219 2242 1385 2290 oculos
1416 2241 1618 2302 patebit.

467 2367 509 2414 (ἵ
546 2367 875 2417 Sententia
913 2367 1476 2430 Parrhysiensium
1514 2368 1841 2417 doctorum
1881 2370 2112 2420 conde-

465 2454 747 2501 mnativa
796 2454 1079 2502 ocularis
1115 2454 1365 2514 speculi
1389 2452 1656 2501 Ioannis
1692 2453 2004 2503 Reuchlin
2040 2456 2113 2503 ad
2377 2465 2420 2498 25

463 2539 652 2596 iqnem:
678 2549 777 2585 non
800 2537 1098 2586 obstantibus
1120 2538 1361 2586 sententia
1387 2522 1617 2598 Spirensi
1636 2542 1726 2586 aut
1747 2539 2114 2601 quibuscunque

465 2623 577 2670 aliis
612 2624 717 2670 eius
754 2622 1122 2681 defensionibus
1150 2636 1246 2684 per
1278 2635 1388 2671 eum
1415 2628 1513 2671 met
1542 2624 1661 2672 illuc
1696 2625 1871 2681 missis.
1909 2629 1958 2673 et
1992 2625 2116 2673 dili-

463 2708 743 2766 qentissime
786 2708 968 2756 ibidem
1006 2708 1283 2768 perspectis
1325 2704 1637 2756 examinatis.
1687 2708 1775 2757 diu
1814 2711 2114 2773 multumque

457 2805 554 2852 per
579 2801 752 2839 ,XLVJL
809 2793 1038 2841 videlicet
1067 2793 1303 2840 sessiones
1338 2791 1402 2839 ab
1435 2794 1680 2852 octoqinta
1715 2794 1788 2841 ad
1818 2795 1981 2843 minus
2017 2795 2098 2843 do-

460 2878 675 2926 ctoribus
708 2878 941 2926 discussis
978 2890 1041 2926 ac
1070 2877 1270 2925 tandem
1302 2878 1559 2926 iustissime
1589 2877 1944 2927 condemnatis.
1977 2893 2113 2940 pon-
2376 2885 2421 2920 ³⁰

462 2962 642 3011 derata
688 2976 883 3024 semper
935 2963 988 3010 in
1035 2962 1256 3010 omnibus
1301 2963 1527 3028 articulis
1566 2967 1615 3010 et
1655 2963 1855 3024 scriptis
1893 2966 2111 3013 auctoris

1057 3048 1213 3108 ipsius
1243 3047 1523 3095 intentione.

327 3143 368 3189 (Ι
400 3144 645 3194 Universis
659 3155 917 3208 presentes
932 3149 1121 3196 litteras
1143 3146 1437 3207 inspecturis
1456 3146 1676 3195 decanus
1695 3147 2007 3208 universique
2024 3147 2366 3210 Parrhysien-

211 3228 278 3273 sis
302 3223 556 3288 academie
581 3230 812 3292 Theoloqi
843 3233 1065 3281 doctores
1093 3231 1426 3280 Christianam
1458 3233 1683 3280 salutem.
1764 3230 1941 3281 Turris
1962 3232 2130 3281 David
2162 3248 2229 3282 ex
2264 3248 2363 3295 qua

207 3312 427 3370 pendent
447 3314 577 3362 mille
599 3318 774 3376 clypei,
802 3318 959 3364 omnis
985 3324 1249 3364 armatura
1271 3316 1500 3378 fortium,
1527 3318 1722 3367 hostiles
1752 3318 1918 3378 sepius
1939 3323 2152 3379 experta
2175 3321 2361 3367 tumul—
2376 3336 2419 3371 35

213 3400 290 3442 tus
322 3397 612 3445 inconcussa
638 3402 807 3448 totiens
842 3402 1008 3461 evasit,
1047 3402 1266 3461 quotiens
1290 3404 1472 3451 victrix
1495 3404 1692 3462 malicie
1715 3404 1976 3464 sapientia,
2013 3405 2224 3452 ancillas
2247 3417 2365 3451 suas
2404 3459 2407 3462 ,

128 3478 194 3529 ssb
218 3480 298 3538 (ut
330 3485 401 3527 est
434 3482 484 3527 in
518 3484 813 3549 proverbiis)
855 3484 983 3534 misit
1028 3491 1082 3534 ut
1116 3491 1352 3535 vocarent
1387 3487 1460 3535 ad
1483 3484 1505 3553 ΙΙ
1530 3500 1698 3535 arcem
1740 3487 1960 3545 Quarum
1996 3488 2233 3548 presidiis
2269 3488 2364 3536 ho—

213 3564 357 3611 stium
389 3566 629 3625 proderet
656 3568 888 3630 insidias,
935 3571 1273 3618 insultantium
1311 3579 1517 3619 conatus
1546 3573 1780 3620 redderet
1808 3573 1987 3626 irritos,
2032 3572 2364 3633 adversasque

212 3650 339 3696 vires
355 3662 566 3709 prorsus
593 3651 914 3711 disperderet,
937 3654 991 3700 id
1007 3655 1140 3713 quod
1154 3655 1252 3702 hac
1271 3660 1441 3703 nostra
1465 3661 1746 3716 tempestate
1770 3658 1889 3704 satis
1910 3669 2156 3718 superque
2174 3659 2363 3718 pleris-

212 3747 306 3793 que
328 3735 641 3794 exploratum
665 3749 768 3783 esse
791 3749 887 3783 non
913 3742 984 3784 est
1006 3738 1286 3797 ambiquum
1313 3738 1564 3798 Siquidem
1591 3740 1868 3788 orthodoxa
1898 3742 2025 3799 fides
2059 3743 2220 3790 sacris
2253 3743 2360 3789 elo-
2374 3749 2419 3785 4⁰

327 3858 362 3885 1²
391 3860 612 3902 instructa
643 3862 704 3902 sic
726 3863 764 3902 1.
852 3859 887 3886 ²4
918 3862 1060 3902 Extat
1090 3867 1146 3903 in·
1164 3863 1291 3904 Actis
1321 3865 1508 3906 Doctor.
1531 3864 1690 3905 Parrh.
1713 3863 1826 3930 bijij.
