2456 4264
426 260 482 294 62.
504 265 731 294 uAms'rm
755 266 933 296 Gau-11.
993 263 1050 298 63.
1072 253 1191 310 [ΔΡΡ.
1217 254 1263 310 1.]
1286 268 1479 298 loAmus
1500 270 1558 297 m:
1582 269 1955 299 scuwmronmA.
2143 248 2263 306 285

54 439 58 462 Δ.
114 410 216 462 non
249 401 520 460 potuerunt
554 396 855 461 intelligere:
895 403 943 448 et
979 405 1144 448 tamen
1182 398 1413 449 dixerunt
1450 399 1580 463 quod
1609 405 1682 449 est
1707 400 1977 465 hereticus:
2018 401 2126 452 ideo
2154 404 2265 468 quia

113 495 217 538 non
247 479 434 533 babent
468 481 541 531 sic
576 482 625 530 in
664 481 802 532 libris
838 485 956 540 suiS,
996 484 1123 533 sicut
1157 482 1240 533 ille
1277 485 1486 549 scripsit,
1527 500 1687 550 neque
1725 500 1881 536 novus
1920 502 2089 537 eorum
2127 488 2266 537 theo-

53 564 70 588 '⁴
111 565 256 631 lngus
290 581 438 631 quem
475 566 599 617 deus
636 569 884 618 suscitavit
922 585 981 618 ex
1018 569 1276 634 lapidibuS,
1315 575 1370 620 ut
1394 575 1523 620 esset
1546 586 1714 621 semen
1741 570 1952 636 Abrahe,
1993 574 2119 622 sicut
2144 575 2263 623 scri-

55 692 69 721 ,
103 657 257 720 *ptura
295 652 437 710 dicit,
477 651 704 703 videlicet
740 653 950 704 loannes
986 653 1314 711 Pfefferkorn,
1353 654 1504 705 babet
1539 656 1609 705 sic
1646 672 1704 706 ex
1744 656 1913 707 deifica
1952 658 2138 708 visione
2175 674 2261 708 seu

49 736 528 815 gomanifestationffl
568 737 643 789 vel
680 754 740 788 ex
777 739 874 789 fide
912 739 1059 804 digna
1096 738 1334 790 relatione
1371 742 1538 790 uxoris
1576 756 1688 805 sue:
1737 757 1880 806 quam
1920 743 2078 794 audivi
2119 745 2262 794 etiam

48 821 296 902 &bahem
331 824 560 889 spiritum
598 823 871 888 prophetie.
911 824 972 873 de
1011 839 1109 890 quo
1147 840 1234 875 vos
1269 824 1446 875 melius
1483 825 1615 875 scitis
1652 840 1798 891 quam
1837 841 1954 891 ego:
1995 829 2105 893 quia
2145 843 2262 893 sepe

48 918 69 1033 ᾗὲ
99 923 228 966 unm
263 923 319 960 ea
355 909 514 959 fuistis
551 909 747 974 quando
784 908 992 960 Ioannes
1029 909 1336 959 Pfeiferkorn
1374 924 1472 958 non
1512 909 1602 959 fuit
1637 911 1685 959 in
1725 911 1886 960 domo,
1962 912 2056 962 Sed
2097 914 2262 963 nescio

0 992 3 996 ’
47 1003 202 1065 pet
235 993 410 1052 deum,
449 994 696 1059 quomodo
732 993 974 1044 Reuchlin
1012 996 1074 1044 sit
1110 1010 1200 1061 per
1236 1009 1322 1044 vos
1359 993 1592 1044 confusus
1628 1000 1713 1044 aut
1749 1010 1837 1059 per
1875 1011 2065 1061 papam.
2140 998 2262 1057 Quia

93 1081 208 1146 -inm
242 1079 470 1131 fecerunt
506 1095 679 1129 novam
729 1078 1010 1130 facultatem
1057 1079 1185 1130 ultra
1233 1079 1350 1129 alias
1397 1085 1625 1144 quattuor
1672 1079 1949 1137 facultates,
1999 1097 2119 1147 quas
2169 1084 2262 1132 iam

33 1164 410 1230 ‹fg-habuimus:
450 1170 500 1216 et
535 1179 707 1214 omnes
744 1163 812 1213 illi
848 1163 1050 1215 laudant
1085 1163 1327 1215 Reuchlin
1364 1171 1413 1214 et
1449 1164 1621 1214 dicunt
1657 1166 1788 1231 quod
1827 1172 1941 1215 sunt
1978 1169 2082 1218 eius
2120 1168 2261 1217 disci-

51 1277 54 1282 ·
109 1249 238 1319 puli:
286 1256 336 1302 et
371 1265 472 1300 non
509 1255 688 1300 curant
724 1249 935 1314 amplius
973 1249 1255 1300 facultatem
1291 1250 1591 1307 Artisticam,
1643 1265 1701 1300 eo
1750 1250 1879 1316 quod
1930 1252 2099 1315 artiste
2149 1259 2263 1302 sunt

43 1318 65 1413 Ξ
100 1337 177 1389 ’ἰὴ
211 1337 376 1401 magni
415 1340 465 1387 et
500 1334 705 1401 superbi
742 1335 886 1384 asini:
927 1337 1041 1400 quia
1079 1350 1179 1385 non
1217 1335 1373 1384 sciant
1409 1336 1503 1384 tria
1541 1340 1624 1385 aut
1661 1340 1893 1401 quattuor
1933 1335 2079 1386 verba
2118 1335 2262 1387 latine

44 1414 266 1488 it‘Joqai,
298 1427 357 1473 *et
388 1421 484 1472 vah
521 1419 600 1486 ille
640 1419 795 1484 bestie
835 1420 1080 1471 seducunt
1115 1420 1285 1486 plures
1322 1421 1610 1470 innocentes
1646 1421 1848 1471 iuvenes
1886 1422 1968 1486 qui
2006 1429 2263 1487 postquam

99 1507 303 1572 {ungam
353 1511 533 1572 etatem
580 1507 857 1556 contrivere
904 1512 953 1556 et
999 1507 1136 1572 quasi
1184 1507 1401 1556 immersi
1450 1506 1499 1554 in
1545 1505 1639 1556 hac
1686 1507 1845 1555 omnis
1894 1505 2142 1557 barbariei
2179 1523 2262 1558 ne-

40 1577 259 1661 Unquam
293 1593 509 1649 sentina,
547 1592 813 1642 redeuntes
849 1592 899 1641 in
937 1597 1167 1656 paternas
1205 1591 1322 1656 edes
1359 1591 1480 1640 nihil
1494 1598 1682 1656 preter
1721 1592 1992 1656 ‘Arguitur‚
2043 1592 2264 1657 Respon-

93 1678 276 1738 detur,
314 1677 563 1743 Queritur’
601 1677 845 1734 didicere,
886 1692 1099 1742 quorum
1138 1677 1202 1726 dii
1240 1677 1519 1734 TateretuS‚
1562 1677 1770 1736 Versor,
1819 1678 2111 1734 Perversor,
2162 1679 2261 1728 Bu-

94 1764 323 1827 Titianum,
363 1762 711 1819 Bruxellensis‚
752 1769 801 1812 et
836 1763 886 1812 id
925 1778 1081 1827 genus
1118 1761 1300 1812 similes
1337 1761 1482 1826 turbe
1522 1762 1732 1827 obscure
1770 1769 1898 1814 sunt
1975 1763 2061 1812 Est
2097 1770 2260 1814 tamen

46 1869 57 1893 ’-
107 1851 287 1903 Ε’πιιιιι
325 1849 458 1915 quod
496 1863 626 1899 unus
662 1847 870 1914 simplex
907 1848 1111 1898 studens
1148 1854 1231 1898 aut
1268 1853 1505 1898 cornutus
1543 1847 1643 1898 vult
1668 1848 1778 1913 plus
1804 1850 1931 1898 scire
1957 1849 2052 1897 iam
2079 1850 2127 1897 in
2155 1851 2260 1899 Ari-

108 1934 282 1997 maele
316 1950 465 2001 quam
501 1933 955 1985 baccalaureandus
993 1939 1077 1984 aut
1114 1933 1474 1998 magistrandus
1512 1934 1594 1998 qui
1632 1934 1816 1983 audivit
1864 1948 2063 1983 cursum
2103 1940 2151 1984 et
2188 1941 2261 1983 est

39 2020 242 2093 §phone
278 2021 601 2087 qualificatus
676 2020 775 2084 Ipsi
813 2020 957 2070 etiam
996 2035 1096 2069 non
1135 2025 1249 2069 sunt
1285 2017 1630 2069 reverentiales
1671 2020 1934 2082 magistriS‚
1977 2025 2023 2068 et
2061 2019 2259 2084 quando

87 2113 222 2167 ,ante
254 2122 411 2160 unum
446 2107 653 2164 vadunt,
701 2121 801 2155 non
839 2112 1045 2170 tangunt
1082 2104 1322 2155 birretum
1363 2104 1507 2169 (sicut
1543 2106 1696 2153 moris
1733 2104 1820 2169 est)
1861 2110 1909 2154 et
1945 2119 2140 2168 semper
2179 2121 2259 2154 vo-

43 2207 45 2209 ’
91 2191 218 2246 lunt
238 2192 557 2260 frequentare
595 2192 797 2242 domum
835 2193 931 2241 scis
968 2190 1110 2241 hene.
1186 2189 1344 2239 Etiam
1370 2205 1469 2239 non
1496 2189 1697 2239 audiunt
1724 2189 2108 2255 Consequentias
2133 2190 2260 2239 Mar·

108 2277 203 2331 uitii
235 2293 398 2345 neque
435 2278 808 2344 Suppositiones
845 2283 929 2327 aut
964 2276 1118 2326 Parva
1155 2274 1400 2340 logicalia:
1450 2274 1561 2325 ideo
1610 2290 1709 2324 non
1749 2281 1821 2323 est
1858 2274 2091 2339 possibile
2129 2276 2257 2340 quod

107 2372 315 2431 possunt
338 2379 447 2416 esse
470 2363 704 2414 formales
731 2370 780 2413 et
816 2377 1058 2428 apparere
1096 2363 1143 2410 in
1182 2359 1607 2427 disputationibus.
1684 2359 1779 2410 Sed
1820 2359 2118 2410 dimittamus
2145 2362 2258 2410 ista:

50 2449 277 2511 ascribo
322 2449 463 2502 vobis
508 2465 601 2516 pro
648 2448 944 2499 novitatibus
991 2447 1123 2513 quod
1161 2446 1370 2497 lacobus
1410 2443 1820 2509 Wimphelingius
1866 2446 1947 2511 qui
1997 2447 2141 2496 etiam
2190 2453 2262 2496 est

44 2586 52 2590 ,
107 2535 300 2589 medius
333 2534 692 2594 Reuchlinista,
739 2533 939 2586 realiter
987 2539 1060 2585 est
1097 2533 1354 2598 expeditus
1391 2546 1481 2596 per
1519 2530 1765 2596 quendam
1802 2531 2099 2581 monachum
2136 2530 2260 2581 Pau-

109 2619 215 2675 lum
248 2622 515 2688 ungium,
564 2623 647 2687 qui
693 2620 892 2672 realiter
940 2620 1079 2670 scivit
1126 2618 1220 2668 sibi
1266 2618 1431 2668 dicere
1484 2617 1614 2682 quod
1663 2631 1761 2666 non
1807 2622 1943 2666 recte
1981 2617 2176 2681 scripsit
2212 2618 2259 2665 in

109 2721 211 2760 nno
244 2706 374 2759 libro
412 2708 498 2774 qui
534 2714 737 2758 vocatur
776 2706 863 2757 ‘De
899 2702 1223 2769 integritate’:
1263 2702 1490 2754 videlicet
1527 2701 1658 2768 quod
1697 2702 1897 2752 scientia
1937 2717 2034 2751 non
2072 2708 2260 2752 tantum

110 2799 239 2845 met
272 2794 325 2844 in
361 2791 573 2844 cuculla.
647 2790 770 2842 Nam
807 2790 888 2842 ille
925 2789 1197 2840 monachus
1234 2789 1510 2854 composuit
1546 2787 1693 2837 alium
1732 2786 1910 2837 librum
1951 2792 2138 2845 contra,
2178 2788 2261 2852 qui

51 2883 188 2930 βω
228 2877 532 2945 approbatus
578 2878 627 2927 in
674 2876 896 2942 Capitulo
943 2877 1043 2926 sive
1098 2875 1270 2925 sinodo
1318 2872 1815 2925 Reinhartzbornensi
1872 2872 2058 2922 ordinis
2107 2873 2260 2922 sancti

107 2963 376 3023 Benedicti,
413 2965 555 3014 Anno
593 2962 779 3012 domini
808 2962 979 3012 ‚1509.
1009 2966 1057 3012 et
1094 2966 1167 3011 est
1206 2960 1386 3010 bonum
1427 2959 1654 3008 latinum:
1694 2959 1805 3023 quia
1833 2972 1959 3007 unus
1986 2957 2104 3006 dixit
2129 2956 2260 3022 quod

110 3054 240 3102 met
274 3049 432 3101 ferme
466 3049 532 3099 ita
569 3046 755 3098 bonum
793 3049 921 3097 sicut
958 3045 1240 3097 Doctrinale
1278 3044 1566 3095 Alexandri:
1607 3050 1654 3092 et
1693 3058 1784 3106 ego
1823 3041 2030 3092 multum
2069 3042 2259 3107 gaudeo

109 3134 243 3201 quod
279 3140 413 3186 tanta
448 3132 662 3184 latinitas
700 3134 843 3183 etiam
883 3133 1127 3182 invenitur
1166 3133 1215 3180 in
1255 3129 1533 3181 monachis:
1574 3135 1622 3178 et
1647 3129 1738 3193 ipsi
1766 3129 1910 3177 etiam
1937 3127 2104 3177 dicunt
2129 3127 2260 3192 quod

51 3231 55 3234 ’
112 3218 554 3287 mperexcellescat
590 3217 753 3269 stilum
792 3219 1070 3270 Ciceronis:
1119 3216 1203 3267 sed
1245 3231 1335 3281 ego
1374 3215 1467 3264 hoc
1506 3230 1602 3262 non
1644 3212 1846 3269 credidi,
1887 3212 2015 3277 quod
2056 3220 2129 3262 est
2167 3227 2259 3262 una

47 3312 228 3357 innota
266 3305 425 3357 altius.
465 3304 550 3354 sed
589 3304 815 3369 procedit
851 3301 1187 3353 doctrinaliter
1226 3300 1431 3351 multum
1481 3305 1649 3348 contra
1691 3296 2120 3362 Wimphelingium
2161 3314 2282 3347 me·-

108 3391 259 3450 moe,
309 3391 532 3457 prosaice
571 3396 619 3439 et
656 3389 928 3453 rigmatice:
980 3394 1029 3437 et
1064 3388 1191 3437 sicut
1228 3401 1318 3450 ego
1357 3391 1498 3450 puto,
1550 3390 1680 3433 recte
1719 3382 1888 3441 babet,
1936 3384 2065 3449 quod
2105 3384 2262 3432 omnis

110 3477 312 3528 scientia
352 3483 423 3527 oet
461 3476 508 3525 in
553 3473 771 3527 cuculla.
822 3472 867 3522 id
917 3480 988 3522 est
1027 3473 1073 3521 in
1113 3471 1396 3522 monacbis:
1449 3470 1561 3535 quia
1603 3469 1904 3518 transeundo
1944 3468 2004 3518 ‹le
2042 3468 2259 3517 inferiori

95 3561 172 3612 ld
208 3563 436 3627 superius
474 3560 700 3610 monachi
739 3559 1045 3622 scripserunt
1083 3562 1357 3606 commenta
1409 3556 1454 3604 in
1506 3553 1699 3618 regulas
1748 3553 2160 3617 grammaticales,
2213 3554 2257 3600 iu

111 3644 377 3704 Donatum,
427 3648 474 3696 in
513 3646 710 3695 Petrum
750 3644 1045 3709 Hispanum,
1095 3644 1140 3691 in
1181 3641 1511 3696 l’liisicorum,
1561 3639 1991 3705 Metaplnisicorum
2042 3645 2087 3685 «et
2127 3637 2257 3685 Ethi-

53 3741 312 3790 ueorum,
362 3733 517 3782 etsie
555 3731 842 3780 commentis
879 3730 980 3779 suis
1019 3726 1500 3782 commerdaverunt,
1549 3731 1596 3774 et
1642 3726 1690 3774 in
1740 3724 1965 3774 omuibus
2012 3721 2259 3770 scibilibus

224 3914 261 3943 ¹³
292 3930 431 3972 pzaua
461 3921 501 3959 5.
591 3916 629 3942 ³⁰
658 3916 936 3973 appzpbatus
967 3918 1007 3958 5.
