2456 4264
797 307 1129 337 nocffsTRA'rvs
1151 307 1301 336 OVANS
1325 308 1575 337 DIALOGVS.
2135 285 2250 344 481

100 453 291 500 syncera
326 438 411 490 sit,
451 453 552 500 quae
590 440 675 485 iam
714 439 822 486 olim
862 440 1028 488 insecta
1065 448 1136 487 est
1159 442 1522 502 corruptissimis
1548 443 1781 488 hominum
1807 442 2096 490 coniecturis.
2148 459 2261 506 quo·
2279 450 2376 491 §.oo

99 510 213 562 ties,
259 509 478 561 obsecro,
528 510 713 556 fortiter
760 519 1020 559 assentatus
1068 513 1168 559 est?
1218 514 1401 574 quoties
1450 514 1547 560 sine
1595 514 1747 560 sronte
1784 520 1830 560 et
1865 515 2043 561 nemine
2079 522 2263 577 petente

98 580 302 628 definivit
336 580 506 627 Christi
543 595 642 628 esse
680 583 802 644 quod
839 583 978 645 aliqui
1016 585 1150 631 etiam
1189 584 1442 631 cardinales
1478 585 1746 632 Antichristi
1783 587 2034 648 putarunt?

239 665 391 700 LEVS.
464 651 638 699 Verene
673 655 922 715 putarunt?

40 736 62 767 5
241 736 635 772 nocnsTRATvs.
709 724 975 778 Verissime‚
1015 727 1092 773 sed
1131 741 1290 789 parum
1328 727 1580 774 honorifice
1618 735 1665 774 et
1701 727 1879 774 utiliter
1903 727 2194 790 pontificibus
2221 738 2267 777 et

95 794 330 842 monacbis
364 795 729 846 mendicantibus
768 804 1011 858 putarunt:
1052 812 1192 859 quare
1229 805 1389 845 noster
1424 798 1584 846 Eccius
1611 798 1818 846 officiose
1844 800 1976 851 fecit,
2016 801 2139 862 quod
2165 816 2268 863 per-

94 868 292 914 suaserit
338 866 460 914 edita
506 866 654 919 bulla,
706 867 877 915 multos
924 869 1145 916 articulos
1190 870 1557 917 condemnandos
1594 869 1771 918 Martini
1810 870 2021 924 Lutheri,
2071 886 2267 933 quorum

95 937 317 1000 plaerique
354 939 554 1000 pendent
590 938 646 985 ab
684 939 935 1000 evangelio.

234 1021 526 1059 Lvronnvs.
600 1010 688 1057 Res
734 1012 889 1072 agitur
934 1010 1128 1073 periculi
1166 1011 1322 1074 plena,
1372 1026 1474 1073 quae
1522 1012 1569 1058 in
1614 1011 1952 1060 acerbissimam
2000 1015 2267 1075 tragoediam

38 1090 78 1124 10
92 1081 285 1128 desinet.

233 1165 629 1201 Hocns'rRA'rvs.
705 1152 821 1210 Quid
857 1154 1050 1216 periculi
1086 1154 1184 1202 ais?

234 1237 523 1274 LvPoans.
597 1226 679 1271 Aio
718 1226 924 1286 inquam,
966 1224 1190 1287 siquidem
1227 1225 1430 1287 exempla
1467 1233 1574 1272 sunt
1604 1227 1853 1288 tyrannidis
1878 1226 2130 1274 Pontificiae
2157 1235 2378 1278 con-§.ca

93 1295 306 1343 demnare
341 1299 572 1358 potestate
610 1296 734 1358 quod
768 1296 894 1343 nulla
929 1298 1108 1343 ratione
1144 1296 1402 1358 improbare
1441 1304 1632 1358 queant,
1672 1297 1794 1359 quod
1831 1300 2086 1345 communis
2123 1299 2270 1345 homi-

92 1381 203 1414 num
239 1381 492 1415 consensus
529 1366 749 1414 affirmat:
799 1369 905 1415 hinc
951 1374 1106 1414 terror
1151 1368 1449 1415 anathematis
1498 1374 1543 1414 et
1585 1368 1792 1415 fulminis·
1826 1376 1871 1415 et
1909 1369 2109 1417 dirarum
2146 1370 2267 1416 Rho-

38 1447 81 1481 ιε
96 1441 378 1487 manensium
425 1437 673 1492 ridebitur;
719 1437 874 1485 nullus
920 1453 1071 1491 amor,
1117 1439 1198 1485 sed
1233 1439 1520 1486 Vatinianum
1568 1440 1719 1486 odium
1769 1441 1824 1487 ad
1875 1447 1966 1487 tam
2005 1455 2269 1503 perversum

91 1517 292 1574 patrem,
339 1511 418 1571 qui
466 1524 575 1557 oves
611 1525 704 1557 non
741 1512 888 1572 pascit
924 1510 1003 1557 sed
1039 1510 1212 1572 perdit:
1262 1511 1372 1573 quid
1418 1511 1536 1557 enim
1574 1518 1644 1557 est
1682 1513 1720 1558 si
1757 1512 1949 1573 perdere
1985 1527 2079 1559 non
2116 1520 2187 1559 est
2224 1514 2271 1559 in
2339 1538 2342 1541 -

92 1584 232 1634 istum
269 1581 453 1628 modum
490 1580 655 1628 coelum
694 1588 828 1631 terroe
866 1582 1088 1634 miscere,
1137 1597 1195 1629 ne
1234 1582 1343 1644 quid
1379 1589 1537 1644 pereat
1574 1589 1746 1632 nostrae
1784 1584 2063 1631 maiestatis?
2114 1583 2271 1631 Subti-

92 1653 263 1700 lissima
298 1654 417 1700 ratio
456 1659 527 1700 est
562 1653 835 1700 deturbandi
872 1653 1158 1715 pontificem,
1198 1668 1299 1700 eum
1338 1668 1485 1716 usque
1522 1654 1577 1701 ad
1615 1655 1821 1706 inuidiam
1860 1655 2092 1702 extollere.
2148 1656 2270 1702 Rho·

91 1726 214 1773 mani
249 1724 359 1772 olim
396 1739 551 1771 rerum
588 1724 760 1772 domini
798 1725 1009 1778 fuerunt,
1051 1725 1130 1772 sed
1166 1726 1470 1788 provinciales
1507 1728 1801 1774 nominarunt
1839 1728 2016 1778 socios,
2067 1727 2145 1774 sed
2184 1729 2268 1773 im-

9 1804 79 1838 -20
94 1796 213 1859 perii
258 1797 464 1859 potentia
502 1797 592 1843 suit
630 1803 726 1843 tum
765 1796 977 1844 omnibus
1017 1804 1165 1844 tutum
1203 1798 1491 1860 praesidium;
1537 1804 1782 1860 postquam
1828 1811 1933 1845 vero
1975 1812 2023 1844 se
2060 1799 2268 1846 dominos

92 1874 337 1930 gesserunt
372 1874 420 1915 et
456 1867 756 1930 expilatores,
797 1868 1003 1915 subversi
1041 1876 1173 1921 sunt,
1221 1875 1268 1915 et
1305 1883 1387 1916 sua
1424 1869 1559 1916 modo
1598 1870 1734 1916 etiam
1773 1870 1953 1916 civitate
1990 1877 2150 1916 carent
2188 1871 2267 1932 qui

92 1939 206 1987 orbe
241 1946 339 1987 tum
373 1938 681 2001 potiebantur.
756 1938 871 1996 Quid
916 1940 1240 2002 expectandum
1286 1942 1325 1987 si
1371 1940 1574 2001 regulam
1621 1940 1726 1987 fidei
1773 1941 1934 1988 seceris
1972 1955 1996 1988 a
2035 1941 2121 1987 fide
2158 1941 2382 1998 alie-§.62

92 2025 220 2063 nam,
271 2012 311 2058 si
347 2017 627 2073 potestatem
663 2011 843 2058 dederis
880 2027 964 2074 pro
1003 2011 1194 2059 arbitrio
1234 2011 1566 2074 interpretandi
1610 2011 1889 2073 evangelium
1930 2014 1973 2057 ei
2009 2027 2143 2074 quem
2187 2013 2269 2059 du-

91 2082 212 2130 bitas
250 2097 307 2130 an
343 2082 511 2144 legerit
547 2083 850 2144 evangelium,
890 2085 982 2130 imo
1022 2098 1077 2129 an
1114 2083 1293 2135 credat,
1335 2084 1412 2145 qui
1451 2085 1693 2145 scripturis
1732 2084 2020 2145 apertissime
2059 2085 2113 2131 ad
2139 2099 2267 2132 suam

3 2153 327 2213 ‚alibidinem
362 2153 589 2206 abutitur,
629 2156 707 2216 qui
743 2155 960 2217 pietatem
998 2162 1225 2216 quaestum
1262 2155 1423 2217 putat?

231 2238 380 2274 ΗΠΒ.
453 2224 569 2272 Num
606 2226 729 2273 seres
764 2226 1026 2288 pontificem
1065 2226 1256 2273 iudicem
1293 2227 1349 2274 de
1387 2227 1523 2273 rebus
1562 2225 1665 2273 fidei
1703 2227 2038 2279 controversis,
2079 2242 2134 2274 an
2173 2229 2268 2274 cui-

91 2297 203 2345 libet
238 2297 518 2345 mulierculae
554 2299 793 2359 permittes
830 2299 886 2346 de
924 2298 1213 2359 dogmatibus
1252 2298 1489 2345 statuere?

231 2381 519 2418 LVPOLDVS.
594 2368 826 2416 Nicaenum
863 2370 1105 2417 concilium
1143 2369 1401 2431 symbolum
1438 2369 1563 2416 dedit
1599 2369 1776 2416 abunde
1812 2369 2122 2431 complectens
2162 2385 2263 2432 quae
2282 2386 2380 2429 §.63-

91 2442 362 2490 necessario.
386 2440 611 2488 credenda
646 2441 939 2495 Christianis;
977 2441 1217 2501 Evangelia
1255 2441 1356 2490 vitae
1393 2443 1699 2489 innocentiam
1739 2447 1784 2487 et
1822 2455 2020 2487 amorem
2060 2448 2267 2488 mutuum

35 2512 426 2576 ”praescribuntz
466 2512 572 2574 quid
599 2513 782 2560 curioso
810 2515 990 2575 ingenio
1017 2501 1070 2558 τὸ
1098 2505 1670 2575 ὅλονπολυπραγμονεῐν
1695 2513 1954 2574 permittis?
1993 2513 2102 2574 quid
2127 2513 2268 2559 ambis

94 2591 171 2632 tua
206 2583 373 2647 placita
411 2583 560 2632 facere
597 2584 765 2631 Christi
804 2585 1015 2632 decreta?
1063 2599 1119 2631 an
1166 2599 1257 2631 non
1306 2586 1501 2646 quaestio
1551 2583 1852 2647 quaestionem
1902 2597 2083 2646 semper
2119 2585 2266 2647 parit?

90 2670 148 2702 an
192 2670 285 2704 non
331 2670 407 2702 res
456 2669 617 2703 omnes
665 2657 857 2703 humana
907 2656 1148 2703 sedulitate
1196 2671 1287 2702 non
1327 2664 1417 2703 tam
1456 2655 1739 2718 explicantur
1776 2670 1910 2718 quam
1948 2655 2269 2702 involvuntur?

91 2726 317 2785 Quaelibet
352 2741 428 2774 res
464 2743 490 2775 a
527 2727 661 2774 nobis
698 2727 959 2790 dependens
997 2727 1133 2775 habet
1169 2743 1302 2774 suum
1340 2729 1529 2774 senium.
1592 2728 1660 2773 vis
1699 2728 1924 2774 Christum
1965 2741 2068 2773 esse
2105 2742 2269 2789 perpe-

93 2806 246 2852 tuum,
285 2813 371 2847 cur
405 2812 511 2846 eum
547 2802 777 2846 convertis
816 2801 859 2846 in
899 2806 1082 2846 nostras
1121 2799 1360 2861 opiniones
1401 2806 1539 2846 tantae
1566 2798 1772 2846 varietati
1801 2798 2049 2845 obnoxias?
2089 2798 2176 2845 Vos
2205 2798 2268 2845 sa-

14 2871 201 2918 sscitis
237 2871 322 2918 hac
359 2876 632 2933 tempestate
669 2871 806 2918 alium
845 2870 1075 2917 Christum
1114 2886 1246 2933 quam
1286 2870 1393 2918 olim
1431 2871 1519 2917 suit
1555 2870 1807 2932 ApostoliS.
1848 2870 1902 2916 ab
1942 2869 2072 2916 initio
2111 2870 2267 2916 mundi

93 2955 187 2989 non
223 2941 364 3004 longe
398 2942 455 2988 ad
491 2941 719 2989 Christum
757 2957 903 3004 usque
943 2942 1087 2989 indies
1125 2944 1269 3004 magis
1308 2958 1359 2989 ac
1396 2944 1540 3003 magis
1579 2941 1780 2988 innotuit
1817 2942 1997 2993 veritas,
2037 2939 2158 2988 filius
2196 2939 2265 2987 dei

92 3013 141 3060 in
177 3020 415 3076 assumpto
453 3014 637 3060 homine
674 3013 830 3062 docuit
878 3014 1052 3066 omnia,
1100 3021 1147 3060 et
1196 3028 1299 3061 mox
1347 3013 1483 3061 huius
1531 3015 1720 3075 spiritus
1759 3012 1975 3074 quicquid
2013 3011 2147 3059 saluti
2195 3027 2266 3059 ac·

92 3085 379 3133 commodum
418 3086 676 3146 suggessit,
715 3100 798 3132 cur
834 3085 1055 3147 neglectis
1093 3085 1296 3132 sontibus
1335 3085 1518 3132 lacunas
1556 3084 1783 3131 effoditis?
1824 3084 1925 3145 quis
1964 3083 2124 3130 indidit
2150 3098 2268 3146 prae·

93 3163 329 3218 posterum
376 3156 499 3203 istud
547 3156 747 3203 studium
795 3157 1016 3204 condendi
1066 3172 1180 3203 nova
1225 3157 1438 3219 dogmata
1475 3157 1645 3203 Christi
1692 3155 1885 3202 decretis
1924 3155 1969 3200 in
2007 3156 2265 3202 universum

38 3227 374 3290 wantiquatis?
413 3234 585 3290 quotus
622 3230 738 3275 enim
779 3230 973 3290 quisque
1011 3235 1210 3275 vestrum
1250 3228 1525 3290 apostolicas
1563 3228 1719 3274 literas
1758 3226 2042 3273 familiariter
2077 3227 2232 3273 novit?

235 3311 630 3347 nocns‘mA'rvs.
704 3299 908 3360 Negasne
947 3299 1138 3347 concilia
1177 3299 1380 3361 quaedam
1419 3299 1640 3347 novasse?
2275 3303 2373 3345 §.ot

73 3425 78 3430 ,
235 3383 525 3419 LvroLDvs.
599 3370 855 3423 Novarunt,
906 3372 1077 3423 fateor,
1129 3371 1207 3417 sed
1258 3386 1359 3432 quae
1400 3370 1579 3432 potius,
1635 3370 1672 3415 si
1712 3385 1855 3432 pauca
1891 3369 2072 3421 eximis,
2125 3370 2309 3425 homi—‚

94 3456 201 3490 num
239 3443 493 3490 convictum
532 3443 653 3489 inter
689 3444 815 3504 ipsos
853 3457 986 3504 quam
1026 3442 1293 3503 religionem
1332 3457 1489 3504 puram
1529 3442 1716 3503 proprie
1753 3440 2017 3503 respiciunt.

234 3526 381 3562 ans.
454 3513 710 3565 Erostrate‚
750 3513 983 3575 Lupoldus
1021 3514 1231 3560 haeresim
1269 3512 1487 3575 loquitur.

40 3590 82 3627 ⁴⁸
236 3597 524 3634 Lvronnvs.
598 3584 837 3631 Subodoro
876 3585 984 3647 quid
1023 3585 1159 3631 velis:
1209 3598 1370 3647 nempe
1407 3586 1714 3632 accessionem
1754 3584 1916 3631 laetam
1957 3582 2263 3634 sacramentis,

97 3669 199 3718 quae
236 3663 478 3719 praestaret
514 3656 777 3717 Apostolice
815 3671 949 3717 quam
987 3655 1279 3703 Aristotelice
1317 3664 1439 3703 esset
1478 3662 1683 3703 tractata.

234 3740 623 3777 nocnsTnArvs.
696 3726 790 3774 Nisi
828 3727 969 3775 frater
996 3742 1156 3784 esses,
1194 3734 1352 3774 uterer
1388 3727 1605 3775 adversus
1644 3734 1688 3774 te
1724 3729 1836 3774 meis
1873 3726 2078 3789 partibus
2116 3732 2373 3774 uteo-101..

209 3881 228 3908 ⁸
258 3880 330 3924 Cf.
352 3881 442 3924 vol.
466 3881 519 3925 V.
542 3895 585 3935 p.
609 3880 705 3925 335.
728 3894 826 3936 sqq.
917 3880 951 3909 ¹⁵
981 3882 1279 3924 Vatidianum
1310 3886 1461 3926 1.2.3.
1548 3881 1635 3910 ²2²⁸
1667 3881 1868 3924 alienum
1899 3883 1942 3920 2.
2034 3879 2075 3917 ei
2107 3878 2256 3919 adieci.

98 3949 137 3978 ⁸⁰
165 3949 385 4006 arcivum]
425 3958 475 3994 ut
504 3955 767 3996 universum
800 3954 856 3995 ad
887 3966 1018 3995 suam
1049 3967 1203 3995 curam
1242 3955 1476 4008 pertinere
1507 3955 1732 4009 opinetur.
1819 3949 1855 3975 ⁴⁰
1888 3961 1987 3988 <28⁸0
2022 3948 2059 3987 4-

198 4023 309 4069 Err,
334 4037 590 4066 onscvnou.
615 4038 773 4067 vmon.
1828 4012 1887 4061 31
