2456 4264
334 288 394 316 DE
418 286 610 322 QVADAM
630 286 861 316 EPISTOLA
882 288 1157 319 ancnmnl.
1221 287 1346 322 QVOD
1370 286 1470 316 18⁹1·ss
1493 287 1636 316 mmm
1657 288 1749 317 NON
1774 289 1848 318 SIT
1870 291 2095 321 FAMOSVS.
2174 268 2292 326 173

379 417 424 465 (Ι
468 417 557 466 De
592 419 862 479 quadam
899 420 1177 480 epistola
1214 418 1737 480 nephandissima
1774 420 2042 470 Ioannis

1041 503 1375 553 Reucblin.

265 615 308 664 (Ι
355 617 630 666 Videamus
676 618 878 665 tandem
929 615 969 665 0
1004 612 1286 666 beatissime
1321 623 1503 679 pater,
1556 623 1797 677 quantum
1837 617 2076 677 favorem
2124 620 2296 679 Iudeis

113 707 308 774 prestet
323 701 547 750 Ioannes
566 701 832 762 Reucblin,
864 704 937 750 ita
962 703 1111 750 etiam
1139 708 1193 750 ut
1218 716 1312 763 que
1336 703 1436 750 soli
1457 691 1693 750 deosum
1717 703 1990 751 tribuenda
2016 718 2079 752 ac
2103 707 2295 754 sanctis

90 787 247 846 seius,
287 787 491 834 inimico
528 785 717 834 Christi
749 787 973 835 tribuere
1008 800 1108 836 non
1148 794 1402 835 vereatur.
1479 785 1566 835 Sic
1602 788 1731 834 enim
1769 788 1929 834 latine
1964 789 2168 848 scripsit
2206 791 2298 838 uni

36 923 42 927 ,
121 871 282 930 ludeo
319 876 445 933 post
487 870 712 930 infames
757 873 1005 932 quasdam
1051 873 1311 920 clarorum
1359 872 1440 929 (ut
1475 873 1583 932 ipse
1619 872 1718 930 ait)
1768 872 1990 918 virorum
2037 874 2288 932 epistolas,

121 956 187 1028 de
219 956 368 1005 verbo
406 957 479 1004 ad
512 956 716 1004 verbum
752 956 1018 1005 huismodi.
1101 956 1328 1004 ‘Domine
1363 957 1434 1004 mi
1467 956 1726 1015 mayister,
1769 955 1880 1003 dux
1916 969 2052 1003 meus
2076 962 2124 1003 et
2148 947 2294 1005 notus

119 1034 270 1102 meus,
312 1054 346 1088 a
382 1054 460 1088 me
495 1042 587 1102 qui
620 1041 867 1104 desydero
903 1047 954 1090 et
989 1042 1293 1102 concupisco
1329 1054 1538 1089 cernere
1573 1040 1762 1088 vultum
1788 1044 1926 1087 tuum
1950 1041 2292 1090 suavissimum

21 1149 66 1197 ³9.
120 1127 191 1175 ad
225 1126 578 1174 delectandum
617 1126 681 1173 de
703 1127 976 1187 splendore
999 1127 1162 1174 vultus
1187 1127 1265 1174 tui
1284 1126 1513 1185 lucentis,
1555 1125 1814 1173 audiendo
1841 1125 2128 1173 doctrinam
2155 1130 2292 1174 tuam

22 1209 456 1276 supter-mimam
485 1215 553 1258 .et
575 1224 623 1259 c.
702 1210 742 1258 0
777 1210 1059 1259 beatissime
1072 1215 1246 1272 pater,
1287 1212 1336 1259 si
1356 1225 1449 1271 eqo
1474 1210 1565 1269 bec
1589 1211 1913 1270 scripsissem,
1956 1211 2045 1258 diu
2066 1204 2290 1270 forsitan

23 1282 46 1358 ,²
117 1295 398 1346 combustus
424 1293 614 1355 forem.
694 1295 950 1352 Quomodo
979 1300 1147 1357 potest
1181 1296 1328 1344 bomo
1364 1295 1682 1356 blasphemus
1717 1300 1764 1342 et
1787 1295 2057 1350 christiani
2078 1297 2292 1344 nominis

36 1390 49 1425 .-
108 1385 411 1445 persecutor
444 1380 632 1430 vultum
668 1380 858 1429 habere
893 1385 943 1429 et
977 1381 1321 1442 splendentem
1358 1386 1407 1429 et
1442 1382 1686 1429 lucentem
1703 1380 1728 1427 ?
1769 1378 2023 1436 Quomodo
2047 1382 2178 1428 enim
2197 1394 2288 1441 po-

117 1460 238 1517 terit
280 1480 416 1516 nunc
450 1466 682 1528 probare
726 1466 1063 1515 execrabilem
1112 1466 1386 1525 Iudeorum
1443 1466 1727 1514 doctrinam
1782 1478 1887 1512 esse
1923 1466 2252 1525 purissimam
2265 1467 2289 1513 ?

37 1543 40 1604 ζ
118 1551 388 1614 Nunquam
424 1555 480 1600 ut
514 1553 711 1613 opinor.
789 1551 922 1599 Nam
960 1553 1050 1613 qui
1085 1552 1411 1612 purissimam
1459 1551 1622 1610 inquit
1659 1550 1935 1608 ludeorum
1985 1551 2285 1611 doctrinam,

36 1615 106 1702 [ιι
116 1641 343 1687 nostram
381 1636 465 1695 (ut
498 1639 743 1699 apparet)
781 1637 1074 1686 vilissimam
1111 1650 1217 1686 esse
1246 1635 1462 1697 fatetur.

590 1763 634 1811 (Ι
672 1764 847 1823 Quod
882 1766 1003 1814 iste
1038 1765 1204 1814 liber
1240 1778 1361 1814 non
1397 1766 1482 1813 sit
1510 1763 1816 1823 famosus.

258 1877 303 1926 (Ι
339 1877 490 1928 Nunc
519 1876 747 1938 fortasse
781 1880 1098 1940 turpissimus
1134 1883 1317 1928 auctor
1353 1879 1679 1927 obscurorum
1716 1878 1940 1925 virorum
1966 1882 2059 1924 aut
2081 1878 2288 1938 quicun-

117 1978 215 2026 que
249 1965 382 2014 alius
406 1964 468 2013 A.
496 1964 576 2012 vel
599 1963 663 2013 B.
692 1965 790 2013 ista
825 1965 995 2024 leyens
1030 1966 1137 2013 sine
1173 1965 1374 2012 ratione
1402 1962 1766 2024 proclamabit,
1807 1962 1942 2010 hunc
1977 1961 2161 2010 librum
2186 1975 2290 2010 esse

113 2049 372 2109 famosum
416 2054 467 2097 et
510 2062 616 2098 sese
659 2048 739 2097 his
783 2051 989 2111 scriptis
1032 2051 1205 2108 lesum.
1283 2046 1326 2095 (Ι
1363 2048 1606 2097 Reclamo
1653 2048 1748 2095 lzoc
1787 2045 2118 2105 falsissimum
2166 2060 2285 2094 esse.

39 2147 105 2182 -20
122 2134 538 2195 Quandoquidem
574 2133 704 2182 liber
739 2135 824 2182 ille
856 2133 1089 2195 famosus
1126 2147 1227 2182 non
1265 2136 1330 2182 sit
1376 2135 1466 2194 qui
1508 2134 1770 2181 veritatem
1817 2133 2090 2180 dumtaxat
2126 2133 2287 2193 profi-

117 2226 277 2280 tetur,
327 2224 377 2268 et
411 2232 525 2268 eam
562 2221 810 2280 maxime,
862 2233 965 2280 qua
1014 2221 1256 2279 iqnorata
1303 2224 1411 2267 tota
1440 2231 1576 2280 pene
1614 2217 1974 2265 Christianitas
2000 2230 2103 2277 per
2140 2217 2288 2265 devia

117 2304 425 2354 ambulando
461 2306 514 2353 in
549 2305 646 2353 hoc
681 2306 894 2365 neyocio
931 2305 1180 2352 aberrare
1206 2310 1393 2366 posset.
1471 2302 1514 2349 (Ι
1550 2302 1784 2355 Secundo
1823 2315 1923 2350 non
1960 2307 2031 2349 est
2055 2302 2184 2349 liber
2207 2303 2291 2350 ille

110 2389 344 2451 famosus
378 2391 470 2451 qui
499 2391 809 2438 serenissimi
841 2391 1168 2452 imperatoris
1212 2390 1486 2448 mandata,
1540 2389 1629 2449 qui
1670 2388 2016 2435 sacratissima
2064 2387 2289 2435 diversa-

116 2488 231 2525 rum
267 2476 653 2529 universitatum
690 2476 924 2535 consilia,
967 2476 1059 2535 qui
1091 2475 1370 2522 earundem
1407 2475 1700 2532 sententias,
1742 2474 1832 2533 qui
1865 2486 2058 2532 recum,
2091 2473 2289 2533 princi-

43 2572 106 2629 x²5
111 2574 242 2624 pum
265 2561 584 2622 aliorumque
607 2561 870 2609 doctorum
907 2560 1148 2621 epistolas
1184 2561 1236 2608 in
1273 2561 1483 2619 neqocio
1514 2559 1641 2617 fidei
1673 2558 2034 2619 complectitur.
2104 2556 2288 2604 Tertio.

118 2659 222 2696 non
259 2651 333 2695 est
365 2645 494 2695 liber
530 2646 616 2695 ille
645 2643 906 2706 famosus,
959 2646 1050 2706 qui
1091 2646 1410 2706 componitur
1456 2646 1509 2692 in
1558 2644 1935 2692 excusationem
1981 2655 2152 2690 eorum
2198 2656 2292 2702 que

119 2730 331 2791 Cesar-ee
364 2732 623 2780 maiestati
649 2744 750 2792 per
787 2731 996 2790 infidum
1032 2731 1278 2780 hominem
1299 2729 1443 2789 falso
1469 2731 1815 2791 imponuntur.
1893 2726 1935 2774 (Ι
1976 2726 2168 2784 Quarto
2193 2739 2291 2774 non

45 2847 52 2853 -
116 2821 232 2867 sunt
275 2817 369 2866 illa
413 2817 613 2878 scripta
660 2817 971 2881 incusanda,
1031 2829 1127 2877 que
1174 2816 1246 2864 ad
1290 2816 1672 2864 instructionem
1729 2812 2130 2871 christifidelium
2177 2818 2293 2860 sunt

117 2903 414 2966 composita,
455 2907 511 2951 ut
547 2902 638 2963 qui
670 2901 915 2951 hactenus
951 2902 1194 2962 iynorant
1230 2902 1495 2950 veritatem
1521 2904 1823 2960 aquoscant.
1901 2897 1943 2944 (Ι
1984 2896 2166 2954 Quinto
2191 2910 2291 2945 non

61 2987 319 3036 »dicetur
347 2985 582 3047 famosus
617 2987 702 3036 ille
736 2987 866 3035 liber
901 2987 990 3036 cui
1023 2992 1205 3035 auctor
1241 2999 1489 3048 expresso
1525 2999 1615 3034 suo
1662 2985 1887 3043 nomine,
1941 2982 2037 3031 hoc
2083 2983 2146 3029 de
2189 2995 2294 3029 sese

117 3073 227 3134 ipso
255 3073 543 3135 profitetur,
584 3072 722 3135 quod
754 3074 801 3121 si
834 3073 1020 3134 aliquis
1055 3073 1304 3121 articulus
1329 3077 1419 3121 aut
1443 3070 1728 3133 improbari
1747 3070 1856 3117 sine
1878 3068 2117 3128 captione
2132 3068 2295 3128 possit

118 3162 209 3207 aut
241 3170 359 3207 vere
387 3155 563 3218 salsus
601 3170 666 3206 ac
701 3158 853 3206 simul
888 3158 1095 3206 nocivus
1133 3158 1380 3218 inveniri,
1422 3158 1586 3218 ipsum
1624 3154 1858 3203 videlicet
1896 3158 2153 3202 auctorem
2191 3157 2292 3200 tum

113 3245 358 3304 paratum
404 3255 511 3292 esse
555 3254 731 3292 coram
779 3256 1079 3304 quocunque
1126 3243 1293 3291 iudice
1339 3247 1442 3291 tam
1488 3241 1714 3299 seculari
1758 3251 1908 3300 quam
1956 3238 2295 3287 ecclesiastico

48 3358 60 3404 ἐ)
109 3326 370 3389 publicam
404 3328 582 3377 mortis
608 3340 801 3389 penam
837 3328 1033 3388 subire,
1084 3328 1336 3389 loquendo
1374 3333 1542 3376 tamen
1580 3338 1777 3386 semper
1814 3325 1878 3373 de
1914 3324 2148 3373 articulis
2174 3336 2294 3384 pre-

91 3412 394 3473 .onanti‘bus
428 3418 478 3461 et
516 3413 705 3461 iudicio
740 3427 955 3476 syncero
992 3418 1040 3461 et
1078 3414 1235 3473 diqno
1260 3414 1386 3462 iuris
1410 3412 1623 3473 strepitu
1662 3410 1876 3471 (absque
1898 3410 2152 3472 captione,
2187 3405 2294 3467 sal-

118 3495 274 3559 lacia,
315 3499 432 3547 dolo
457 3511 520 3546 ac
547 3498 693 3546 inani
726 3499 1074 3559 contentione)
1113 3499 1297 3559 dionis.
1375 3496 1417 3544 (Ι
1454 3497 1581 3545 Item
1618 3497 1665 3543 si
1699 3496 1884 3556 aliquis
1921 3495 2158 3544 obiiceret
2200 3491 2295 3540 ‘Tu

69 3597 74 3604 ·
119 3582 372 3645 scripsisti
402 3582 588 3631 librum
619 3580 877 3641 famosum
916 3582 1221 3644 imponendo
1258 3582 1453 3630 Ioanni
1489 3581 1737 3630 Reuclzlin
1776 3581 2013 3629 terminos
2052 3579 2292 3641 quosdam

78 3697 84 3702 -
121 3665 370 3730 impuros,
421 3668 732 3730 appellando
769 3682 880 3717 eum
916 3668 1165 3717 hominem
1203 3666 1412 3727 vafrum
1449 3672 1498 3716 et
1533 3667 1832 3716 levissimum
1870 3666 2057 3714 habere
2084 3676 2291 3726 perver-

66 3901 71 3909 .
234 3847 248 3877 ¹
279 3850 424 3892 Extat
461 3850 563 3891 haec
606 3850 811 3904 epistula
850 3851 909 3892 ad
946 3854 1279 3905 praeceptorem
1320 3863 1450 3892 suum
1480 3850 1699 3891 Iacobum
1730 3847 1874 3890 lehiel
1905 3849 2059 3889 Loans
2090 3844 2289 3886 Iudaeum

123 3916 171 3961 in
199 3920 368 3965 Illustr.
390 3922 496 3964 virt.
519 3935 622 3976 epp.
645 3922 703 3963 ad
723 3922 966 3964 Reuchlin.
989 3923 1228 3977 Hagenoae
1261 3937 1303 3966 a.
1330 3921 1451 3964 1519.
1473 3921 1532 3964 4⁰.
1558 3933 1663 3974 pag.
1688 3934 1744 3961 m.
1833 3918 1868 3944 ²⁹
1902 3919 2087 3971 ignou‘nt'
2122 3919 2157 3958 1.
