<?xml version="1.0" encoding="UTF-8"?>
<!DOCTYPE html PUBLIC "-//W3C//DTD XHTML 1.0 Transitional//EN"
    "http://www.w3.org/TR/xhtml1/DTD/xhtml1-transitional.dtd">
<html xmlns="http://www.w3.org/1999/xhtml" xml:lang="en" lang="en">
 <head>
  <title>
</title>
<meta http-equiv="Content-Type" content="text/html;charset=utf-8" />
  <meta name='ocr-system' content='tesseract 3.04.00' />
  <meta name='ocr-capabilities' content='ocr_page ocr_carea ocr_par ocr_line ocrx_word'/>
</head>
<body>
  <div class='ocr_page' id='page_1' title='image "./supoperaquaerepe01huttuoft_0168.png"; bbox 0 0 2456 4264; ppageno 0'>
   <div class='ocr_carea' id='block_1_1' title="bbox 237 259 2069 317">
    <p class='ocr_par' dir='ltr' id='par_1_1' title="bbox 237 259 2069 317">
     <span class='ocr_line' id='line_1_1' title="bbox 237 259 2069 317; baseline -0.006 -5"><span class='ocrx_word' id='word_1_1' title='bbox 237 259 356 317; x_wconf 78' lang='grc'><em>128</em></span> <span class='ocrx_word' id='word_1_2' title='bbox 528 282 622 311; x_wconf 77' lang='grc' dir='ltr'><strong>ῘΟΔ.</strong></span> <span class='ocrx_word' id='word_1_3' title='bbox 643 280 953 310; x_wconf 77' lang='lat' dir='ltr'><strong>PEPERICORNI</strong></span> <span class='ocrx_word' id='word_1_4' title='bbox 977 277 1207 307; x_wconf 78' lang='lat' dir='ltr'><strong>DEFENSIO</strong></span> <span class='ocrx_word' id='word_1_5' title='bbox 1230 275 1411 306; x_wconf 79' lang='lat' dir='ltr'>CONTRA</span> <span class='ocrx_word' id='word_1_6' title='bbox 1432 271 1641 303; x_wconf 75' lang='lat' dir='ltr'>FAMOSAS</span> <span class='ocrx_word' id='word_1_7' title='bbox 1666 275 1708 302; x_wconf 91' lang='grc' dir='ltr'><em>Ο.</em></span> <span class='ocrx_word' id='word_1_8' title='bbox 1731 271 1778 303; x_wconf 73' lang='lat' dir='ltr'><em>V.</em></span> <span class='ocrx_word' id='word_1_9' title='bbox 1798 266 2069 302; x_wconf 73' lang='lat' dir='ltr'><strong>EPISTOLAS.</strong></span> 
     </span>
    </p>
   </div>
   <div class='ocr_carea' id='block_1_2' title="bbox 153 403 2450 2476">
    <p class='ocr_par' dir='ltr' id='par_1_2' title="bbox 153 403 2450 2476">
     <span class='ocr_line' id='line_1_2' title="bbox 153 403 2375 474; baseline -0.006 -12"><span class='ocrx_word' id='word_1_10' title='bbox 153 418 212 470; x_wconf 63' lang='lat' dir='ltr'><em>gljb</em></span> <span class='ocrx_word' id='word_1_11' title='bbox 233 414 444 472; x_wconf 86' lang='lat' dir='ltr'><em>Austrie,</em></span> <span class='ocrx_word' id='word_1_12' title='bbox 495 412 602 459; x_wconf 80' lang='lat' dir='ltr'><em>dux</em></span> <span class='ocrx_word' id='word_1_13' title='bbox 635 405 961 474; x_wconf 69' lang='lat' dir='ltr'><em>Burqunssdie</em></span> <span class='ocrx_word' id='word_1_14' title='bbox 1007 413 1054 455; x_wconf 90' lang='lat' dir='ltr'><em>et</em></span> <span class='ocrx_word' id='word_1_15' title='bbox 1089 406 1367 462; x_wconf 89' lang='lat' dir='ltr'><em>Brabantie</em></span> <span class='ocrx_word' id='word_1_16' title='bbox 1394 410 1444 452; x_wconf 88' lang='lat' dir='ltr'><em>et</em></span> <span class='ocrx_word' id='word_1_17' title='bbox 1481 403 1646 450; x_wconf 89' lang='lat' dir='ltr'><em>Comes</em></span> <span class='ocrx_word' id='word_1_18' title='bbox 1672 403 1933 463; x_wconf 86' lang='lat' dir='ltr'><em>palatinus</em></span> <span class='ocrx_word' id='word_1_19' title='bbox 1962 406 2026 449; x_wconf 88' lang='lat' dir='ltr'><em>.et</em></span> <span class='ocrx_word' id='word_1_20' title='bbox 2042 415 2084 450; x_wconf 92' lang='lat' dir='ltr'><em>c.</em></span> <span class='ocrx_word' id='word_1_21' title='bbox 2152 406 2375 461; x_wconf 88' lang='lat' dir='ltr'><em>optamus</em></span> 
     </span>
     <span class='ocr_line' id='line_1_3' title="bbox 228 485 2401 551; baseline -0.006 -6"><span class='ocrx_word' id='word_1_22' title='bbox 228 499 328 546; x_wconf 90' lang='lat' dir='ltr'><em>sive</em></span> <span class='ocrx_word' id='word_1_23' title='bbox 364 497 655 544; x_wconf 72' lang='lat' dir='ltr'><em>nunciamus</em></span> <span class='ocrx_word' id='word_1_24' title='bbox 686 492 906 539; x_wconf 92' lang='lat' dir='ltr'><em>omnibus</em></span> <span class='ocrx_word' id='word_1_25' title='bbox 943 491 1144 551; x_wconf 89' lang='lat' dir='ltr'><em>imperii</em></span> <span class='ocrx_word' id='word_1_26' title='bbox 1186 489 1495 547; x_wconf 76' lang='lat' dir='ltr'><em>electoribuS,</em></span> <span class='ocrx_word' id='word_1_27' title='bbox 1529 485 1845 547; x_wconf 86' lang='lat' dir='ltr'><em>principibus</em></span> <span class='ocrx_word' id='word_1_28' title='bbox 1892 491 1992 534; x_wconf 91' lang='lat' dir='ltr'><em>tam</em></span> <span class='ocrx_word' id='word_1_29' title='bbox 2034 486 2401 533; x_wconf 74' lang='lat' dir='ltr'><em>ecclesiasticis-</em></span> 
     </span>
     <span class='ocr_line' id='line_1_4' title="bbox 230 568 2374 640; baseline -0.006 -13"><span class='ocrx_word' id='word_1_30' title='bbox 230 593 376 640; x_wconf 91' lang='lat' dir='ltr'><em>quam</em></span> <span class='ocrx_word' id='word_1_31' title='bbox 403 577 720 637; x_wconf 51' lang='lat' dir='ltr'><em>secutaribus,</em></span> <span class='ocrx_word' id='word_1_32' title='bbox 748 575 977 635; x_wconf 79' lang='lat' dir='ltr'><em>prelati8‚</em></span> <span class='ocrx_word' id='word_1_33' title='bbox 1016 573 1288 633; x_wconf 86' lang='lat' dir='ltr'><em>Comitibus,</em></span> <span class='ocrx_word' id='word_1_34' title='bbox 1312 572 1480 620; x_wconf 85' lang='lat' dir='ltr'><em>liberis</em></span> <span class='ocrx_word' id='word_1_35' title='bbox 1505 570 1726 629; x_wconf 89' lang='lat' dir='ltr'><em>dominis,</em></span> <span class='ocrx_word' id='word_1_36' title='bbox 1753 568 2008 635; x_wconf 84' lang='lat' dir='ltr'><em>Equitibus</em></span> <span class='ocrx_word' id='word_1_37' title='bbox 2032 570 2226 617; x_wconf 90' lang='lat' dir='ltr'><em>auratis</em></span> <span class='ocrx_word' id='word_1_38' title='bbox 2252 573 2314 616; x_wconf 86' lang='lat' dir='ltr'><em>.et</em></span> <span class='ocrx_word' id='word_1_39' title='bbox 2328 581 2374 616; x_wconf 90' lang='lat' dir='ltr'><em>c.</em></span> 
     </span>
     <span class='ocr_line' id='line_1_5' title="bbox 235 652 2379 723; baseline -0.006 -12"><span class='ocrx_word' id='word_1_40' title='bbox 235 663 539 723; x_wconf 77' lang='lat' dir='ltr'><em>Capitanei3‚</em></span> <span class='ocrx_word' id='word_1_41' title='bbox 592 658 880 720; x_wconf 77' lang='lat' dir='ltr'><em>SchultetiS,</em></span> <span class='ocrx_word' id='word_1_42' title='bbox 931 657 1240 719; x_wconf 75' lang='lat' dir='ltr'><em>Consulibu8‚</em></span> <span class='ocrx_word' id='word_1_43' title='bbox 1289 654 1609 704; x_wconf 87' lang='lat' dir='ltr'><em>Senatoribus</em></span> <span class='ocrx_word' id='word_1_44' title='bbox 1624 691 1635 711; x_wconf 94' lang='lat'><em>,</em></span> <span class='ocrx_word' id='word_1_45' title='bbox 1689 652 1905 716; x_wconf 87' lang='lat' dir='ltr'><em>Civibus,</em></span> <span class='ocrx_word' id='word_1_46' title='bbox 1952 653 2290 701; x_wconf 77' lang='lat' dir='ltr'><em>communitati</em></span> <span class='ocrx_word' id='word_1_47' title='bbox 2331 657 2379 698; x_wconf 89' lang='lat' dir='ltr'><em>et</em></span> 
     </span>
     <span class='ocr_line' id='line_1_6' title="bbox 232 736 2417 804; baseline -0.005 -11"><span class='ocrx_word' id='word_1_48' title='bbox 232 746 451 794; x_wconf 89' lang='lat' dir='ltr'><em>omnibus</em></span> <span class='ocrx_word' id='word_1_49' title='bbox 482 745 685 804; x_wconf 88' lang='lat' dir='ltr'><em>reliquis</em></span> <span class='ocrx_word' id='word_1_50' title='bbox 716 743 894 790; x_wconf 86' lang='lat' dir='ltr'><em>nostris</em></span> <span class='ocrx_word' id='word_1_51' title='bbox 921 745 968 789; x_wconf 90' lang='lat' dir='ltr'><em>et</em></span> <span class='ocrx_word' id='word_1_52' title='bbox 1003 741 1200 802; x_wconf 85' lang='lat' dir='ltr'><em>imperii</em></span> <span class='ocrx_word' id='word_1_53' title='bbox 1234 740 1440 788; x_wconf 91' lang='lat' dir='ltr'><em>subditis</em></span> <span class='ocrx_word' id='word_1_54' title='bbox 1488 751 1551 786; x_wconf 89' lang='lat' dir='ltr'><em>ac</em></span> <span class='ocrx_word' id='word_1_55' title='bbox 1585 737 1726 797; x_wconf 79' lang='lat' dir='ltr'><em>fidis,</em></span> <span class='ocrx_word' id='word_1_56' title='bbox 1777 737 1828 784; x_wconf 90' lang='lat' dir='ltr'><em>in</em></span> <span class='ocrx_word' id='word_1_57' title='bbox 1874 749 2168 797; x_wconf 89' lang='lat' dir='ltr'><em>quacunque</em></span> <span class='ocrx_word' id='word_1_58' title='bbox 2204 736 2376 795; x_wconf 72' lang='lat' dir='ltr'><em>diqni-</em></span> <span class='ocrx_word' id='word_1_59' title='bbox 2397 752 2417 783; x_wconf 90' lang='lat'><strong>5</strong></span> 
     </span>
     <span class='ocr_line' id='line_1_7' title="bbox 234 819 2383 887; baseline -0.006 -9"><span class='ocrx_word' id='word_1_60' title='bbox 234 837 331 878; x_wconf 85' lang='lat' dir='ltr'><em>tate</em></span> <span class='ocrx_word' id='word_1_61' title='bbox 375 834 561 878; x_wconf 78' lang='lat' dir='ltr'><em>statuve</em></span> <span class='ocrx_word' id='word_1_62' title='bbox 605 832 741 884; x_wconf 87' lang='lat' dir='ltr'><em>sunt,</em></span> <span class='ocrx_word' id='word_1_63' title='bbox 788 831 837 874; x_wconf 93' lang='lat' dir='ltr'><em>et</em></span> <span class='ocrx_word' id='word_1_64' title='bbox 866 826 1130 887; x_wconf 80' lang='lat' dir='ltr'><em>presertim</em></span> <span class='ocrx_word' id='word_1_65' title='bbox 1173 824 1450 873; x_wconf 87' lang='lat' dir='ltr'><em>consulibus</em></span> <span class='ocrx_word' id='word_1_66' title='bbox 1486 827 1535 870; x_wconf 92' lang='lat' dir='ltr'><em>et</em></span> <span class='ocrx_word' id='word_1_67' title='bbox 1577 822 1778 869; x_wconf 89' lang='lat' dir='ltr'><em>senatui</em></span> <span class='ocrx_word' id='word_1_68' title='bbox 1808 819 2285 880; x_wconf 77' lang='lat' dir='ltr'><em>Francksordiensi‚</em></span> <span class='ocrx_word' id='word_1_69' title='bbox 2332 823 2383 867; x_wconf 89' lang='lat' dir='ltr'><em>et</em></span> 
     </span>
     <span class='ocr_line' id='line_1_8' title="bbox 188 904 2378 976; baseline -0.005 -14"><span class='ocrx_word' id='word_1_70' title='bbox 188 924 192 928; x_wconf 83' lang='lat'>·</span> <span class='ocrx_word' id='word_1_71' title='bbox 234 915 406 976; x_wconf 91' lang='lat' dir='ltr'><em>quibus</em></span> <span class='ocrx_word' id='word_1_72' title='bbox 446 914 505 973; x_wconf 83' lang='lat' dir='ltr'><em>he</em></span> <span class='ocrx_word' id='word_1_73' title='bbox 541 918 703 971; x_wconf 88' lang='lat' dir='ltr'><em>nostre</em></span> <span class='ocrx_word' id='word_1_74' title='bbox 737 914 896 969; x_wconf 79' lang='lat' dir='ltr'><em>littere</em></span> <span class='ocrx_word' id='word_1_75' title='bbox 933 909 1234 968; x_wconf 88' lang='lat' dir='ltr'><em>indicantur,</em></span> <span class='ocrx_word' id='word_1_76' title='bbox 1272 911 1490 955; x_wconf 89' lang='lat' dir='ltr'><em>nostram</em></span> <span class='ocrx_word' id='word_1_77' title='bbox 1523 907 1742 966; x_wconf 75' lang='lat' dir='ltr'><em>qratiam</em></span> <span class='ocrx_word' id='word_1_78' title='bbox 1778 912 1826 954; x_wconf 90' lang='lat' dir='ltr'><em>et</em></span> <span class='ocrx_word' id='word_1_79' title='bbox 1854 917 1994 952; x_wconf 92' lang='lat' dir='ltr'><em>omne</em></span> <span class='ocrx_word' id='word_1_80' title='bbox 2018 904 2208 952; x_wconf 90' lang='lat' dir='ltr'><em>bonum.</em></span> <span class='ocrx_word' id='word_1_81' title='bbox 2280 904 2378 952; x_wconf 89' lang='lat' dir='ltr'><em>Ve-</em></span> 
     </span>
     <span class='ocr_line' id='line_1_9' title="bbox 235 976 2380 1058; baseline -0.006 -11"><span class='ocrx_word' id='word_1_82' title='bbox 235 991 501 1057; x_wconf 85' lang='lat' dir='ltr'><em>nerabiles,</em></span> <span class='ocrx_word' id='word_1_83' title='bbox 540 999 770 1058; x_wconf 75' lang='lat' dir='ltr'><em>illustreS,</em></span> <span class='ocrx_word' id='word_1_84' title='bbox 805 995 954 1043; x_wconf 89' lang='lat' dir='ltr'><em>chari</em></span> <span class='ocrx_word' id='word_1_85' title='bbox 984 998 1197 1054; x_wconf 77' lang='lat' dir='ltr'><em>nepotes,</em></span> <span class='ocrx_word' id='word_1_86' title='bbox 1232 994 1463 1040; x_wconf 87' lang='lat' dir='ltr'><em>electores</em></span> <span class='ocrx_word' id='word_1_87' title='bbox 1497 991 1712 1052; x_wconf 86' lang='lat' dir='ltr'><em>imperii,</em></span> <span class='ocrx_word' id='word_1_88' title='bbox 1744 976 2015 1051; x_wconf 76' lang='lat' dir='ltr'><em>principe8‚</em></span> <span class='ocrx_word' id='word_1_89' title='bbox 2051 989 2247 1047; x_wconf 79' lang='lat' dir='ltr'><em>nobileS,</em></span> <span class='ocrx_word' id='word_1_90' title='bbox 2286 987 2380 1035; x_wconf 85' lang='lat' dir='ltr'><em>ho·-</em></span> 
     </span>
     <span class='ocr_line' id='line_1_10' title="bbox 234 1071 2380 1142; baseline -0.005 -12"><span class='ocrx_word' id='word_1_91' title='bbox 234 1084 369 1142; x_wconf 90' lang='lat' dir='ltr'><em>nesti,</em></span> <span class='ocrx_word' id='word_1_92' title='bbox 407 1082 567 1129; x_wconf 91' lang='lat' dir='ltr'><em>devoti</em></span> <span class='ocrx_word' id='word_1_93' title='bbox 588 1087 635 1129; x_wconf 92' lang='lat' dir='ltr'><em>et</em></span> <span class='ocrx_word' id='word_1_94' title='bbox 665 1080 812 1129; x_wconf 88' lang='lat' dir='ltr'><em>chari</em></span> <span class='ocrx_word' id='word_1_95' title='bbox 845 1079 1073 1139; x_wconf 75' lang='lat' dir='ltr'><em>nobisque</em></span> <span class='ocrx_word' id='word_1_96' title='bbox 1099 1077 1208 1137; x_wconf 75' lang='lat' dir='ltr'><em>fidi.</em></span> <span class='ocrx_word' id='word_1_97' title='bbox 1283 1076 1430 1124; x_wconf 90' lang='lat' dir='ltr'><em>Nobis</em></span> <span class='ocrx_word' id='word_1_98' title='bbox 1458 1079 1758 1136; x_wconf 91' lang='lat' dir='ltr'><em>compertum</em></span> <span class='ocrx_word' id='word_1_99' title='bbox 1781 1078 1854 1123; x_wconf 90' lang='lat' dir='ltr'><em>est</em></span> <span class='ocrx_word' id='word_1_100' title='bbox 1874 1073 2112 1122; x_wconf 90' lang='lat' dir='ltr'><em>Ioannem</em></span> <span class='ocrx_word' id='word_1_101' title='bbox 2136 1071 2380 1120; x_wconf 86' lang='lat' dir='ltr'><em>Reuchlin</em></span> 
     </span>
     <span class='ocr_line' id='line_1_11' title="bbox 233 1157 2438 1226; baseline -0.005 -12"><span class='ocrx_word' id='word_1_102' title='bbox 233 1169 396 1226; x_wconf 72' lang='lat' dir='ltr'><em>leeum</em></span> <span class='ocrx_word' id='word_1_103' title='bbox 431 1166 675 1213; x_wconf 89' lang='lat' dir='ltr'><em>doctorem</em></span> <span class='ocrx_word' id='word_1_104' title='bbox 693 1201 705 1223; x_wconf 93' lang='lat'>‚</span> <span class='ocrx_word' id='word_1_105' title='bbox 744 1165 934 1224; x_wconf 89' lang='lat' dir='ltr'><em>aliquos</em></span> <span class='ocrx_word' id='word_1_106' title='bbox 971 1163 1155 1211; x_wconf 88' lang='lat' dir='ltr'><em>libellos</em></span> <span class='ocrx_word' id='word_1_107' title='bbox 1190 1162 1538 1222; x_wconf 85' lang='lat' dir='ltr'><em>composuisse,</em></span> <span class='ocrx_word' id='word_1_108' title='bbox 1591 1160 1897 1220; x_wconf 75' lang='lat' dir='ltr'><em>impressisse</em></span> <span class='ocrx_word' id='word_1_109' title='bbox 1933 1171 1996 1206; x_wconf 91' lang='lat' dir='ltr'><em>ac</em></span> <span class='ocrx_word' id='word_1_110' title='bbox 2026 1157 2222 1219; x_wconf 86' lang='lat' dir='ltr'><em>publice</em></span> <span class='ocrx_word' id='word_1_111' title='bbox 2258 1170 2381 1205; x_wconf 92' lang='lat' dir='ltr'><em>ven-</em></span> <span class='ocrx_word' id='word_1_112' title='bbox 2400 1172 2438 1205; x_wconf 88' lang='lat'><em>10</em></span> 
     </span>
     <span class='ocr_line' id='line_1_12' title="bbox 234 1242 2383 1310; baseline -0.004 -12"><span class='ocrx_word' id='word_1_113' title='bbox 234 1250 432 1309; x_wconf 83' lang='lat' dir='ltr'><em>didisse,</em></span> <span class='ocrx_word' id='word_1_114' title='bbox 469 1255 614 1310; x_wconf 81' lang='lat' dir='ltr'><em>atque</em></span> <span class='ocrx_word' id='word_1_115' title='bbox 648 1250 874 1307; x_wconf 82' lang='lat' dir='ltr'><em>emisisse,</em></span> <span class='ocrx_word' id='word_1_116' title='bbox 912 1249 961 1295; x_wconf 93' lang='lat' dir='ltr'><em>in</em></span> <span class='ocrx_word' id='word_1_117' title='bbox 1000 1246 1172 1307; x_wconf 90' lang='lat' dir='ltr'><em>quibus</em></span> <span class='ocrx_word' id='word_1_118' title='bbox 1206 1247 1310 1307; x_wconf 92' lang='lat' dir='ltr'><em>ipse</em></span> <span class='ocrx_word' id='word_1_119' title='bbox 1346 1247 1475 1293; x_wconf 91' lang='lat' dir='ltr'><em>inter</em></span> <span class='ocrx_word' id='word_1_120' title='bbox 1509 1245 1724 1304; x_wconf 87' lang='lat' dir='ltr'><em>reliquos</em></span> <span class='ocrx_word' id='word_1_121' title='bbox 1759 1242 1905 1291; x_wconf 84' lang='lat' dir='ltr'><em>valde</em></span> <span class='ocrx_word' id='word_1_122' title='bbox 1937 1244 2111 1291; x_wconf 88' lang='lat' dir='ltr'><em>multos</em></span> <span class='ocrx_word' id='word_1_123' title='bbox 2148 1242 2383 1290; x_wconf 82' lang='lat' dir='ltr'><em>articulos</em></span> 
     </span>
     <span class='ocr_line' id='line_1_13' title="bbox 234 1325 2387 1395; baseline -0.004 -13"><span class='ocrx_word' id='word_1_124' title='bbox 234 1335 500 1395; x_wconf 79' lang='lat' dir='ltr'><em>expressit,</em></span> <span class='ocrx_word' id='word_1_125' title='bbox 539 1335 626 1394; x_wconf 88' lang='lat' dir='ltr'><em>qui</em></span> <span class='ocrx_word' id='word_1_126' title='bbox 653 1333 962 1381; x_wconf 89' lang='lat' dir='ltr'><em>iudaicorum</em></span> <span class='ocrx_word' id='word_1_127' title='bbox 998 1331 1234 1379; x_wconf 85' lang='lat' dir='ltr'><em>librorum</em></span> <span class='ocrx_word' id='word_1_128' title='bbox 1269 1331 1468 1390; x_wconf 70' lang='lat' dir='ltr'><em>neeocio</em></span> <span class='ocrx_word' id='word_1_129' title='bbox 1505 1330 1648 1376; x_wconf 87' lang='lat' dir='ltr'><em>utiles</em></span> <span class='ocrx_word' id='word_1_130' title='bbox 1681 1336 1727 1375; x_wconf 92' lang='lat' dir='ltr'><em>et</em></span> <span class='ocrx_word' id='word_1_131' title='bbox 1764 1332 1927 1386; x_wconf 88' lang='lat' dir='ltr'><em>nostre</em></span> <span class='ocrx_word' id='word_1_132' title='bbox 1961 1327 2229 1385; x_wconf 80' lang='lat' dir='ltr'><em>christiane</em></span> <span class='ocrx_word' id='word_1_133' title='bbox 2263 1325 2387 1385; x_wconf 77' lang='lat' dir='ltr'><em>fidei</em></span> 
     </span>
     <span class='ocr_line' id='line_1_14' title="bbox 235 1409 2383 1483; baseline -0.004 -17"><span class='ocrx_word' id='word_1_134' title='bbox 235 1420 286 1466; x_wconf 86' lang='lat' dir='ltr'><em>in</em></span> <span class='ocrx_word' id='word_1_135' title='bbox 322 1419 662 1467; x_wconf 90' lang='lat' dir='ltr'><em>contumeliam</em></span> <span class='ocrx_word' id='word_1_136' title='bbox 698 1430 800 1464; x_wconf 91' lang='lat' dir='ltr'><em>esse</em></span> <span class='ocrx_word' id='word_1_137' title='bbox 827 1420 1053 1477; x_wconf 82' lang='lat' dir='ltr'><em>possent,</em></span> <span class='ocrx_word' id='word_1_138' title='bbox 1088 1419 1300 1476; x_wconf 88' lang='lat' dir='ltr'><em>propter</em></span> <span class='ocrx_word' id='word_1_139' title='bbox 1341 1426 1460 1474; x_wconf 91' lang='lat' dir='ltr'><em>quos</em></span> <span class='ocrx_word' id='word_1_140' title='bbox 1505 1412 1654 1471; x_wconf 93' lang='lat' dir='ltr'><em>Iudei</em></span> <span class='ocrx_word' id='word_1_141' title='bbox 1696 1425 1793 1483; x_wconf 89' lang='lat' dir='ltr'><em>non</em></span> <span class='ocrx_word' id='word_1_142' title='bbox 1833 1415 1986 1459; x_wconf 87' lang='lat' dir='ltr'><em>solum</em></span> <span class='ocrx_word' id='word_1_143' title='bbox 2023 1412 2074 1459; x_wconf 92' lang='lat' dir='ltr'><em>in</em></span> <span class='ocrx_word' id='word_1_144' title='bbox 2105 1424 2198 1458; x_wconf 90' lang='lat' dir='ltr'><em>sua</em></span> <span class='ocrx_word' id='word_1_145' title='bbox 2232 1409 2383 1458; x_wconf 89' lang='lat' dir='ltr'><em>obsti-</em></span> 
     </span>
     <span class='ocr_line' id='line_1_15' title="bbox 236 1496 2385 1562; baseline -0.004 -11"><span class='ocrx_word' id='word_1_146' title='bbox 236 1509 356 1551; x_wconf 89' lang='lat' dir='ltr'><em>nata</em></span> <span class='ocrx_word' id='word_1_147' title='bbox 390 1504 594 1562; x_wconf 82' lang='lat' dir='ltr'><em>cecitate</em></span> <span class='ocrx_word' id='word_1_148' title='bbox 629 1497 1007 1556; x_wconf 83' lang='lat' dir='ltr'><em>roborarentur,</em></span> <span class='ocrx_word' id='word_1_149' title='bbox 1056 1499 1146 1547; x_wconf 91' lang='lat' dir='ltr'><em>sed</em></span> <span class='ocrx_word' id='word_1_150' title='bbox 1188 1500 1334 1546; x_wconf 91' lang='lat' dir='ltr'><em>etiam</em></span> <span class='ocrx_word' id='word_1_151' title='bbox 1371 1499 1514 1545; x_wconf 90' lang='lat' dir='ltr'><em>multi</em></span> <span class='ocrx_word' id='word_1_152' title='bbox 1549 1496 1822 1545; x_wconf 78' lang='lat' dir='ltr'><em>Christiani</em></span> <span class='ocrx_word' id='word_1_153' title='bbox 1851 1498 2098 1558; x_wconf 88' lang='lat' dir='ltr'><em>simplices</em></span> <span class='ocrx_word' id='word_1_154' title='bbox 2118 1498 2385 1557; x_wconf 85' lang='lat' dir='ltr'><em>perverte-</em></span> 
     </span>
     <span class='ocr_line' id='line_1_16' title="bbox 235 1579 2441 1643; baseline -0.002 -8"><span class='ocrx_word' id='word_1_155' title='bbox 235 1591 426 1635; x_wconf 83' lang='lat' dir='ltr'><em>rentur.</em></span> <span class='ocrx_word' id='word_1_156' title='bbox 501 1586 565 1634; x_wconf 93' lang='lat' dir='ltr'><em>In</em></span> <span class='ocrx_word' id='word_1_157' title='bbox 601 1586 693 1633; x_wconf 91' lang='lat' dir='ltr'><em>hoc</em></span> <span class='ocrx_word' id='word_1_158' title='bbox 727 1584 864 1631; x_wconf 90' lang='lat' dir='ltr'><em>nobis</em></span> <span class='ocrx_word' id='word_1_159' title='bbox 893 1590 1127 1643; x_wconf 82' lang='lat' dir='ltr'><em>tanquam</em></span> <span class='ocrx_word' id='word_1_160' title='bbox 1163 1582 1387 1630; x_wconf 85' lang='lat' dir='ltr'><em>Romano</em></span> <span class='ocrx_word' id='word_1_161' title='bbox 1421 1582 1726 1643; x_wconf 85' lang='lat' dir='ltr'><em>Imperatori</em></span> <span class='ocrx_word' id='word_1_162' title='bbox 1769 1594 1832 1630; x_wconf 90' lang='lat' dir='ltr'><em>ac</em></span> <span class='ocrx_word' id='word_1_163' title='bbox 1876 1593 2106 1642; x_wconf 88' lang='lat' dir='ltr'><em>supremo</em></span> <span class='ocrx_word' id='word_1_164' title='bbox 2151 1579 2308 1640; x_wconf 87' lang='lat' dir='ltr'><em>capiti</em></span> <span class='ocrx_word' id='word_1_165' title='bbox 2339 1583 2386 1626; x_wconf 91' lang='lat' dir='ltr'><em>et</em></span> <span class='ocrx_word' id='word_1_166' title='bbox 2403 1597 2441 1629; x_wconf 81' lang='lat'><em>1⁵</em></span> 
     </span>
     <span class='ocr_line' id='line_1_17' title="bbox 236 1662 2387 1730; baseline -0.003 -12"><span class='ocrx_word' id='word_1_167' title='bbox 236 1670 491 1730; x_wconf 86' lang='lat' dir='ltr'><em>defensori</em></span> <span class='ocrx_word' id='word_1_168' title='bbox 517 1670 900 1718; x_wconf 81' lang='lat' dir='ltr'><em>Christianitatis</em></span> <span class='ocrx_word' id='word_1_169' title='bbox 922 1668 1209 1729; x_wconf 88' lang='lat' dir='ltr'><em>prospicere</em></span> <span class='ocrx_word' id='word_1_170' title='bbox 1237 1668 1474 1725; x_wconf 92' lang='lat' dir='ltr'><em>convenit,</em></span> <span class='ocrx_word' id='word_1_171' title='bbox 1500 1665 1808 1714; x_wconf 87' lang='lat' dir='ltr'><em>Mandamus</em></span> <span class='ocrx_word' id='word_1_172' title='bbox 1832 1666 1985 1725; x_wconf 76' lang='lat' dir='ltr'><em>iqitur</em></span> <span class='ocrx_word' id='word_1_173' title='bbox 2010 1663 2142 1712; x_wconf 91' lang='lat' dir='ltr'><em>vobis</em></span> <span class='ocrx_word' id='word_1_174' title='bbox 2166 1662 2387 1711; x_wconf 89' lang='lat' dir='ltr'><em>omnibus</em></span> 
     </span>
     <span class='ocr_line' id='line_1_18' title="bbox 236 1748 2387 1814; baseline -0.004 -11"><span class='ocrx_word' id='word_1_175' title='bbox 236 1762 282 1803; x_wconf 89' lang='lat' dir='ltr'><em>et</em></span> <span class='ocrx_word' id='word_1_176' title='bbox 311 1757 574 1814; x_wconf 90' lang='lat' dir='ltr'><em>unicuique</em></span> <span class='ocrx_word' id='word_1_177' title='bbox 610 1758 819 1802; x_wconf 89' lang='lat' dir='ltr'><em>vestrum</em></span> <span class='ocrx_word' id='word_1_178' title='bbox 855 1752 944 1800; x_wconf 90' lang='lat' dir='ltr'><em>sub</em></span> <span class='ocrx_word' id='word_1_179' title='bbox 972 1765 1110 1813; x_wconf 88' lang='lat' dir='ltr'><em>pena</em></span> <span class='ocrx_word' id='word_1_180' title='bbox 1148 1753 1423 1800; x_wconf 89' lang='lat' dir='ltr'><em>amissionis</em></span> <span class='ocrx_word' id='word_1_181' title='bbox 1447 1752 1612 1811; x_wconf 75' lang='lat' dir='ltr'><em>qratie</em></span> <span class='ocrx_word' id='word_1_182' title='bbox 1641 1755 1830 1809; x_wconf 89' lang='lat' dir='ltr'><em>nostre,</em></span> <span class='ocrx_word' id='word_1_183' title='bbox 1876 1750 2094 1797; x_wconf 89' lang='lat' dir='ltr'><em>districte</em></span> <span class='ocrx_word' id='word_1_184' title='bbox 2130 1748 2387 1796; x_wconf 87' lang='lat' dir='ltr'><em>mandan-</em></span> 
     </span>
     <span class='ocr_line' id='line_1_19' title="bbox 237 1832 2388 1897; baseline -0.003 -10"><span class='ocrx_word' id='word_1_185' title='bbox 237 1844 306 1887; x_wconf 91' lang='lat' dir='ltr'><em>tes</em></span> <span class='ocrx_word' id='word_1_186' title='bbox 343 1852 406 1887; x_wconf 90' lang='lat' dir='ltr'><em>ac</em></span> <span class='ocrx_word' id='word_1_187' title='bbox 438 1840 585 1886; x_wconf 89' lang='lat' dir='ltr'><em>etiam</em></span> <span class='ocrx_word' id='word_1_188' title='bbox 622 1839 830 1886; x_wconf 88' lang='lat' dir='ltr'><em>volentes</em></span> <span class='ocrx_word' id='word_1_189' title='bbox 863 1836 998 1897; x_wconf 92' lang='lat' dir='ltr'><em>quod</em></span> <span class='ocrx_word' id='word_1_190' title='bbox 1020 1848 1102 1882; x_wconf 88' lang='lat' dir='ltr'><em>vos</em></span> <span class='ocrx_word' id='word_1_191' title='bbox 1127 1837 1501 1896; x_wconf 80' lang='lat' dir='ltr'><em>prenominatos</em></span> <span class='ocrx_word' id='word_1_192' title='bbox 1533 1835 1682 1883; x_wconf 87' lang='lat' dir='ltr'><em>libros</em></span> <span class='ocrx_word' id='word_1_193' title='bbox 1705 1833 1913 1882; x_wconf 90' lang='lat' dir='ltr'><em>Ioannis</em></span> <span class='ocrx_word' id='word_1_194' title='bbox 1939 1832 2184 1882; x_wconf 85' lang='lat' dir='ltr'><em>Reuchlin</em></span> <span class='ocrx_word' id='word_1_195' title='bbox 2211 1833 2388 1893; x_wconf 84' lang='lat' dir='ltr'><em>ubique</em></span> 
     </span>
     <span class='ocr_line' id='line_1_20' title="bbox 236 1919 2387 1984; baseline -0.003 -13"><span class='ocrx_word' id='word_1_196' title='bbox 236 1926 287 1971; x_wconf 90' lang='lat' dir='ltr'><em>in</em></span> <span class='ocrx_word' id='word_1_197' title='bbox 315 1924 485 1970; x_wconf 88' lang='lat' dir='ltr'><em>vestris</em></span> <span class='ocrx_word' id='word_1_198' title='bbox 500 1922 786 1984; x_wconf 76' lang='lat' dir='ltr'><em>provinciiS,</em></span> <span class='ocrx_word' id='word_1_199' title='bbox 818 1920 1091 1969; x_wconf 87' lang='lat' dir='ltr'><em>civitatibus</em></span> <span class='ocrx_word' id='word_1_200' title='bbox 1114 1928 1163 1968; x_wconf 92' lang='lat' dir='ltr'><em>et</em></span> <span class='ocrx_word' id='word_1_201' title='bbox 1183 1919 1455 1980; x_wconf 88' lang='lat' dir='ltr'><em>ducatibus,</em></span> <span class='ocrx_word' id='word_1_202' title='bbox 1480 1919 1694 1967; x_wconf 89' lang='lat' dir='ltr'><em>vendere</em></span> <span class='ocrx_word' id='word_1_203' title='bbox 1719 1923 1808 1966; x_wconf 88' lang='lat' dir='ltr'><em>aut</em></span> <span class='ocrx_word' id='word_1_204' title='bbox 1830 1919 2049 1966; x_wconf 86' lang='lat' dir='ltr'><em>emittere</em></span> <span class='ocrx_word' id='word_1_205' title='bbox 2072 1930 2387 1979; x_wconf 81' lang='lat' dir='ltr'><em>nequaquam</em></span> 
     </span>
     <span class='ocr_line' id='line_1_21' title="bbox 227 2001 2443 2068; baseline -0.001 -13"><span class='ocrx_word' id='word_1_206' title='bbox 227 2008 526 2068; x_wconf 90' lang='lat' dir='ltr'><em>permittatis</em></span> <span class='ocrx_word' id='word_1_207' title='bbox 539 2044 550 2066; x_wconf 97' lang='lat'><em>,</em></span> <span class='ocrx_word' id='word_1_208' title='bbox 595 2005 699 2054; x_wconf 85' lang='lat' dir='ltr'><em>Sed</em></span> <span class='ocrx_word' id='word_1_209' title='bbox 730 2019 811 2054; x_wconf 90' lang='lat' dir='ltr'><em>eos</em></span> <span class='ocrx_word' id='word_1_210' title='bbox 846 2005 918 2052; x_wconf 90' lang='lat' dir='ltr'><em>ad</em></span> <span class='ocrx_word' id='word_1_211' title='bbox 951 2018 1128 2053; x_wconf 89' lang='lat' dir='ltr'><em>manus</em></span> <span class='ocrx_word' id='word_1_212' title='bbox 1159 2010 1347 2053; x_wconf 89' lang='lat' dir='ltr'><em>vestras</em></span> <span class='ocrx_word' id='word_1_213' title='bbox 1378 2018 1474 2066; x_wconf 87' lang='lat' dir='ltr'><em>per</em></span> <span class='ocrx_word' id='word_1_214' title='bbox 1510 2002 1904 2052; x_wconf 84' lang='lat' dir='ltr'><em>arrestationem&#39;</em></span> <span class='ocrx_word' id='word_1_215' title='bbox 1924 2003 2206 2064; x_wconf 75' lang='lat' dir='ltr'><em>recipiatiS,</em></span> <span class='ocrx_word' id='word_1_216' title='bbox 2253 2007 2301 2050; x_wconf 92' lang='lat' dir='ltr'><em>et</em></span> <span class='ocrx_word' id='word_1_217' title='bbox 2333 2001 2389 2049; x_wconf 89' lang='lat' dir='ltr'><em>id</em></span> <span class='ocrx_word' id='word_1_218' title='bbox 2400 2019 2443 2058; x_wconf 62' lang='grc' dir='ltr'><em>πο,</em></span> 
     </span>
     <span class='ocr_line' id='line_1_22' title="bbox 235 2086 2388 2152; baseline -0.002 -14"><span class='ocrx_word' id='word_1_219' title='bbox 235 2092 431 2152; x_wconf 92' lang='lat' dir='ltr'><em>quidem</em></span> <span class='ocrx_word' id='word_1_220' title='bbox 460 2104 558 2152; x_wconf 90' lang='lat' dir='ltr'><em>per</em></span> <span class='ocrx_word' id='word_1_221' title='bbox 594 2092 866 2139; x_wconf 85' lang='lat' dir='ltr'><em>cautionem</em></span> <span class='ocrx_word' id='word_1_222' title='bbox 908 2095 1072 2148; x_wconf 87' lang='lat' dir='ltr'><em>nostre</em></span> <span class='ocrx_word' id='word_1_223' title='bbox 1092 2103 1240 2150; x_wconf 92' lang='lat' dir='ltr'><em>pene.</em></span> <span class='ocrx_word' id='word_1_224' title='bbox 1306 2089 1367 2137; x_wconf 91' lang='lat' dir='ltr'><em>In</em></span> <span class='ocrx_word' id='word_1_225' title='bbox 1404 2090 1497 2137; x_wconf 90' lang='lat' dir='ltr'><em>hoc</em></span> <span class='ocrx_word' id='word_1_226' title='bbox 1523 2090 1734 2152; x_wconf 81' lang='lat' dir='ltr'><em>expletis</em></span> <span class='ocrx_word' id='word_1_227' title='bbox 1760 2096 1979 2137; x_wconf 90' lang='lat' dir='ltr'><em>nostram</em></span> <span class='ocrx_word' id='word_1_228' title='bbox 2009 2099 2270 2149; x_wconf 81' lang='lat' dir='ltr'><em>synceram</em></span> <span class='ocrx_word' id='word_1_229' title='bbox 2294 2086 2388 2134; x_wconf 93' lang='lat' dir='ltr'><em>de-</em></span> 
     </span>
     <span class='ocr_line' id='line_1_23' title="bbox 235 2171 2286 2234; baseline -0.002 -11"><span class='ocrx_word' id='word_1_230' title='bbox 235 2176 616 2223; x_wconf 81' lang='lat' dir='ltr'><em>mandationem.</em></span> <span class='ocrx_word' id='word_1_231' title='bbox 692 2175 876 2223; x_wconf 85' lang='lat' dir='ltr'><em>Datum</em></span> <span class='ocrx_word' id='word_1_232' title='bbox 917 2174 1110 2233; x_wconf 88' lang='lat' dir='ltr'><em>Colonie</em></span> <span class='ocrx_word' id='word_1_233' title='bbox 1146 2177 1351 2234; x_wconf 87' lang='lat' dir='ltr'><em>septimo</em></span> <span class='ocrx_word' id='word_1_234' title='bbox 1389 2175 1470 2222; x_wconf 89' lang='lat' dir='ltr'><em>die</em></span> <span class='ocrx_word' id='word_1_235' title='bbox 1506 2174 1687 2222; x_wconf 87' lang='lat' dir='ltr'><em>mensis</em></span> <span class='ocrx_word' id='word_1_236' title='bbox 1728 2171 1944 2222; x_wconf 82' lang='lat' dir='ltr'><em>Octobris</em></span> <span class='ocrx_word' id='word_1_237' title='bbox 1981 2172 2125 2220; x_wconf 89' lang='lat' dir='ltr'><em>Anno</em></span> <span class='ocrx_word' id='word_1_238' title='bbox 2163 2176 2228 2220; x_wconf 90' lang='lat' dir='ltr'><em>.et</em></span> <span class='ocrx_word' id='word_1_239' title='bbox 2241 2185 2286 2220; x_wconf 90' lang='lat' dir='ltr'><em>c.</em></span> 
     </span>
     <span class='ocr_line' id='line_1_24' title="bbox 1582 2257 2046 2318; baseline -0.002 -13"><span class='ocrx_word' id='word_1_240' title='bbox 1582 2258 1683 2305; x_wconf 91' lang='lat' dir='ltr'><em>Per</em></span> <span class='ocrx_word' id='word_1_241' title='bbox 1722 2257 1902 2318; x_wconf 71' lang='lat' dir='ltr'><em>Reyem</em></span> <span class='ocrx_word' id='word_1_242' title='bbox 1928 2269 2046 2318; x_wconf 88' lang='lat' dir='ltr'><em>pro.</em></span> 
     </span>
     <span class='ocr_line' id='line_1_25' title="bbox 1419 2340 2319 2402; baseline 0.001 -12"><span class='ocrx_word' id='word_1_243' title='bbox 1419 2343 1491 2390; x_wconf 93' lang='lat' dir='ltr'><em>ad</em></span> <span class='ocrx_word' id='word_1_244' title='bbox 1521 2342 1814 2391; x_wconf 90' lang='lat' dir='ltr'><em>mandatum</em></span> <span class='ocrx_word' id='word_1_245' title='bbox 1850 2340 1943 2390; x_wconf 78' lang='lat' dir='ltr'><em>diii</em></span> <span class='ocrx_word' id='word_1_246' title='bbox 1975 2341 2319 2402; x_wconf 85' lang='lat' dir='ltr'><em>Imperatoris.</em></span> 
     </span>
     <span class='ocr_line' id='line_1_26' title="bbox 1847 2424 2450 2476; baseline 0.002 -1"><span class='ocrx_word' id='word_1_247' title='bbox 1847 2424 2177 2475; x_wconf 88' lang='lat' dir='ltr'><em>Serenteiner.</em></span> <span class='ocrx_word' id='word_1_248' title='bbox 2403 2440 2450 2476; x_wconf 47' lang='lat'><em>2⁶⁷</em></span> 
     </span>
    </p>
   </div>
   <div class='ocr_carea' id='block_1_3' title="bbox 147 2579 2448 3825">
    <p class='ocr_par' dir='ltr' id='par_1_3' title="bbox 236 2579 2448 3155">
     <span class='ocr_line' id='line_1_27' title="bbox 382 2579 2389 2643; baseline -0 -14"><span class='ocrx_word' id='word_1_249' title='bbox 382 2581 422 2629; x_wconf 73' lang='lat'><em>(1</em></span> <span class='ocrx_word' id='word_1_250' title='bbox 460 2580 621 2630; x_wconf 88' lang='lat' dir='ltr'><em>Nunc·</em></span> <span class='ocrx_word' id='word_1_251' title='bbox 632 2587 893 2643; x_wconf 89' lang='lat' dir='ltr'><em>postquam</em></span> <span class='ocrx_word' id='word_1_252' title='bbox 930 2581 1217 2629; x_wconf 88' lang='lat' dir='ltr'><em>mandatum</em></span> <span class='ocrx_word' id='word_1_253' title='bbox 1244 2582 1340 2629; x_wconf 90' lang='lat' dir='ltr'><em>tale</em></span> <span class='ocrx_word' id='word_1_254' title='bbox 1365 2585 1540 2628; x_wconf 89' lang='lat' dir='ltr'><em>contra</em></span> <span class='ocrx_word' id='word_1_255' title='bbox 1562 2579 1803 2629; x_wconf 90' lang='lat' dir='ltr'><em>Ioannem</em></span> <span class='ocrx_word' id='word_1_256' title='bbox 1829 2579 2073 2630; x_wconf 85' lang='lat' dir='ltr'><em>Reuchlin</em></span> <span class='ocrx_word' id='word_1_257' title='bbox 2098 2581 2389 2629; x_wconf 82' lang='lat' dir='ltr'><em>exauditum</em></span> 
     </span>
     <span class='ocr_line' id='line_1_28' title="bbox 237 2665 2390 2727; baseline -0.001 -11"><span class='ocrx_word' id='word_1_258' title='bbox 237 2676 308 2716; x_wconf 88' lang='lat' dir='ltr'><em>est</em></span> <span class='ocrx_word' id='word_1_259' title='bbox 342 2673 390 2715; x_wconf 92' lang='lat' dir='ltr'><em>et</em></span> <span class='ocrx_word' id='word_1_260' title='bbox 423 2681 475 2714; x_wconf 92' lang='lat' dir='ltr'><em>se</em></span> <span class='ocrx_word' id='word_1_261' title='bbox 506 2668 639 2714; x_wconf 87' lang='lat' dir='ltr'><em>nullo</em></span> <span class='ocrx_word' id='word_1_262' title='bbox 669 2672 818 2727; x_wconf 87' lang='lat' dir='ltr'><em>pacto</em></span> <span class='ocrx_word' id='word_1_263' title='bbox 849 2679 1096 2714; x_wconf 74' lang='lat' dir='ltr'><em>excusare</em></span> <span class='ocrx_word' id='word_1_264' title='bbox 1124 2671 1302 2727; x_wconf 89' lang='lat' dir='ltr'><em>posset,</em></span> <span class='ocrx_word' id='word_1_265' title='bbox 1339 2665 1557 2725; x_wconf 86' lang='lat' dir='ltr'><em>Itemque</em></span> <span class='ocrx_word' id='word_1_266' title='bbox 1588 2678 1698 2713; x_wconf 91' lang='lat' dir='ltr'><em>cum</em></span> <span class='ocrx_word' id='word_1_267' title='bbox 1723 2665 1914 2714; x_wconf 85' lang='lat' dir='ltr'><em>videret</em></span> <span class='ocrx_word' id='word_1_268' title='bbox 1933 2667 2390 2715; x_wconf 80' lang='lat' dir='ltr'><em>excellentissimum</em></span> 
     </span>
     <span class='ocr_line' id='line_1_29' title="bbox 239 2748 2391 2811; baseline -0.001 -11"><span class='ocrx_word' id='word_1_269' title='bbox 239 2753 482 2800; x_wconf 86' lang='lat' dir='ltr'><em>doctorem</em></span> <span class='ocrx_word' id='word_1_270' title='bbox 507 2751 794 2809; x_wconf 79' lang='lat' dir='ltr'><em>maqistrum</em></span> <span class='ocrx_word' id='word_1_271' title='bbox 820 2756 1035 2799; x_wconf 89' lang='lat' dir='ltr'><em>nostrum</em></span> <span class='ocrx_word' id='word_1_272' title='bbox 1064 2751 1311 2799; x_wconf 90' lang='lat' dir='ltr'><em>dominum</em></span> <span class='ocrx_word' id='word_1_273' title='bbox 1333 2750 1603 2799; x_wconf 88' lang='lat' dir='ltr'><em>Arnoldum</em></span> <span class='ocrx_word' id='word_1_274' title='bbox 1630 2749 1692 2798; x_wconf 93' lang='lat' dir='ltr'><em>de</em></span> <span class='ocrx_word' id='word_1_275' title='bbox 1717 2748 1944 2811; x_wconf 74' lang='lat' dir='ltr'><em>Tunqari</em></span> <span class='ocrx_word' id='word_1_276' title='bbox 1963 2764 2029 2798; x_wconf 81' lang='lat' dir='ltr'><em>ex</em></span> <span class='ocrx_word' id='word_1_277' title='bbox 2053 2751 2289 2799; x_wconf 88' lang='lat' dir='ltr'><em>mandato</em></span> <span class='ocrx_word' id='word_1_278' title='bbox 2313 2752 2391 2798; x_wconf 87' lang='lat' dir='ltr'><em>le-</em></span> 
     </span>
     <span class='ocr_line' id='line_1_30' title="bbox 236 2836 2393 2897; baseline 0 -14"><span class='ocrx_word' id='word_1_279' title='bbox 236 2838 404 2896; x_wconf 77' lang='lat' dir='ltr'><em>qitime</em></span> <span class='ocrx_word' id='word_1_280' title='bbox 428 2841 475 2883; x_wconf 89' lang='lat' dir='ltr'><em>et</em></span> <span class='ocrx_word' id='word_1_281' title='bbox 494 2839 664 2882; x_wconf 89' lang='lat' dir='ltr'><em>sancte</em></span> <span class='ocrx_word' id='word_1_282' title='bbox 688 2839 862 2883; x_wconf 88' lang='lat' dir='ltr'><em>contra</em></span> <span class='ocrx_word' id='word_1_283' title='bbox 889 2848 997 2883; x_wconf 91' lang='lat' dir='ltr'><em>eum</em></span> <span class='ocrx_word' id='word_1_284' title='bbox 1021 2836 1301 2896; x_wconf 88' lang='lat' dir='ltr'><em>scripsisse,</em></span> <span class='ocrx_word' id='word_1_285' title='bbox 1327 2836 1456 2882; x_wconf 91' lang='lat' dir='ltr'><em>sicut</em></span> <span class='ocrx_word' id='word_1_286' title='bbox 1479 2836 1579 2882; x_wconf 87' lang='lat' dir='ltr'><em>iam</em></span> <span class='ocrx_word' id='word_1_287' title='bbox 1599 2843 1960 2896; x_wconf 89' lang='lat' dir='ltr'><em>prenarratum</em></span> <span class='ocrx_word' id='word_1_288' title='bbox 1983 2843 2076 2895; x_wconf 88' lang='lat' dir='ltr'><em>est,</em></span> <span class='ocrx_word' id='word_1_289' title='bbox 2103 2837 2296 2897; x_wconf 87' lang='lat' dir='ltr'><em>accepit</em></span> <span class='ocrx_word' id='word_1_290' title='bbox 2322 2836 2393 2883; x_wconf 91' lang='lat' dir='ltr'><em>ad</em></span> 
     </span>
     <span class='ocr_line' id='line_1_31' title="bbox 238 2919 2448 2980; baseline -0.001 -12"><span class='ocrx_word' id='word_1_291' title='bbox 238 2935 290 2968; x_wconf 92' lang='lat' dir='ltr'><em>se</em></span> <span class='ocrx_word' id='word_1_292' title='bbox 325 2923 446 2968; x_wconf 86' lang='lat' dir='ltr'><em>alios</em></span> <span class='ocrx_word' id='word_1_293' title='bbox 479 2924 658 2980; x_wconf 87' lang='lat' dir='ltr'><em>septem</em></span> <span class='ocrx_word' id='word_1_294' title='bbox 692 2920 966 2967; x_wconf 89' lang='lat' dir='ltr'><em>immundos</em></span> <span class='ocrx_word' id='word_1_295' title='bbox 999 2921 1204 2980; x_wconf 88' lang='lat' dir='ltr'><em>spiritus</em></span> <span class='ocrx_word' id='word_1_296' title='bbox 1242 2932 1322 2967; x_wconf 92' lang='lat' dir='ltr'><em>eos</em></span> <span class='ocrx_word' id='word_1_297' title='bbox 1359 2932 1661 2968; x_wconf 90' lang='lat' dir='ltr'><em>commovens</em></span> <span class='ocrx_word' id='word_1_298' title='bbox 1705 2919 1946 2968; x_wconf 89' lang='lat' dir='ltr'><em>adversus</em></span> <span class='ocrx_word' id='word_1_299' title='bbox 1975 2921 2316 2968; x_wconf 85' lang='lat' dir='ltr'><em>universitates</em></span> <span class='ocrx_word' id='word_1_300' title='bbox 2344 2924 2391 2968; x_wconf 89' lang='lat' dir='ltr'><em>et</em></span> <span class='ocrx_word' id='word_1_301' title='bbox 2406 2931 2448 2966; x_wconf 77' lang='lat'><em>3⁰</em></span> 
     </span>
     <span class='ocr_line' id='line_1_32' title="bbox 239 3004 2390 3067; baseline -0 -15"><span class='ocrx_word' id='word_1_302' title='bbox 239 3006 466 3064; x_wconf 89' lang='lat' dir='ltr'><em>inprimis</em></span> <span class='ocrx_word' id='word_1_303' title='bbox 499 3009 671 3051; x_wconf 90' lang='lat' dir='ltr'><em>contra</em></span> <span class='ocrx_word' id='word_1_304' title='bbox 707 3004 1050 3066; x_wconf 89' lang='lat' dir='ltr'><em>venerabilem,</em></span> <span class='ocrx_word' id='word_1_305' title='bbox 1091 3004 1312 3053; x_wconf 91' lang='lat' dir='ltr'><em>devotum</em></span> <span class='ocrx_word' id='word_1_306' title='bbox 1337 3010 1384 3052; x_wconf 93' lang='lat' dir='ltr'><em>et</em></span> <span class='ocrx_word' id='word_1_307' title='bbox 1419 3006 1649 3067; x_wconf 83' lang='lat' dir='ltr'><em>apprime</em></span> <span class='ocrx_word' id='word_1_308' title='bbox 1686 3004 1879 3052; x_wconf 88' lang='lat' dir='ltr'><em>doctum</em></span> <span class='ocrx_word' id='word_1_309' title='bbox 1916 3008 2076 3052; x_wconf 89' lang='lat' dir='ltr'><em>virum</em></span> <span class='ocrx_word' id='word_1_310' title='bbox 2100 3006 2390 3064; x_wconf 74' lang='lat' dir='ltr'><em>maqistrum</em></span> 
     </span>
     <span class='ocr_line' id='line_1_33' title="bbox 243 3084 2386 3155; baseline 0 -20"><span class='ocrx_word' id='word_1_311' title='bbox 243 3089 515 3136; x_wconf 88' lang='lat' dir='ltr'><em>Arnoldum</em></span> <span class='ocrx_word' id='word_1_312' title='bbox 564 3089 626 3135; x_wconf 95' lang='lat' dir='ltr'><em>de</em></span> <span class='ocrx_word' id='word_1_313' title='bbox 669 3087 920 3149; x_wconf 76' lang='lat' dir='ltr'><em>Tunqari‚</em></span> <span class='ocrx_word' id='word_1_314' title='bbox 969 3090 1262 3150; x_wconf 81' lang='lat' dir='ltr'><em>precipuum</em></span> <span class='ocrx_word' id='word_1_315' title='bbox 1317 3094 1586 3136; x_wconf 88' lang='lat' dir='ltr'><em>amatorem</em></span> <span class='ocrx_word' id='word_1_316' title='bbox 1633 3090 1876 3145; x_wconf 89' lang='lat' dir='ltr'><em>veritatis,</em></span> <span class='ocrx_word' id='word_1_317' title='bbox 1939 3090 2001 3138; x_wconf 91' lang='lat' dir='ltr'><em>de</em></span> <span class='ocrx_word' id='word_1_318' title='bbox 2046 3102 2141 3149; x_wconf 92' lang='lat' dir='ltr'><em>quo</em></span> <span class='ocrx_word' id='word_1_319' title='bbox 2183 3090 2329 3137; x_wconf 87' lang='lat' dir='ltr'><em>etiam</em></span> <span class='ocrx_word' id='word_1_320' title='bbox 2366 3084 2386 3155; x_wconf 83' lang='grc' dir='ltr'>Η</span> 
     </span>
    </p>

    <p class='ocr_par' dir='ltr' id='par_1_4' title="bbox 147 3171 2446 3825">
     <span class='ocr_line' id='line_1_34' title="bbox 147 3171 2389 3233; baseline 0.001 -15"><span class='ocrx_word' id='word_1_321' title='bbox 147 3174 220 3227; x_wconf 66' lang='lat' dir='ltr'><em>gsjij</em></span> <span class='ocrx_word' id='word_1_322' title='bbox 240 3172 454 3219; x_wconf 90' lang='lat' dir='ltr'><em>Ioannes</em></span> <span class='ocrx_word' id='word_1_323' title='bbox 473 3171 715 3220; x_wconf 83' lang='lat' dir='ltr'><em>Reuchlin</em></span> <span class='ocrx_word' id='word_1_324' title='bbox 740 3175 988 3233; x_wconf 84' lang='lat' dir='ltr'><em>sepissime</em></span> <span class='ocrx_word' id='word_1_325' title='bbox 1014 3174 1169 3220; x_wconf 92' lang='lat' dir='ltr'><em>omnis</em></span> <span class='ocrx_word' id='word_1_326' title='bbox 1202 3174 1487 3231; x_wconf 72' lang='lat' dir='ltr'><em>excellentie</em></span> <span class='ocrx_word' id='word_1_327' title='bbox 1519 3174 1570 3220; x_wconf 92' lang='lat' dir='ltr'><em>in</em></span> <span class='ocrx_word' id='word_1_328' title='bbox 1604 3173 1705 3220; x_wconf 89' lang='lat' dir='ltr'><em>suis</em></span> <span class='ocrx_word' id='word_1_329' title='bbox 1737 3175 1911 3222; x_wconf 88' lang='lat' dir='ltr'><em>litteris</em></span> <span class='ocrx_word' id='word_1_330' title='bbox 1943 3175 2261 3222; x_wconf 90' lang='lat' dir='ltr'><em>testimonium</em></span> <span class='ocrx_word' id='word_1_331' title='bbox 2297 3174 2389 3220; x_wconf 86' lang='lat' dir='ltr'><em>de—</em></span> 
     </span>
     <span class='ocr_line' id='line_1_35' title="bbox 243 3256 2390 3319; baseline 0.001 -16"><span class='ocrx_word' id='word_1_332' title='bbox 243 3256 342 3318; x_wconf 88' lang='lat' dir='ltr'><em>dit,</em></span> <span class='ocrx_word' id='word_1_333' title='bbox 389 3270 440 3303; x_wconf 92' lang='lat' dir='ltr'><em>se</em></span> <span class='ocrx_word' id='word_1_334' title='bbox 485 3257 534 3303; x_wconf 90' lang='lat' dir='ltr'><em>ei</em></span> <span class='ocrx_word' id='word_1_335' title='bbox 566 3270 662 3317; x_wconf 89' lang='lat' dir='ltr'><em>per</em></span> <span class='ocrx_word' id='word_1_336' title='bbox 705 3269 890 3305; x_wconf 93' lang='lat' dir='ltr'><em>omnem</em></span> <span class='ocrx_word' id='word_1_337' title='bbox 935 3257 1257 3304; x_wconf 85' lang='lat' dir='ltr'><em>obedientiam</em></span> <span class='ocrx_word' id='word_1_338' title='bbox 1304 3257 1597 3304; x_wconf 87' lang='lat' dir='ltr'><em>submittens.</em></span> <span class='ocrx_word' id='word_1_339' title='bbox 1672 3256 1776 3305; x_wconf 89' lang='lat' dir='ltr'><em>Sed</em></span> <span class='ocrx_word' id='word_1_340' title='bbox 1815 3258 2041 3319; x_wconf 86' lang='lat' dir='ltr'><em>diabolus</em></span> <span class='ocrx_word' id='word_1_341' title='bbox 2085 3260 2202 3319; x_wconf 91' lang='lat' dir='ltr'><em>quia</em></span> <span class='ocrx_word' id='word_1_342' title='bbox 2246 3271 2390 3306; x_wconf 85' lang='lat' dir='ltr'><em>men-</em></span> 
     </span>
     <span class='ocr_line' id='line_1_36' title="bbox 243 3339 2446 3403; baseline 0.001 -17"><span class='ocrx_word' id='word_1_343' title='bbox 243 3339 350 3387; x_wconf 76' lang='lat' dir='ltr'><em>dax</em></span> <span class='ocrx_word' id='word_1_344' title='bbox 402 3344 475 3387; x_wconf 90' lang='lat' dir='ltr'><em>est</em></span> <span class='ocrx_word' id='word_1_345' title='bbox 525 3344 574 3387; x_wconf 92' lang='lat' dir='ltr'><em>et</em></span> <span class='ocrx_word' id='word_1_346' title='bbox 617 3353 804 3389; x_wconf 91' lang='lat' dir='ltr'><em>omnem</em></span> <span class='ocrx_word' id='word_1_347' title='bbox 858 3342 1190 3403; x_wconf 87' lang='lat' dir='ltr'><em>pertinaciam</em></span> <span class='ocrx_word' id='word_1_348' title='bbox 1236 3341 1453 3389; x_wconf 88' lang='lat' dir='ltr'><em>insibilat</em></span> <span class='ocrx_word' id='word_1_349' title='bbox 1498 3354 1782 3402; x_wconf 90' lang='lat' dir='ltr'><em>omnemque</em></span> <span class='ocrx_word' id='word_1_350' title='bbox 1833 3344 2111 3403; x_wconf 87' lang='lat' dir='ltr'><em>maliciam,</em></span> <span class='ocrx_word' id='word_1_351' title='bbox 2172 3343 2386 3391; x_wconf 85' lang='lat' dir='ltr'><em>libellum</em></span> <span class='ocrx_word' id='word_1_352' title='bbox 2403 3354 2446 3401; x_wconf 61' lang='lat'><em>³5</em></span> 
     </span>
     <span class='ocr_line' id='line_1_37' title="bbox 241 3423 2390 3489; baseline 0.002 -19"><span class='ocrx_word' id='word_1_353' title='bbox 241 3423 489 3483; x_wconf 91' lang='lat' dir='ltr'><em>quendam</em></span> <span class='ocrx_word' id='word_1_354' title='bbox 514 3423 767 3483; x_wconf 83' lang='lat' dir='ltr'><em>famosum</em></span> <span class='ocrx_word' id='word_1_355' title='bbox 784 3463 795 3485; x_wconf 93' lang='lat'><em>,</em></span> <span class='ocrx_word' id='word_1_356' title='bbox 830 3425 1070 3474; x_wconf 90' lang='lat' dir='ltr'><em>bonarum</em></span> <span class='ocrx_word' id='word_1_357' title='bbox 1106 3427 1304 3473; x_wconf 90' lang='lat' dir='ltr'><em>aurium</em></span> <span class='ocrx_word' id='word_1_358' title='bbox 1339 3424 1653 3484; x_wconf 86' lang='lat' dir='ltr'><em>offensivum‚</em></span> <span class='ocrx_word' id='word_1_359' title='bbox 1700 3441 1843 3476; x_wconf 90' lang='lat' dir='ltr'><em>suam</em></span> <span class='ocrx_word' id='word_1_360' title='bbox 1873 3428 2099 3476; x_wconf 89' lang='lat' dir='ltr'><em>videlicet</em></span> <span class='ocrx_word' id='word_1_361' title='bbox 2126 3427 2390 3489; x_wconf 85' lang='lat' dir='ltr'><em>impuden-</em></span> 
     </span>
     <span class='ocr_line' id='line_1_38' title="bbox 241 3507 2390 3571; baseline 0.001 -16"><span class='ocrx_word' id='word_1_362' title='bbox 241 3509 476 3569; x_wconf 89' lang='lat' dir='ltr'><em>tissimam</em></span> <span class='ocrx_word' id='word_1_363' title='bbox 502 3507 852 3569; x_wconf 89' lang='lat' dir='ltr'><em>defensionem,</em></span> <span class='ocrx_word' id='word_1_364' title='bbox 885 3510 946 3558; x_wconf 91' lang='lat' dir='ltr'><em>de</em></span> <span class='ocrx_word' id='word_1_365' title='bbox 980 3522 1102 3558; x_wconf 91' lang='lat' dir='ltr'><em>novo</em></span> <span class='ocrx_word' id='word_1_366' title='bbox 1130 3511 1233 3571; x_wconf 81' lang='lat' dir='ltr'><em>ipse</em></span> <span class='ocrx_word' id='word_1_367' title='bbox 1264 3510 1423 3557; x_wconf 88' lang='lat' dir='ltr'><em>edidit</em></span> <span class='ocrx_word' id='word_1_368' title='bbox 1452 3515 1500 3558; x_wconf 88' lang='lat' dir='ltr'><em>et</em></span> <span class='ocrx_word' id='word_1_369' title='bbox 1530 3510 1601 3557; x_wconf 94' lang='lat' dir='ltr'><em>ad</em></span> <span class='ocrx_word' id='word_1_370' title='bbox 1629 3512 1882 3560; x_wconf 87' lang='lat' dir='ltr'><em>nundinas</em></span> <span class='ocrx_word' id='word_1_371' title='bbox 1916 3513 2125 3561; x_wconf 82' lang='lat' dir='ltr'><em>civitatis</em></span> <span class='ocrx_word' id='word_1_372' title='bbox 2147 3511 2390 3559; x_wconf 75' lang='lat' dir='ltr'><em>Franck-</em></span> 
     </span>
     <span class='ocr_line' id='line_1_39' title="bbox 237 3591 2388 3655; baseline 0 -14"><span class='ocrx_word' id='word_1_373' title='bbox 237 3591 512 3651; x_wconf 86' lang='lat' dir='ltr'><em>fordiensis</em></span> <span class='ocrx_word' id='word_1_374' title='bbox 557 3598 612 3640; x_wconf 90' lang='lat' dir='ltr'><em>ut</em></span> <span class='ocrx_word' id='word_1_375' title='bbox 648 3594 941 3641; x_wconf 85' lang='lat' dir='ltr'><em>venderetur</em></span> <span class='ocrx_word' id='word_1_376' title='bbox 986 3596 1158 3642; x_wconf 85' lang='lat' dir='ltr'><em>emisit.</em></span> <span class='ocrx_word' id='word_1_377' title='bbox 1230 3601 1437 3655; x_wconf 84' lang='lat' dir='ltr'><em>propter</em></span> <span class='ocrx_word' id='word_1_378' title='bbox 1486 3594 1620 3653; x_wconf 91' lang='lat' dir='ltr'><em>quod</em></span> <span class='ocrx_word' id='word_1_379' title='bbox 1646 3594 1796 3655; x_wconf 89' lang='lat' dir='ltr'><em>Iudei</em></span> <span class='ocrx_word' id='word_1_380' title='bbox 1840 3597 2058 3644; x_wconf 78' lang='lat' dir='ltr'><em>maxime</em></span> <span class='ocrx_word' id='word_1_381' title='bbox 2093 3595 2388 3654; x_wconf 87' lang='lat' dir='ltr'><em>letabantur,</em></span> 
     </span>
     <span class='ocr_line' id='line_1_40' title="bbox 244 3675 2440 3742; baseline 0 -18"><span class='ocrx_word' id='word_1_382' title='bbox 244 3675 482 3739; x_wconf 78' lang='lat' dir='ltr'><em>dicenteS,</em></span> <span class='ocrx_word' id='word_1_383' title='bbox 517 3675 662 3742; x_wconf 30' lang='lat' dir='ltr'><em>quod·</em></span> <span class='ocrx_word' id='word_1_384' title='bbox 681 3677 803 3725; x_wconf 90' lang='lat' dir='ltr'><em>deus</em></span> <span class='ocrx_word' id='word_1_385' title='bbox 839 3691 1091 3737; x_wconf 88' lang='lat' dir='ltr'><em>nunquam</em></span> <span class='ocrx_word' id='word_1_386' title='bbox 1128 3678 1419 3725; x_wconf 85' lang='lat' dir='ltr'><em>deseruisset</em></span> <span class='ocrx_word' id='word_1_387' title='bbox 1452 3691 1532 3724; x_wconf 91' lang='lat' dir='ltr'><em>eos</em></span> <span class='ocrx_word' id='word_1_388' title='bbox 1565 3680 1616 3725; x_wconf 96' lang='lat' dir='ltr'><em>in</em></span> <span class='ocrx_word' id='word_1_389' title='bbox 1644 3678 1746 3725; x_wconf 85' lang='lat' dir='ltr'><em>suis</em></span> <span class='ocrx_word' id='word_1_390' title='bbox 1780 3679 2171 3728; x_wconf 84' lang='lat' dir='ltr'><em>tribulationibus</em></span> <span class='ocrx_word' id='word_1_391' title='bbox 2208 3678 2389 3736; x_wconf 76' lang='lat' dir='ltr'><em>Ouem-</em></span> <span class='ocrx_word' id='word_1_392' title='bbox 2438 3723 2440 3725; x_wconf 84' lang='lat'>.</span> 
     </span>
     <span class='ocr_line' id='line_1_41' title="bbox 243 3761 2444 3825; baseline 0 -16"><span class='ocrx_word' id='word_1_393' title='bbox 243 3761 509 3815; x_wconf 88' lang='lat' dir='ltr'><em>admodum</em></span> <span class='ocrx_word' id='word_1_394' title='bbox 535 3761 777 3823; x_wconf 89' lang='lat' dir='ltr'><em>plebanus</em></span> <span class='ocrx_word' id='word_1_395' title='bbox 809 3761 1284 3821; x_wconf 76' lang='lat' dir='ltr'><em>Franckfordiensis</em></span> <span class='ocrx_word' id='word_1_396' title='bbox 1321 3762 1394 3808; x_wconf 92' lang='lat' dir='ltr'><em>ad</em></span> <span class='ocrx_word' id='word_1_397' title='bbox 1424 3762 1714 3820; x_wconf 76' lang='lat' dir='ltr'><em>maqistrum</em></span> <span class='ocrx_word' id='word_1_398' title='bbox 1751 3762 2026 3812; x_wconf 87' lang='lat' dir='ltr'><em>Arnoldum</em></span> <span class='ocrx_word' id='word_1_399' title='bbox 2061 3765 2124 3814; x_wconf 94' lang='lat' dir='ltr'><em>de</em></span> <span class='ocrx_word' id='word_1_400' title='bbox 2163 3763 2390 3825; x_wconf 74' lang='lat' dir='ltr'><em>Tunqari</em></span> <span class='ocrx_word' id='word_1_401' title='bbox 2401 3774 2444 3809; x_wconf 77' lang='lat'><em>4⁰</em></span> 
     </span>
    </p>
   </div>
  </div>
 </body>
</html>
