2456 4264
198 285 318 346 380
596 310 982 339 LAMENTATIONES
1006 310 1307 340 OBSCVRORVM
1329 311 1774 342 REVGHLlNIS'rABVM
1796 312 1944 342 ROVAE.

201 444 294 502 Oui
326 455 437 491 cum
466 439 727 502 perfricta
757 439 936 498 fronte
971 444 1019 488 et
1055 440 1342 502 obstrepero
1377 441 1527 489 simul
1560 443 1783 490 clamore
1818 447 2088 504 poetarum
2130 443 2340 502 fabulas

192 529 446 586 solamque
480 526 806 584 eloquentiam
846 523 927 582 (ut
949 529 1123 572 nostra
1153 524 1265 584 fert
1287 526 1620 586 consuetudo)
1657 514 1975 588 sylloyisticis
1997 528 2339 588 theoloqorum

194 609 608 670 disputationibus
655 612 1037 668 anteponerent,
1088 609 1280 658 Doctor
1327 610 1532 670 quidam
1569 609 1894 670 Silioernius,
1946 614 2225 664 censorium
2262 625 2339 659 re-

183 698 482 756 presentans
509 692 775 751 Catonem,
823 691 1011 752 wilzis,
1053 694 1228 754 inquit,
1277 695 1404 742 ‘cum
1423 694 1610 752 fidibus
1631 695 1871 754 qraoul0,
1913 696 2042 744 nihil
2064 710 2176 744 cum
2203 709 2339 744 ama-

191 779 355 826 ricino
391 775 497 825 sui’.
539 790 634 837 quo
671 777 1042 837 empressissime
1080 777 1161 835 (ut
1194 779 1267 826 sic
1304 778 1497 838 dicam)
1535 784 1583 826 et
1617 779 1829 828 solerter
1861 781 2206 839 siqnificatur,
2256 793 2338 828 ne·
2355 792 2375 824 5
2447 758 2456 815 ff

192 875 287 922 que
321 862 586 909 melodiam
625 861 799 909 avibus
825 862 1145 922 obstreperis,
1187 875 1345 922 neque
1368 867 1626 922 unquenta
1653 865 1833 923 porcis
1856 865 2126 917 convenire
2148 865 2339 913 lutosis.
2450 913 2456 932 ζ

191 946 398 996 Fabulis
434 947 591 1006 iqitur
626 947 834 1004 assueti,
888 950 936 993 et
981 946 1292 1003 secularibus
1335 947 1491 996 solum
1539 947 1749 995 delibuti
1791 948 1994 1008 litteris,
2042 949 2342 1008 qravissima
2448 946 2456 1002 l

192 1044 380 1092 queque
416 1034 464 1078 et
500 1031 671 1078 divina
708 1027 1043 1079 contemnunt.
1123 1030 1268 1087 Quod
1303 1045 1452 1092 quam
1488 1032 1551 1079 sit
1580 1032 1918 1092 slaqitiosum,
1959 1046 2100 1080 nemo
2128 1045 2345 1093 prorsus
2451 1014 2456 1035 ³

194 1117 474 1176 sapientum
512 1116 729 1174 iqnorat.
804 1115 1000 1175 Lequnt
1035 1117 1213 1163 etenim
1261 1116 1341 1174 (at
1377 1117 1604 1164 nesciunt
1639 1118 1833 1177 tamen)
1882 1116 2140 1165 holitorem
2177 1119 2345 1178 sepius
2448 1172 2456 1183 1

196 1199 274 1257 (ut
309 1203 380 1247 est
417 1200 468 1247 in
495 1199 804 1260 proverbiis)
845 1205 1125 1261 opportune
1159 1202 1322 1260 loqui,
1373 1201 1678 1261 sordidoque
1725 1202 1777 1248 in
1816 1214 1996 1262 panno
2041 1203 2342 1262 sapientiam
2360 1211 2400 1244 ιο
2450 1187 2456 1249 ξ’

196 1296 554 1343 nonnunquam
591 1285 824 1343 latitare,
868 1299 961 1345 que
997 1286 1398 1333 calamistratam
1437 1298 1535 1333 non
1576 1285 1830 1333 desiderat
1867 1287 2171 1343 orationem,
2225 1287 2342 1334 levi·
2449 1265 2456 1280 ¹

192 1369 376 1428 busque
403 1372 672 1429 poetarum
705 1370 954 1429 fiqmentis
989 1373 1181 1417 tantum
1209 1374 1447 1430 prestare
1483 1371 1734 1429 creditur,
1776 1374 2015 1430 quantum
2054 1371 2213 1418 animi
2233 1385 2344 1419 cor-

100 1457 122 1492 b
142 1450 171 1502 ij
186 1453 402 1513 poribus
445 1457 494 1500 et
538 1453 705 1501 bestiis
750 1454 970 1502 homines
1018 1455 1339 1502 antecellunt.
1415 1454 1508 1501 His
1555 1456 1728 1515 itaque
1761 1456 1993 1514 peractis
2027 1449 2048 1520 Η
2083 1459 2132 1502 et
2176 1456 2342 1503 immo-

195 1538 313 1584 dica
350 1537 489 1585 nobis
525 1537 823 1596 confusione
860 1539 1059 1597 oborta,
1102 1540 1265 1586 tristes
1291 1552 1393 1586 una
1419 1537 1735 1598 ausuqimuS,
1777 1543 1826 1586 et
1849 1540 1907 1587 id
1928 1540 2128 1599 quidem
2151 1540 2346 1600 hospite

195 1634 294 1668 non
331 1622 565 1670 salutato.
641 1635 756 1670 nam
792 1624 839 1670 si
870 1636 1056 1683 qraves
1091 1623 1172 1670 illi
1204 1624 1305 1670 viri
1338 1637 1428 1671 nos
1464 1624 1699 1672 leviculos
1723 1623 2180 1684 deprehendissent,
2218 1637 2340 1684 θνα·
2362 1634 2404 1666 1⁵
2445 1605 2456 1673 1³

193 1719 276 1753 ves
306 1706 642 1765 proculdubio
679 1711 847 1765 nostre
884 1707 1177 1754 temeritatis
1204 1720 1369 1767 penas
1406 1709 1457 1755 in
1493 1709 1647 1756 scalis
1672 1708 1990 1756 dedissemus.
2077 1709 2201 1755 'Vale
2237 1709 2341 1756 diu.
2445 1685 2456 1711 ¹

194 1788 373 1847 Bonne
409 1803 474 1838 ex
512 1791 656 1838 domo
693 1793 898 1851 antique
933 1792 1182 1849 mulieris,
1224 1804 1374 1851 quam
1412 1793 1561 1851 vulqo
1588 1791 1761 1840 Nisam
1795 1793 2083 1853 appellant,
2125 1806 2218 1853 que
2256 1806 2347 1842 nos
2447 1778 2456 1854 ἑ

192 1875 465 1923 esurientes
502 1876 720 1937 implevit
755 1877 899 1936 rapis
933 1880 983 1923 et
1019 1876 1197 1924 divites
1234 1876 1420 1924 dimisit
1455 1877 1705 1925 invitatos.
2450 1866 2456 1883 ⁴

1221 2110 1309 2169 24.

844 2236 885 2283 ([
932 2229 1232 2289 Ioannes
1278 2231 1692 2307 Buffelinus
2344 2249 2402 2285 ‘20
2448 2230 2456 2253 ³

1045 2343 1370 2392 Ioachimo
1406 2358 1496 2393 suo

1147 2441 1217 2491 .S.
1244 2441 1300 2492 P.
1329 2443 1391 2492 D.

535 2552 574 2601 0
603 2553 812 2613 funesta
849 2555 979 2615 dies,
1023 2569 1052 2604 o
1087 2557 1408 2605 lamentabile
1443 2559 1664 2618 tempus!

536 2637 575 2685 Ο
606 2637 790 2699 furor,
833 2652 862 2688 o
898 2640 1088 2699 rabies,
1131 2655 1160 2689 o
1197 2628 1489 2690 detestabile
1523 2642 1697 2690 virus!
2450 2695 2456 2698 Δ

535 2720 574 2770 0
611 2723 783 2783 dolor,
826 2707 855 2772 o
891 2739 1068 2785 requm
1105 2727 1360 2787 impietas,
1403 2740 1432 2774 o
1468 2731 1667 2774 mortua
1704 2728 1892 2775 virtus!
2361 2744 2404 2778 25

197 2806 510 2855 Exclamare
554 2821 654 2856 non
702 2810 947 2857 immerito
989 2823 1276 2870 possumus,
1326 2812 1398 2858 mi
1440 2812 1732 2859 suavissime
1766 2811 2020 2871 Ioaclzim,
2070 2826 2157 2860 eas
2206 2813 2347 2861 nobis
2387 2812 2398 2819 ⁴
2439 2806 2449 2827 ”

197 2892 248 2938 in
285 2891 498 2939 tenebris
534 2893 793 2941 illusiones
829 2894 1042 2954 oboriri,
1096 2872 1223 2955 quas
1258 2897 1430 2943 insani
1462 2895 1685 2954 ¹homines
1719 2888 1870 2955 ferre
1906 2898 2198 2956 neutiquam
2232 2910 2345 2957 pos·
2440 2886 2456 2961 3}

195 2980 317 3022 sent.
396 2975 719 3038 Quapropter
763 2982 820 3026 ut
862 2979 981 3027 liuic
1025 2981 1104 3026 rei
1137 2972 1355 3041 propius
1400 2981 1664 3039 accedam,
1725 2982 1899 3028 eadem
1952 2981 2043 3028 tibi
2087 2981 2346 3028 audienda

197 3064 267 3105 est
302 3060 531 3108 historia.
608 3062 883 3111 Peroranti
915 3064 1040 3111 milti
1072 3078 1235 3125 nuper
1261 3064 1524 3124 Moquntie
1561 3065 1624 3112 de
1646 3065 1827 3113 litteris
1853 3065 2195 3126 politioribus,
2238 3078 2344 3112 eas·

197 3156 291 3203 que
326 3146 520 3192 cunctis
553 3151 654 3193 tam
692 3152 907 3195 veterum
933 3161 1082 3208 quam
1107 3148 1507 3197 neothericorum
1533 3149 1813 3210 disciplinis
1838 3150 2163 3209 anteponenti
2187 3148 2340 3198 Theo·
2357 3164 2401 3199 so
2438 3141 2456 3228 ξ

198 3227 342 3285 loqus
379 3230 580 3287 quidam
618 3237 665 3279 et
702 3233 897 3279 canicie
933 3233 1258 3292 venerabilis,
1311 3238 1360 3280 et
1394 3246 1620 3281 sermone
1658 3233 1738 3291 (ut
1773 3247 1944 3282 verum
1977 3232 2177 3294 fatear)
2216 3247 2346 3282 unus
2432 3230 2456 3306 ’ζ

200 3312 415 3358 omnium
451 3315 857 3375 modestissimus,
913 3315 1140 3377 ‘Oratio⁷,
1190 3319 1351 3378 inquit
1400 3318 1623 3366 ‘venusta
1659 3322 1708 3366 et
1739 3319 2065 3378 pereleqans,
2115 3331 2217 3366 non
2254 3318 2344 3365 lza-
2436 3382 2450 3387 ⁷.

198 3395 317 3441 bens
355 3396 560 3454 diqnam
598 3401 774 3447 auditu
810 3403 1134 3461 sententiam,
1185 3402 1406 3450 ridicula
1452 3406 1523 3450 est
1562 3403 1819 3463 planeque
1863 3403 2103 3461 volatilis,
2152 3403 2366 3455 inculta,
2409 3394 2450 3471 ’ἒξ

199 3480 346 3526 etiam
384 3492 446 3527 ac
482 3484 691 3541 strepitu
726 3485 1025 3532 exibilanda
1063 3487 1372 3534 auditorum.
1450 3485 1582 3534 Nam
1618 3488 1767 3535 sicuti
1798 3499 1985 3548 corpus
2020 3488 2182 3535 vivum
2208 3486 2344 3535 nobi·
2444 3535 2450 3552 ‚

198 3564 294 3611 lius
330 3568 403 3611 est
438 3577 537 3611 non
574 3568 711 3624 viv0,
752 3569 823 3615 sic
859 3571 1007 3616 etiam
1046 3572 1209 3617 oratio
1242 3572 1417 3630 qravis
1441 3575 1489 3618 et
1511 3571 1690 3619 humili
1710 3575 1949 3619 contexta
1968 3572 2073 3630 filo,
2112 3572 2344 3631 eleqante
2357 3586 2400 3620 35

199 3648 414 3696 nobilior
449 3653 523 3696 est
556 3662 657 3696 non
692 3653 856 3709 qravi.
932 3653 1153 3712 Itemque
1189 3655 1604 3713 quemadmodum
1630 3668 1815 3717 corpus
1838 3668 1938 3704 non
1963 3656 2085 3703 vivit
2107 3656 2158 3702 in
2185 3667 2344 3715 quan·

200 3737 300 3780 tum
336 3745 546 3793 corpus,
599 3734 690 3781 sed
726 3747 824 3794 per
860 3736 917 3782 id
952 3736 1105 3793 (alias
1140 3739 1269 3784 enim
1308 3751 1448 3786 omne
1483 3752 1670 3799 corpus
1704 3741 1914 3799 viveret)
1963 3739 2098 3799 quod
2128 3739 2345 3786 nobilius

314 3912 348 3939 ¹⁰
377 3912 602 3968 proverb]
636 3928 708 3967 ap.
734 3915 837 3959 Gell.
858 3916 911 3955 N.
934 3915 986 3955 A.
1009 3914 1066 3955 11.
1089 3913 1129 3966 6,
1141 3923 1175 3956 9.
1269 3914 1302 3941 ¹⁷
1329 3914 1458 3969 Nisa]
1489 3933 1546 3952 Ξ
1573 3916 1742 3970 Agnes.
