<?xml version="1.0" encoding="UTF-8"?>
<!DOCTYPE html PUBLIC "-//W3C//DTD XHTML 1.0 Transitional//EN"
    "http://www.w3.org/TR/xhtml1/DTD/xhtml1-transitional.dtd">
<html xmlns="http://www.w3.org/1999/xhtml" xml:lang="en" lang="en">
 <head>
  <title>
</title>
<meta http-equiv="Content-Type" content="text/html;charset=utf-8" />
  <meta name='ocr-system' content='tesseract 3.04.00' />
  <meta name='ocr-capabilities' content='ocr_page ocr_carea ocr_par ocr_line ocrx_word'/>
</head>
<body>
  <div class='ocr_page' id='page_1' title='image "./supoperaquaerepe01huttuoft_0032.png"; bbox 0 0 2456 4264; ppageno 0'>
   <div class='ocr_carea' id='block_1_1' title="bbox 229 206 1865 276">
    <p class='ocr_par' dir='ltr' id='par_1_1' title="bbox 229 206 1865 276">
     <span class='ocr_line' id='line_1_1' title="bbox 229 206 1865 276; baseline -0.015 -2"><span class='ocrx_word' id='word_1_1' title='bbox 229 234 377 276; x_wconf 79' lang='lat' dir='ltr'>XXVI</span> <span class='ocrx_word' id='word_1_2' title='bbox 696 235 835 263; x_wconf 69' lang='lat' dir='ltr'><strong>munt(</strong></span> <span class='ocrx_word' id='word_1_3' title='bbox 858 232 1011 261; x_wconf 75' lang='lat' dir='ltr'>EORVM</span> <span class='ocrx_word' id='word_1_4' title='bbox 1035 229 1134 264; x_wconf 81' lang='lat' dir='ltr'><strong>QVAE</strong></span> <span class='ocrx_word' id='word_1_5' title='bbox 1157 228 1245 255; x_wconf 84' lang='lat' dir='ltr'><strong>noc</strong></span> <span class='ocrx_word' id='word_1_6' title='bbox 1268 225 1503 255; x_wconf 71' lang='lat' dir='ltr'><strong>vonvmms</strong></span> <span class='ocrx_word' id='word_1_7' title='bbox 1526 206 1865 251; x_wconf 66' lang='lat' dir='ltr'><strong>com-mnn&#39;rvn.</strong></span> 
     </span>
    </p>
   </div>
   <div class='ocr_carea' id='block_1_2' title="bbox 366 343 2351 752">
    <p class='ocr_par' dir='ltr' id='par_1_2' title="bbox 366 343 2351 752">
     <span class='ocr_line' id='line_1_2' title="bbox 2262 343 2351 386; baseline -0.034 -10"><span class='ocrx_word' id='word_1_8' title='bbox 2262 343 2351 386; x_wconf 81' lang='lat' dir='ltr'><strong>Pag.</strong></span> 
     </span>
     <span class='ocr_line' id='line_1_3' title="bbox 369 405 2098 483; baseline -0.014 -10"><span class='ocrx_word' id='word_1_9' title='bbox 369 428 550 476; x_wconf 86' lang='lat' dir='ltr'><strong>tichius,</strong></span> <span class='ocrx_word' id='word_1_10' title='bbox 600 423 950 483; x_wconf 80' lang='lat' dir='ltr'><strong>Woydtnanuus,</strong></span> <span class='ocrx_word' id='word_1_11' title='bbox 998 416 1266 465; x_wconf 74' lang='lat' dir='ltr'><strong>EuchariUS,</strong></span> <span class='ocrx_word' id='word_1_12' title='bbox 1319 411 1610 459; x_wconf 88' lang='lat' dir='ltr'><strong>Carbachius‚</strong></span> <span class='ocrx_word' id='word_1_13' title='bbox 1657 409 1959 458; x_wconf 80' lang='lat' dir='ltr'><strong>Brumannus,</strong></span> <span class='ocrx_word' id='word_1_14' title='bbox 2009 405 2098 452; x_wconf 88' lang='lat' dir='ltr'><strong>alii.</strong></span> 
     </span>
     <span class='ocr_line' id='line_1_4' title="bbox 366 476 2100 550; baseline -0.013 -8"><span class='ocrx_word' id='word_1_15' title='bbox 366 500 524 542; x_wconf 84' lang='lat' dir='ltr'><strong>Contra</strong></span> <span class='ocrx_word' id='word_1_16' title='bbox 575 492 796 550; x_wconf 84' lang='lat' dir='ltr'><strong>theologis</strong></span> <span class='ocrx_word' id='word_1_17' title='bbox 850 490 998 534; x_wconf 82' lang='lat' dir='ltr'><strong>favent</strong></span> <span class='ocrx_word' id='word_1_18' title='bbox 1034 484 1270 532; x_wconf 88' lang='lat' dir='ltr'><strong>Adularius</strong></span> <span class='ocrx_word' id='word_1_19' title='bbox 1309 484 1526 531; x_wconf 85' lang='lat' dir='ltr'><strong>Schwan,</strong></span> <span class='ocrx_word' id='word_1_20' title='bbox 1574 479 1792 524; x_wconf 89' lang='lat' dir='ltr'><strong>llenricus</strong></span> <span class='ocrx_word' id='word_1_21' title='bbox 1826 476 1945 528; x_wconf 88' lang='lat' dir='ltr'><strong>Han,</strong></span> <span class='ocrx_word' id='word_1_22' title='bbox 1993 477 2100 523; x_wconf 89' lang='lat' dir='ltr'><strong>Mat-</strong></span> 
     </span>
     <span class='ocr_line' id='line_1_5' title="bbox 368 547 2100 617; baseline -0.012 -6"><span class='ocrx_word' id='word_1_23' title='bbox 368 567 479 612; x_wconf 84' lang='lat' dir='ltr'><strong>thias</strong></span> <span class='ocrx_word' id='word_1_24' title='bbox 517 566 568 609; x_wconf 90' lang='lat' dir='ltr'><strong>de</strong></span> <span class='ocrx_word' id='word_1_25' title='bbox 606 559 929 617; x_wconf 79' lang='lat' dir='ltr'><strong>Falckenberg,</strong></span> <span class='ocrx_word' id='word_1_26' title='bbox 979 555 1225 616; x_wconf 82' lang='lat' dir='ltr'><strong>Wigandus</strong></span> <span class='ocrx_word' id='word_1_27' title='bbox 1273 554 1325 598; x_wconf 89' lang='lat' dir='ltr'><strong>de</strong></span> <span class='ocrx_word' id='word_1_28' title='bbox 1364 551 1534 601; x_wconf 88' lang='lat' dir='ltr'><strong>Solms,</strong></span> <span class='ocrx_word' id='word_1_29' title='bbox 1584 548 1658 610; x_wconf 88' lang='lat' dir='ltr'><strong>qui</strong></span> <span class='ocrx_word' id='word_1_30' title='bbox 1707 559 1863 593; x_wconf 88' lang='lat' dir='ltr'><strong>omnes</strong></span> <span class='ocrx_word' id='word_1_31' title='bbox 1908 547 2100 608; x_wconf 83' lang='lat' dir='ltr'><strong>singulis</strong></span> 
     </span>
     <span class='ocr_line' id='line_1_6' title="bbox 367 620 2102 690; baseline -0.012 -8"><span class='ocrx_word' id='word_1_32' title='bbox 367 632 711 682; x_wconf 84' lang='lat' dir='ltr'><strong>hebdomadibus</strong></span> <span class='ocrx_word' id='word_1_33' title='bbox 749 629 865 690; x_wconf 88' lang='lat' dir='ltr'><strong>apud</strong></span> <span class='ocrx_word' id='word_1_34' title='bbox 901 629 1232 674; x_wconf 88' lang='lat' dir='ltr'><strong>Decimatorem,</strong></span> <span class='ocrx_word' id='word_1_35' title='bbox 1272 622 1538 682; x_wconf 75' lang='lat' dir='ltr'><strong>theologicae</strong></span> <span class='ocrx_word' id='word_1_36' title='bbox 1577 620 1718 681; x_wconf 88' lang='lat' dir='ltr'><strong>partis</strong></span> <span class='ocrx_word' id='word_1_37' title='bbox 1755 623 1903 678; x_wconf 83' lang='lat' dir='ltr'><strong>caput.</strong></span> <span class='ocrx_word' id='word_1_38' title='bbox 1942 631 2102 664; x_wconf 87' lang='lat' dir='ltr'><strong>conve·</strong></span> 
     </span>
     <span class='ocr_line' id='line_1_7' title="bbox 366 691 1980 752; baseline -0.012 0"><span class='ocrx_word' id='word_1_39' title='bbox 366 708 536 752; x_wconf 84' lang='lat' dir='ltr'><strong>nientes</strong></span> <span class='ocrx_word' id='word_1_40' title='bbox 575 700 724 749; x_wconf 89' lang='lat' dir='ltr'><strong>iudicii</strong></span> <span class='ocrx_word' id='word_1_41' title='bbox 761 706 918 745; x_wconf 82' lang='lat' dir='ltr'><strong>eontra</strong></span> <span class='ocrx_word' id='word_1_42' title='bbox 953 695 1245 743; x_wconf 90' lang='lat' dir='ltr'><strong>Reuchlinum</strong></span> <span class='ocrx_word' id='word_1_43' title='bbox 1285 691 1515 738; x_wconf 86' lang='lat' dir='ltr'><strong>exercendi</strong></span> <span class='ocrx_word' id='word_1_44' title='bbox 1553 691 1790 750; x_wconf 75' lang='lat' dir='ltr'><strong>imaginem</strong></span> <span class='ocrx_word' id='word_1_45' title='bbox 1827 694 1980 748; x_wconf 82' lang='lat' dir='ltr'><strong>agunt.</strong></span> 
     </span>
    </p>
   </div>
   <div class='ocr_carea' id='block_1_3' title="bbox 228 798 2352 1231">
    <p class='ocr_par' dir='ltr' id='par_1_3' title="bbox 228 798 2352 1231">
     <span class='ocr_line' id='line_1_8' title="bbox 228 798 2352 872; baseline -0.01 -6"><span class='ocrx_word' id='word_1_46' title='bbox 228 823 308 872; x_wconf 81' lang='grc'><strong>56.</strong></span> <span class='ocrx_word' id='word_1_47' title='bbox 348 814 594 866; x_wconf 82' lang='lat' dir='ltr'><strong>Gilbertus</strong></span> <span class='ocrx_word' id='word_1_48' title='bbox 630 808 944 860; x_wconf 80' lang='lat' dir='ltr'><strong>Poi·1·etonius</strong></span> <span class='ocrx_word' id='word_1_49' title='bbox 982 805 1180 855; x_wconf 89' lang='lat' dir='ltr'><strong>Ortvino</strong></span> <span class='ocrx_word' id='word_1_50' title='bbox 1220 803 1401 851; x_wconf 88' lang='lat' dir='ltr'><strong>Gratio.</strong></span> <span class='ocrx_word' id='word_1_51' title='bbox 1546 798 1824 864; x_wconf 81' lang='lat' dir='ltr'><strong>ingelstadt.</strong></span> <span class='ocrx_word' id='word_1_52' title='bbox 1910 835 1921 846; x_wconf 89' lang='lat'><strong>.</strong></span> <span class='ocrx_word' id='word_1_53' title='bbox 1998 837 2010 847; x_wconf 86' lang='lat'><strong>.</strong></span> <span class='ocrx_word' id='word_1_54' title='bbox 2084 835 2095 846; x_wconf 90' lang='lat'><strong>.</strong></span> <span class='ocrx_word' id='word_1_55' title='bbox 2134 805 2230 846; x_wconf 84' lang='grc'><strong>274.</strong></span> <span class='ocrx_word' id='word_1_56' title='bbox 2270 804 2352 845; x_wconf 84' lang='grc'><strong>275</strong></span> 
     </span>
     <span class='ocr_line' id='line_1_9' title="bbox 366 869 2103 946; baseline -0.01 -12"><span class='ocrx_word' id='word_1_57' title='bbox 366 887 619 946; x_wconf 80' lang='lat' dir='ltr'><strong>Theologus</strong></span> <span class='ocrx_word' id='word_1_58' title='bbox 665 899 782 930; x_wconf 92' lang='lat' dir='ltr'><strong>nunc</strong></span> <span class='ocrx_word' id='word_1_59' title='bbox 826 883 957 928; x_wconf 88' lang='lat' dir='ltr'><strong>etiam</strong></span> <span class='ocrx_word' id='word_1_60' title='bbox 1004 881 1048 925; x_wconf 89' lang='lat' dir='ltr'><strong>in</strong></span> <span class='ocrx_word' id='word_1_61' title='bbox 1098 881 1194 923; x_wconf 89' lang='lat' dir='ltr'><strong>iure</strong></span> <span class='ocrx_word' id='word_1_62' title='bbox 1231 876 1415 922; x_wconf 75' lang='lat' dir='ltr'><strong>studens</strong></span> <span class='ocrx_word' id='word_1_63' title='bbox 1453 887 1635 933; x_wconf 79' lang='lat' dir='ltr'><strong>suaeque</strong></span> <span class='ocrx_word' id='word_1_64' title='bbox 1673 870 1941 918; x_wconf 90' lang='lat' dir='ltr'><strong>eruditionis</strong></span> <span class='ocrx_word' id='word_1_65' title='bbox 1978 869 2103 917; x_wconf 83' lang='lat' dir='ltr'><strong>valde</strong></span> 
     </span>
     <span class='ocr_line' id='line_1_10' title="bbox 367 940 2102 1016; baseline -0.01 -12"><span class='ocrx_word' id='word_1_66' title='bbox 367 972 551 1005; x_wconf 88' lang='lat' dir='ltr'><strong>securus</strong></span> <span class='ocrx_word' id='word_1_67' title='bbox 599 955 702 1016; x_wconf 90' lang='lat' dir='ltr'><strong>quid</strong></span> <span class='ocrx_word' id='word_1_68' title='bbox 750 952 1002 1013; x_wconf 74' lang='lat' dir='ltr'><strong>significent</strong></span> <span class='ocrx_word' id='word_1_69' title='bbox 1047 949 1182 995; x_wconf 89' lang='lat' dir='ltr'><strong>Latus</strong></span> <span class='ocrx_word' id='word_1_70' title='bbox 1231 946 1400 997; x_wconf 86' lang='lat' dir='ltr'><strong>clavus,</strong></span> <span class='ocrx_word' id='word_1_71' title='bbox 1456 943 1860 1005; x_wconf 85' lang='lat' dir='ltr'><strong>Epistographum,</strong></span> <span class='ocrx_word' id='word_1_72' title='bbox 1917 940 2102 992; x_wconf 84' lang='lat' dir='ltr'><strong>Abaces,</strong></span> 
     </span>
     <span class='ocr_line' id='line_1_11' title="bbox 351 1009 2102 1078; baseline -0.008 -7"><span class='ocrx_word' id='word_1_73' title='bbox 351 1028 590 1074; x_wconf 75' lang='lat' dir='ltr'><strong>,Corinthia</strong></span> <span class='ocrx_word' id='word_1_74' title='bbox 638 1040 760 1076; x_wconf 87' lang='lat' dir='ltr'><strong>vasa,</strong></span> <span class='ocrx_word' id='word_1_75' title='bbox 807 1022 987 1072; x_wconf 86' lang='lat' dir='ltr'><strong>Balnea,</strong></span> <span class='ocrx_word' id='word_1_76' title='bbox 1036 1019 1331 1078; x_wconf 83' lang='lat' dir='ltr'><strong>Prothyrum,</strong></span> <span class='ocrx_word' id='word_1_77' title='bbox 1384 1015 1714 1064; x_wconf 88' lang='lat' dir='ltr'><strong>Obsonatores,</strong></span> <span class='ocrx_word' id='word_1_78' title='bbox 1751 1009 2102 1074; x_wconf 83' lang='lat' dir='ltr'><strong>Hypocaustum,</strong></span> 
     </span>
     <span class='ocr_line' id='line_1_12' title="bbox 368 1081 2102 1156; baseline -0.009 -11"><span class='ocrx_word' id='word_1_79' title='bbox 368 1098 517 1145; x_wconf 83' lang='lat' dir='ltr'><strong>Gallus</strong></span> <span class='ocrx_word' id='word_1_80' title='bbox 564 1095 859 1156; x_wconf 83' lang='lat' dir='ltr'><strong>gallinaceus,</strong></span> <span class='ocrx_word' id='word_1_81' title='bbox 908 1093 1067 1142; x_wconf 57' lang='lat' dir='ltr'><strong>Diaeta,</strong></span> <span class='ocrx_word' id='word_1_82' title='bbox 1113 1091 1310 1138; x_wconf 64' lang='lat' dir='ltr'><strong>Chorus,</strong></span> <span class='ocrx_word' id='word_1_83' title='bbox 1349 1084 1646 1136; x_wconf 87' lang='lat' dir='ltr'><strong>Centumviri‚</strong></span> <span class='ocrx_word' id='word_1_84' title='bbox 1684 1083 1880 1136; x_wconf 87' lang='lat' dir='ltr'><strong>Patricii,</strong></span> <span class='ocrx_word' id='word_1_85' title='bbox 1919 1081 2102 1129; x_wconf 85' lang='lat' dir='ltr'><strong>Ortvino</strong></span> 
     </span>
     <span class='ocr_line' id='line_1_13' title="bbox 367 1165 842 1231; baseline -0.013 -16"><span class='ocrx_word' id='word_1_86' title='bbox 367 1166 586 1231; x_wconf 83' lang='lat' dir='ltr'><strong>quaerenti</strong></span> <span class='ocrx_word' id='word_1_87' title='bbox 624 1165 842 1212; x_wconf 84' lang='lat' dir='ltr'><strong>rescribit.</strong></span> 
     </span>
    </p>
   </div>
   <div class='ocr_carea' id='block_1_4' title="bbox 232 1263 2356 1687">
    <p class='ocr_par' dir='ltr' id='par_1_4' title="bbox 232 1263 2356 1687">
     <span class='ocr_line' id='line_1_14' title="bbox 232 1263 2356 1336; baseline -0.009 -7"><span class='ocrx_word' id='word_1_88' title='bbox 232 1286 311 1336; x_wconf 82' lang='grc'><strong>57.</strong></span> <span class='ocrx_word' id='word_1_89' title='bbox 353 1277 578 1327; x_wconf 89' lang='lat' dir='ltr'><strong>Galienus</strong></span> <span class='ocrx_word' id='word_1_90' title='bbox 604 1273 1000 1324; x_wconf 80' lang='lat' dir='ltr'><strong>&#39;l’adebornensis</strong></span> <span class='ocrx_word' id='word_1_91' title='bbox 1039 1269 1238 1319; x_wconf 89' lang='lat' dir='ltr'><strong>Ortvino</strong></span> <span class='ocrx_word' id='word_1_92' title='bbox 1278 1267 1461 1318; x_wconf 86' lang='lat' dir='ltr'><strong>Grati0.</strong></span> <span class='ocrx_word' id='word_1_93' title='bbox 1605 1263 1835 1315; x_wconf 91' lang='lat' dir='ltr'><strong>Bremen.</strong></span> <span class='ocrx_word' id='word_1_94' title='bbox 1911 1300 1922 1311; x_wconf 90' lang='lat'><strong>.</strong></span> <span class='ocrx_word' id='word_1_95' title='bbox 1999 1303 2011 1313; x_wconf 87' lang='lat'><strong>.</strong></span> <span class='ocrx_word' id='word_1_96' title='bbox 2088 1303 2100 1314; x_wconf 88' lang='lat'><strong>.</strong></span> <span class='ocrx_word' id='word_1_97' title='bbox 2138 1270 2235 1311; x_wconf 83' lang='lat'><strong>275.</strong></span> <span class='ocrx_word' id='word_1_98' title='bbox 2273 1269 2356 1311; x_wconf 87' lang='grc'><strong>276</strong></span> 
     </span>
     <span class='ocr_line' id='line_1_15' title="bbox 369 1337 2106 1411; baseline -0.009 -13"><span class='ocrx_word' id='word_1_99' title='bbox 369 1353 557 1398; x_wconf 77' lang='lat' dir='ltr'><strong>Terrore</strong></span> <span class='ocrx_word' id='word_1_100' title='bbox 605 1362 843 1411; x_wconf 90' lang='lat' dir='ltr'><strong>percussus</strong></span> <span class='ocrx_word' id='word_1_101' title='bbox 892 1362 914 1393; x_wconf 90' lang='lat' dir='ltr'><strong>a</strong></span> <span class='ocrx_word' id='word_1_102' title='bbox 952 1341 1292 1391; x_wconf 58' lang='lat' dir='ltr'><strong>Colonie‘nsibus</strong></span> <span class='ocrx_word' id='word_1_103' title='bbox 1340 1339 1690 1401; x_wconf 86' lang='lat' dir='ltr'><strong>praedicatores,</strong></span> <span class='ocrx_word' id='word_1_104' title='bbox 1739 1339 1778 1383; x_wconf 92' lang='lat' dir='ltr'><strong>si</strong></span> <span class='ocrx_word' id='word_1_105' title='bbox 1823 1352 1956 1384; x_wconf 87' lang='lat' dir='ltr'><strong>eausa</strong></span> <span class='ocrx_word' id='word_1_106' title='bbox 2005 1337 2106 1383; x_wconf 86' lang='lat' dir='ltr'><strong>fidei</strong></span> 
     </span>
     <span class='ocr_line' id='line_1_16' title="bbox 368 1407 2106 1476; baseline -0.009 -8"><span class='ocrx_word' id='word_1_107' title='bbox 368 1422 597 1472; x_wconf 87' lang='lat' dir='ltr'><strong>caderent,</strong></span> <span class='ocrx_word' id='word_1_108' title='bbox 647 1432 802 1465; x_wconf 92' lang='lat' dir='ltr'><strong>novam</strong></span> <span class='ocrx_word' id='word_1_109' title='bbox 849 1417 976 1462; x_wconf 79' lang='lat' dir='ltr'><strong>iidem</strong></span> <span class='ocrx_word' id='word_1_110' title='bbox 1023 1414 1268 1476; x_wconf 81' lang='lat' dir='ltr'><strong>praedicare</strong></span> <span class='ocrx_word' id='word_1_111' title='bbox 1306 1417 1554 1471; x_wconf 79' lang='lat' dir='ltr'><strong>contraque</strong></span> <span class='ocrx_word' id='word_1_112' title='bbox 1590 1423 1752 1471; x_wconf 83' lang='lat' dir='ltr'><strong>papam</strong></span> <span class='ocrx_word' id='word_1_113' title='bbox 1790 1414 1835 1454; x_wconf 88' lang='lat' dir='ltr'><strong>et</strong></span> <span class='ocrx_word' id='word_1_114' title='bbox 1871 1407 2106 1455; x_wconf 88' lang='lat' dir='ltr'><strong>ecclesiam</strong></span> 
     </span>
     <span class='ocr_line' id='line_1_17' title="bbox 368 1480 2106 1545; baseline -0.009 -5"><span class='ocrx_word' id='word_1_115' title='bbox 368 1492 585 1540; x_wconf 88' lang='lat' dir='ltr'><strong>rebellare</strong></span> <span class='ocrx_word' id='word_1_116' title='bbox 622 1489 911 1537; x_wconf 88' lang='lat' dir='ltr'><strong>constituisse</strong></span> <span class='ocrx_word' id='word_1_117' title='bbox 948 1484 1143 1545; x_wconf 87' lang='lat' dir='ltr'><strong>accepit;</strong></span> <span class='ocrx_word' id='word_1_118' title='bbox 1198 1489 1348 1544; x_wconf 81' lang='lat' dir='ltr'><strong>sperat</strong></span> <span class='ocrx_word' id='word_1_119' title='bbox 1394 1488 1543 1527; x_wconf 91' lang='lat' dir='ltr'><strong>autem</strong></span> <span class='ocrx_word' id='word_1_120' title='bbox 1591 1481 1673 1527; x_wconf 91' lang='lat' dir='ltr'><strong>has</strong></span> <span class='ocrx_word' id='word_1_121' title='bbox 1710 1493 1800 1526; x_wconf 88' lang='lat' dir='ltr'><strong>non</strong></span> <span class='ocrx_word' id='word_1_122' title='bbox 1837 1480 1924 1526; x_wconf 90' lang='lat' dir='ltr'><strong>nisi</strong></span> <span class='ocrx_word' id='word_1_123' title='bbox 1962 1480 2106 1524; x_wconf 89' lang='lat' dir='ltr'><strong>minas</strong></span> 
     </span>
     <span class='ocr_line' id='line_1_18' title="bbox 369 1549 2107 1621; baseline -0.008 -12"><span class='ocrx_word' id='word_1_124' title='bbox 369 1577 490 1613; x_wconf 87' lang='lat' dir='ltr'><strong>csse,</strong></span> <span class='ocrx_word' id='word_1_125' title='bbox 530 1562 582 1608; x_wconf 89' lang='lat' dir='ltr'><strong>ad</strong></span> <span class='ocrx_word' id='word_1_126' title='bbox 619 1559 877 1621; x_wconf 88' lang='lat' dir='ltr'><strong>patientiam</strong></span> <span class='ocrx_word' id='word_1_127' title='bbox 916 1557 1178 1606; x_wconf 90' lang='lat' dir='ltr'><strong>exhortans,</strong></span> <span class='ocrx_word' id='word_1_128' title='bbox 1217 1567 1272 1599; x_wconf 92' lang='lat' dir='ltr'><strong>ne</strong></span> <span class='ocrx_word' id='word_1_129' title='bbox 1307 1555 1350 1599; x_wconf 92' lang='lat' dir='ltr'><strong>in</strong></span> <span class='ocrx_word' id='word_1_130' title='bbox 1391 1553 1590 1598; x_wconf 90' lang='lat' dir='ltr'><strong>omnium</strong></span> <span class='ocrx_word' id='word_1_131' title='bbox 1627 1550 1985 1598; x_wconf 87' lang='lat' dir='ltr'><strong>Christianorum</strong></span> <span class='ocrx_word' id='word_1_132' title='bbox 2024 1549 2107 1595; x_wconf 87' lang='lat' dir='ltr'><strong>ini·</strong></span> 
     </span>
     <span class='ocr_line' id='line_1_19' title="bbox 369 1628 1061 1687; baseline -0.012 -7"><span class='ocrx_word' id='word_1_133' title='bbox 369 1632 576 1680; x_wconf 87' lang='lat' dir='ltr'><strong>micitiam</strong></span> <span class='ocrx_word' id='word_1_134' title='bbox 615 1630 809 1676; x_wconf 86' lang='lat' dir='ltr'><strong>incidant</strong></span> <span class='ocrx_word' id='word_1_135' title='bbox 846 1628 1061 1687; x_wconf 85' lang='lat' dir='ltr'><strong>theologi.</strong></span> 
     </span>
    </p>
   </div>
   <div class='ocr_carea' id='block_1_5' title="bbox 232 1731 2359 2568">
    <p class='ocr_par' dir='ltr' id='par_1_5' title="bbox 232 1731 2359 2568">
     <span class='ocr_line' id='line_1_20' title="bbox 232 1731 2359 1800; baseline -0.008 -7"><span class='ocrx_word' id='word_1_136' title='bbox 232 1751 313 1800; x_wconf 83' lang='grc'><strong>58.</strong></span> <span class='ocrx_word' id='word_1_137' title='bbox 355 1743 460 1792; x_wconf 88' lang='lat' dir='ltr'><strong>Irus</strong></span> <span class='ocrx_word' id='word_1_138' title='bbox 496 1740 710 1791; x_wconf 90' lang='lat' dir='ltr'><strong>Perlirus</strong></span> <span class='ocrx_word' id='word_1_139' title='bbox 748 1737 947 1788; x_wconf 89' lang='lat' dir='ltr'><strong>Ortvino</strong></span> <span class='ocrx_word' id='word_1_140' title='bbox 987 1737 1167 1787; x_wconf 84' lang='lat' dir='ltr'><strong>GratiO.</strong></span> <span class='ocrx_word' id='word_1_141' title='bbox 1314 1731 1545 1797; x_wconf 87' lang='lat' dir='ltr'><strong>Liptzick.</strong></span> <span class='ocrx_word' id='word_1_142' title='bbox 1645 1768 2010 1781; x_wconf 91' lang='grc'><strong>.....</strong></span> <span class='ocrx_word' id='word_1_143' title='bbox 2089 1768 2100 1779; x_wconf 92' lang='grc'><strong>.</strong></span> <span class='ocrx_word' id='word_1_144' title='bbox 2139 1736 2237 1779; x_wconf 90' lang='grc'><strong>276.</strong></span> <span class='ocrx_word' id='word_1_145' title='bbox 2276 1737 2359 1777; x_wconf 87' lang='grc'><strong>277</strong></span> 
     </span>
     <span class='ocr_line' id='line_1_21' title="bbox 370 1803 2110 1870; baseline -0.006 -9"><span class='ocrx_word' id='word_1_146' title='bbox 370 1817 536 1861; x_wconf 86' lang='lat' dir='ltr'><strong>Ortvini</strong></span> <span class='ocrx_word' id='word_1_147' title='bbox 572 1821 726 1861; x_wconf 91' lang='lat' dir='ltr'><strong>contra</strong></span> <span class='ocrx_word' id='word_1_148' title='bbox 753 1811 1043 1858; x_wconf 90' lang='lat' dir='ltr'><strong>Reuchlinum</strong></span> <span class='ocrx_word' id='word_1_149' title='bbox 1081 1811 1244 1870; x_wconf 89' lang='lat' dir='ltr'><strong>scripta</strong></span> <span class='ocrx_word' id='word_1_150' title='bbox 1271 1808 1434 1869; x_wconf 75' lang='lat' dir='ltr'><strong>Lipsiae</strong></span> <span class='ocrx_word' id='word_1_151' title='bbox 1472 1806 1526 1853; x_wconf 91' lang='lat' dir='ltr'><strong>ab</strong></span> <span class='ocrx_word' id='word_1_152' title='bbox 1564 1805 1763 1867; x_wconf 85' lang='lat' dir='ltr'><strong>antiquis</strong></span> <span class='ocrx_word' id='word_1_153' title='bbox 1801 1804 1978 1866; x_wconf 88' lang='lat' dir='ltr'><strong>quidem</strong></span> <span class='ocrx_word' id='word_1_154' title='bbox 2015 1803 2110 1851; x_wconf 88' lang='lat' dir='ltr'><strong>lau-</strong></span> 
     </span>
     <span class='ocr_line' id='line_1_22' title="bbox 368 1875 2110 1940; baseline -0.007 -8"><span class='ocrx_word' id='word_1_155' title='bbox 368 1887 541 1937; x_wconf 84' lang='lat' dir='ltr'><strong>dantur,</strong></span> <span class='ocrx_word' id='word_1_156' title='bbox 581 1884 658 1931; x_wconf 91' lang='lat' dir='ltr'><strong>sed</strong></span> <span class='ocrx_word' id='word_1_157' title='bbox 695 1898 718 1928; x_wconf 92' lang='lat' dir='ltr'><strong>a</strong></span> <span class='ocrx_word' id='word_1_158' title='bbox 757 1881 1010 1928; x_wconf 90' lang='lat' dir='ltr'><strong>iunioribus</strong></span> <span class='ocrx_word' id='word_1_159' title='bbox 1048 1881 1371 1940; x_wconf 88' lang='lat' dir='ltr'><strong>vituperantur,</strong></span> <span class='ocrx_word' id='word_1_160' title='bbox 1412 1879 1503 1939; x_wconf 87' lang='lat' dir='ltr'><strong>qui,</strong></span> <span class='ocrx_word' id='word_1_161' title='bbox 1546 1891 1647 1923; x_wconf 87' lang='lat' dir='ltr'><strong>eum</strong></span> <span class='ocrx_word' id='word_1_162' title='bbox 1686 1876 1752 1922; x_wconf 92' lang='lat' dir='ltr'><strong>illi</strong></span> <span class='ocrx_word' id='word_1_163' title='bbox 1790 1889 1973 1937; x_wconf 90' lang='lat' dir='ltr'><strong>quoque</strong></span> <span class='ocrx_word' id='word_1_164' title='bbox 1999 1875 2110 1936; x_wconf 90' lang='lat' dir='ltr'><strong>Spe-</strong></span> 
     </span>
     <span class='ocr_line' id='line_1_23' title="bbox 369 1945 2111 2002; baseline -0.006 -1"><span class='ocrx_word' id='word_1_165' title='bbox 369 1955 515 2002; x_wconf 90' lang='lat' dir='ltr'><strong>culum</strong></span> <span class='ocrx_word' id='word_1_166' title='bbox 553 1955 730 2001; x_wconf 88' lang='lat' dir='ltr'><strong>oculare</strong></span> <span class='ocrx_word' id='word_1_167' title='bbox 765 1951 1099 2000; x_wconf 89' lang='lat' dir='ltr'><strong>condemnaturi</strong></span> <span class='ocrx_word' id='word_1_168' title='bbox 1138 1957 1310 2001; x_wconf 88' lang='lat' dir='ltr'><strong>essent,</strong></span> <span class='ocrx_word' id='word_1_169' title='bbox 1350 1948 1582 1995; x_wconf 87' lang='lat' dir='ltr'><strong>Reuchlini</strong></span> <span class='ocrx_word' id='word_1_170' title='bbox 1621 1947 1920 1993; x_wconf 85' lang='lat' dir='ltr'><strong>innocentiam</strong></span> <span class='ocrx_word' id='word_1_171' title='bbox 1958 1945 2111 1992; x_wconf 80' lang='lat' dir='ltr'><strong>delen-</strong></span> 
     </span>
     <span class='ocr_line' id='line_1_24' title="bbox 369 2016 2111 2084; baseline -0.006 -12"><span class='ocrx_word' id='word_1_172' title='bbox 369 2027 540 2072; x_wconf 87' lang='lat' dir='ltr'><strong>derunt.</strong></span> <span class='ocrx_word' id='word_1_173' title='bbox 615 2024 813 2084; x_wconf 91' lang='lat' dir='ltr'><strong>Undique</strong></span> <span class='ocrx_word' id='word_1_174' title='bbox 850 2023 1044 2083; x_wconf 87' lang='lat' dir='ltr'><strong>Lipsiam</strong></span> <span class='ocrx_word' id='word_1_175' title='bbox 1091 2020 1324 2067; x_wconf 84' lang='lat' dir='ltr'><strong>confluunt</strong></span> <span class='ocrx_word' id='word_1_176' title='bbox 1359 2027 1533 2081; x_wconf 86' lang='lat' dir='ltr'><strong>poetae,</strong></span> <span class='ocrx_word' id='word_1_177' title='bbox 1581 2016 1861 2065; x_wconf 89' lang='lat' dir='ltr'><strong>universitati</strong></span> <span class='ocrx_word' id='word_1_178' title='bbox 1908 2016 2111 2064; x_wconf 83' lang='lat' dir='ltr'><strong>exitiales</strong></span> 
     </span>
     <span class='ocr_line' id='line_1_25' title="bbox 369 2088 2111 2154; baseline -0.004 -12"><span class='ocrx_word' id='word_1_179' title='bbox 369 2097 533 2147; x_wconf 82' lang='lat' dir='ltr'><strong>futuri,</strong></span> <span class='ocrx_word' id='word_1_180' title='bbox 572 2102 617 2141; x_wconf 90' lang='lat' dir='ltr'><strong>et</strong></span> <span class='ocrx_word' id='word_1_181' title='bbox 653 2108 796 2154; x_wconf 88' lang='lat' dir='ltr'><strong>nuper</strong></span> <span class='ocrx_word' id='word_1_182' title='bbox 832 2093 981 2139; x_wconf 82' lang='lat' dir='ltr'><strong>Graece</strong></span> <span class='ocrx_word' id='word_1_183' title='bbox 1019 2092 1231 2138; x_wconf 89' lang='lat' dir='ltr'><strong>docentes</strong></span> <span class='ocrx_word' id='word_1_184' title='bbox 1269 2090 1541 2137; x_wconf 85' lang='lat' dir='ltr'><strong>Mosellanus</strong></span> <span class='ocrx_word' id='word_1_185' title='bbox 1579 2096 1626 2136; x_wconf 88' lang='lat' dir='ltr'><strong>et</strong></span> <span class='ocrx_word' id='word_1_186' title='bbox 1662 2089 1846 2136; x_wconf 76' lang='lat' dir='ltr'><strong>Crocus·</strong></span> <span class='ocrx_word' id='word_1_187' title='bbox 1920 2088 1983 2135; x_wconf 87' lang='lat' dir='ltr'><strong>ita</strong></span> <span class='ocrx_word' id='word_1_188' title='bbox 2019 2102 2111 2135; x_wconf 89' lang='lat' dir='ltr'><strong>ma·</strong></span> 
     </span>
     <span class='ocr_line' id='line_1_26' title="bbox 370 2162 2111 2227; baseline -0.004 -16"><span class='ocrx_word' id='word_1_189' title='bbox 370 2168 496 2227; x_wconf 80' lang='lat' dir='ltr'><strong>gistri</strong></span> <span class='ocrx_word' id='word_1_190' title='bbox 538 2165 644 2212; x_wconf 91' lang='lat' dir='ltr'><strong>olim</strong></span> <span class='ocrx_word' id='word_1_191' title='bbox 681 2165 892 2210; x_wconf 80' lang='lat' dir='ltr'><strong>florentes</strong></span> <span class='ocrx_word' id='word_1_192' title='bbox 931 2162 1215 2213; x_wconf 90' lang='lat' dir='ltr'><strong>desolantur,</strong></span> <span class='ocrx_word' id='word_1_193' title='bbox 1267 2162 1578 2208; x_wconf 87' lang='lat' dir='ltr'><strong>studiosorum</strong></span> <span class='ocrx_word' id='word_1_194' title='bbox 1625 2173 1775 2206; x_wconf 90' lang='lat' dir='ltr'><strong>mores</strong></span> <span class='ocrx_word' id='word_1_195' title='bbox 1812 2172 2111 2220; x_wconf 89' lang='lat' dir='ltr'><strong>corrumpun-</strong></span> 
     </span>
     <span class='ocr_line' id='line_1_27' title="bbox 375 2231 2108 2298; baseline -0.005 -15"><span class='ocrx_word' id='word_1_196' title='bbox 375 2246 460 2289; x_wconf 88' lang='lat' dir='ltr'><strong>tur,</strong></span> <span class='ocrx_word' id='word_1_197' title='bbox 500 2236 663 2298; x_wconf 82' lang='lat' dir='ltr'><strong>gradus</strong></span> <span class='ocrx_word' id='word_1_198' title='bbox 689 2234 923 2282; x_wconf 86' lang='lat' dir='ltr'><strong>academici</strong></span> <span class='ocrx_word' id='word_1_199' title='bbox 950 2239 1312 2284; x_wconf 89' lang='lat' dir='ltr'><strong>contemnuntur,</strong></span> <span class='ocrx_word' id='word_1_200' title='bbox 1352 2234 1414 2278; x_wconf 89' lang='lat' dir='ltr'><strong>ita</strong></span> <span class='ocrx_word' id='word_1_201' title='bbox 1440 2237 1491 2278; x_wconf 93' lang='lat' dir='ltr'><strong>ut</strong></span> <span class='ocrx_word' id='word_1_202' title='bbox 1515 2231 1892 2292; x_wconf 89' lang='lat' dir='ltr'><strong>dispensationes,</strong></span> <span class='ocrx_word' id='word_1_203' title='bbox 1920 2244 2108 2290; x_wconf 89' lang='lat' dir='ltr'><strong>quarum</strong></span> 
     </span>
     <span class='ocr_line' id='line_1_28' title="bbox 375 2302 2112 2366; baseline -0.005 -12"><span class='ocrx_word' id='word_1_204' title='bbox 375 2316 466 2354; x_wconf 89' lang='lat' dir='ltr'><strong>tres</strong></span> <span class='ocrx_word' id='word_1_205' title='bbox 503 2322 646 2354; x_wconf 86' lang='lat' dir='ltr'><strong>causae</strong></span> <span class='ocrx_word' id='word_1_206' title='bbox 684 2311 982 2366; x_wconf 86' lang='lat' dir='ltr'><strong>exponuntur,</strong></span> <span class='ocrx_word' id='word_1_207' title='bbox 1022 2303 1174 2364; x_wconf 91' lang='lat' dir='ltr'><strong>iniqua</strong></span> <span class='ocrx_word' id='word_1_208' title='bbox 1211 2303 1461 2351; x_wconf 86' lang='lat' dir='ltr'><strong>necessitas</strong></span> <span class='ocrx_word' id='word_1_209' title='bbox 1486 2302 1732 2361; x_wconf 82' lang='lat' dir='ltr'><strong>magistros</strong></span> <span class='ocrx_word' id='word_1_210' title='bbox 1757 2306 1946 2363; x_wconf 85' lang='lat' dir='ltr'><strong>premat.</strong></span> <span class='ocrx_word' id='word_1_211' title='bbox 1999 2315 2112 2362; x_wconf 89' lang='lat' dir='ltr'><strong>quo·</strong></span> 
     </span>
     <span class='ocr_line' id='line_1_29' title="bbox 372 2371 2167 2436; baseline -0.004 -12"><span class='ocrx_word' id='word_1_212' title='bbox 372 2373 468 2424; x_wconf 86' lang='lat' dir='ltr'><strong>rum</strong></span> <span class='ocrx_word' id='word_1_213' title='bbox 506 2376 724 2423; x_wconf 90' lang='lat' dir='ltr'><strong>malorum</strong></span> <span class='ocrx_word' id='word_1_214' title='bbox 762 2374 1009 2436; x_wconf 89' lang='lat' dir='ltr'><strong>exemplum</strong></span> <span class='ocrx_word' id='word_1_215' title='bbox 1049 2374 1227 2420; x_wconf 87' lang='lat' dir='ltr'><strong>exhibet</strong></span> <span class='ocrx_word' id='word_1_216' title='bbox 1263 2374 1498 2420; x_wconf 87' lang='lat' dir='ltr'><strong>altercatio</strong></span> <span class='ocrx_word' id='word_1_217' title='bbox 1547 2371 1786 2434; x_wconf 89' lang='lat' dir='ltr'><strong>scriptoris</strong></span> <span class='ocrx_word' id='word_1_218' title='bbox 1832 2385 1933 2418; x_wconf 92' lang='lat' dir='ltr'><strong>cum</strong></span> <span class='ocrx_word' id='word_1_219' title='bbox 1979 2371 2112 2417; x_wconf 90' lang='lat' dir='ltr'><strong>disci·</strong></span> <span class='ocrx_word' id='word_1_220' title='bbox 2165 2406 2167 2408; x_wconf 81' lang='grc'>-</span> 
     </span>
     <span class='ocr_line' id='line_1_30' title="bbox 372 2442 2113 2509; baseline -0.004 -15"><span class='ocrx_word' id='word_1_221' title='bbox 372 2448 479 2509; x_wconf 88' lang='lat' dir='ltr'><strong>pulo</strong></span> <span class='ocrx_word' id='word_1_222' title='bbox 527 2447 571 2492; x_wconf 93' lang='lat' dir='ltr'><strong>in</strong></span> <span class='ocrx_word' id='word_1_223' title='bbox 618 2446 808 2497; x_wconf 89' lang='lat' dir='ltr'><strong>ltaliam,</strong></span> <span class='ocrx_word' id='word_1_224' title='bbox 861 2445 936 2491; x_wconf 88' lang='lat' dir='ltr'><strong>ubi</strong></span> <span class='ocrx_word' id='word_1_225' title='bbox 984 2445 1300 2491; x_wconf 86' lang='lat' dir='ltr'><strong>Germanorum</strong></span> <span class='ocrx_word' id='word_1_226' title='bbox 1347 2444 1716 2492; x_wconf 88' lang='lat' dir='ltr'><strong>baccalaureatus</strong></span> <span class='ocrx_word' id='word_1_227' title='bbox 1761 2442 2113 2503; x_wconf 86' lang='lat' dir='ltr'><strong>magisteriaque</strong></span> 
     </span>
     <span class='ocr_line' id='line_1_31' title="bbox 373 2516 1072 2568; baseline -0.006 -3"><span class='ocrx_word' id='word_1_228' title='bbox 373 2519 502 2565; x_wconf 84' lang='lat' dir='ltr'><strong>flocci</strong></span> <span class='ocrx_word' id='word_1_229' title='bbox 539 2517 674 2568; x_wconf 87' lang='lat' dir='ltr'><strong>fiunt,</strong></span> <span class='ocrx_word' id='word_1_230' title='bbox 713 2516 835 2563; x_wconf 85' lang='lat' dir='ltr'><strong>abire</strong></span> <span class='ocrx_word' id='word_1_231' title='bbox 871 2516 1072 2562; x_wconf 89' lang='lat' dir='ltr'><strong>minanti.</strong></span> 
     </span>
    </p>
   </div>
   <div class='ocr_carea' id='block_1_6' title="bbox 237 2607 2365 3452">
    <p class='ocr_par' dir='ltr' id='par_1_6' title="bbox 237 2607 2365 3452">
     <span class='ocr_line' id='line_1_32' title="bbox 237 2607 2365 2675; baseline -0.004 -12"><span class='ocrx_word' id='word_1_232' title='bbox 237 2620 317 2669; x_wconf 79' lang='lat'><strong>59.</strong></span> <span class='ocrx_word' id='word_1_233' title='bbox 357 2614 592 2663; x_wconf 88' lang='lat' dir='ltr'><strong>lohannes</strong></span> <span class='ocrx_word' id='word_1_234' title='bbox 630 2611 1031 2675; x_wconf 87' lang='lat' dir='ltr'><strong>Cocleariligneus</strong></span> <span class='ocrx_word' id='word_1_235' title='bbox 1069 2611 1269 2661; x_wconf 87' lang='lat' dir='ltr'><strong>Ortvino</strong></span> <span class='ocrx_word' id='word_1_236' title='bbox 1308 2611 1491 2663; x_wconf 86' lang='lat' dir='ltr'><strong>Gratio.</strong></span> <span class='ocrx_word' id='word_1_237' title='bbox 1636 2607 2019 2660; x_wconf 80' lang='lat' dir='ltr'><strong>Franckfordiae.</strong></span> <span class='ocrx_word' id='word_1_238' title='bbox 2096 2647 2106 2658; x_wconf 94' lang='lat'><strong>.</strong></span> <span class='ocrx_word' id='word_1_239' title='bbox 2147 2614 2243 2656; x_wconf 83' lang='lat'><strong>278.</strong></span> <span class='ocrx_word' id='word_1_240' title='bbox 2283 2612 2365 2654; x_wconf 84' lang='lat'><strong>279</strong></span> 
     </span>
     <span class='ocr_line' id='line_1_33' title="bbox 374 2683 2114 2747; baseline -0.002 -16"><span class='ocrx_word' id='word_1_241' title='bbox 374 2687 438 2732; x_wconf 82' lang='lat' dir='ltr'><strong>Ad</strong></span> <span class='ocrx_word' id='word_1_242' title='bbox 474 2686 690 2732; x_wconf 90' lang='lat' dir='ltr'><strong>nundinas</strong></span> <span class='ocrx_word' id='word_1_243' title='bbox 728 2687 953 2732; x_wconf 88' lang='lat' dir='ltr'><strong>venientes</strong></span> <span class='ocrx_word' id='word_1_244' title='bbox 989 2693 1262 2732; x_wconf 88' lang='lat' dir='ltr'><strong>mercatores</strong></span> <span class='ocrx_word' id='word_1_245' title='bbox 1300 2686 1516 2747; x_wconf 90' lang='lat' dir='ltr'><strong>scriptor,</strong></span> <span class='ocrx_word' id='word_1_246' title='bbox 1556 2689 1608 2730; x_wconf 91' lang='lat' dir='ltr'><strong>ut</strong></span> <span class='ocrx_word' id='word_1_247' title='bbox 1644 2685 1684 2729; x_wconf 89' lang='lat' dir='ltr'><strong>ei</strong></span> <span class='ocrx_word' id='word_1_248' title='bbox 1722 2684 1976 2730; x_wconf 85' lang='lat' dir='ltr'><strong>iniunxerat</strong></span> <span class='ocrx_word' id='word_1_249' title='bbox 2013 2683 2114 2729; x_wconf 89' lang='lat' dir='ltr'><strong>Ort-</strong></span> 
     </span>
     <span class='ocr_line' id='line_1_34' title="bbox 376 2753 2114 2818; baseline -0.001 -17"><span class='ocrx_word' id='word_1_250' title='bbox 376 2760 518 2807; x_wconf 80' lang='lat' dir='ltr'><strong>vinus,</strong></span> <span class='ocrx_word' id='word_1_251' title='bbox 557 2757 609 2801; x_wconf 91' lang='lat' dir='ltr'><strong>de</strong></span> <span class='ocrx_word' id='word_1_252' title='bbox 635 2763 869 2817; x_wconf 90' lang='lat' dir='ltr'><strong>poetarum</strong></span> <span class='ocrx_word' id='word_1_253' title='bbox 906 2758 1256 2817; x_wconf 88' lang='lat' dir='ltr'><strong>iuristarumque</strong></span> <span class='ocrx_word' id='word_1_254' title='bbox 1294 2771 1377 2818; x_wconf 89' lang='lat' dir='ltr'><strong>pro</strong></span> <span class='ocrx_word' id='word_1_255' title='bbox 1403 2754 1650 2802; x_wconf 89' lang='lat' dir='ltr'><strong>Reuchlino</strong></span> <span class='ocrx_word' id='word_1_256' title='bbox 1690 2761 1848 2801; x_wconf 88' lang='lat' dir='ltr'><strong>contra</strong></span> <span class='ocrx_word' id='word_1_257' title='bbox 1874 2753 2114 2815; x_wconf 83' lang='lat' dir='ltr'><strong>theologos</strong></span> 
     </span>
     <span class='ocr_line' id='line_1_35' title="bbox 376 2825 2115 2887; baseline -0.002 -13"><span class='ocrx_word' id='word_1_258' title='bbox 376 2828 684 2874; x_wconf 86' lang='lat' dir='ltr'><strong>coniuratione</strong></span> <span class='ocrx_word' id='word_1_259' title='bbox 719 2833 944 2873; x_wconf 86' lang='lat' dir='ltr'><strong>scrutatus</strong></span> <span class='ocrx_word' id='word_1_260' title='bbox 981 2828 1151 2887; x_wconf 89' lang='lat' dir='ltr'><strong>accepit</strong></span> <span class='ocrx_word' id='word_1_261' title='bbox 1187 2828 1446 2874; x_wconf 87' lang='lat' dir='ltr'><strong>Murnerum</strong></span> <span class='ocrx_word' id='word_1_262' title='bbox 1492 2825 1616 2872; x_wconf 88' lang='lat' dir='ltr'><strong>illius</strong></span> <span class='ocrx_word' id='word_1_263' title='bbox 1662 2825 1790 2887; x_wconf 91' lang='lat' dir='ltr'><strong>quasi</strong></span> <span class='ocrx_word' id='word_1_264' title='bbox 1835 2831 1994 2885; x_wconf 88' lang='lat' dir='ltr'><strong>caput,</strong></span> <span class='ocrx_word' id='word_1_265' title='bbox 2041 2839 2115 2870; x_wconf 91' lang='lat' dir='ltr'><strong>so·</strong></span> 
     </span>
     <span class='ocr_line' id='line_1_36' title="bbox 376 2895 2115 2947; baseline -0.002 -3"><span class='ocrx_word' id='word_1_266' title='bbox 376 2898 469 2944; x_wconf 88' lang='lat' dir='ltr'><strong>cios</strong></span> <span class='ocrx_word' id='word_1_267' title='bbox 507 2911 604 2947; x_wconf 88' lang='lat' dir='ltr'><strong>csse</strong></span> <span class='ocrx_word' id='word_1_268' title='bbox 627 2897 863 2944; x_wconf 89' lang='lat' dir='ltr'><strong>Buschium</strong></span> <span class='ocrx_word' id='word_1_269' title='bbox 902 2904 945 2943; x_wconf 88' lang='lat' dir='ltr'><strong>et</strong></span> <span class='ocrx_word' id='word_1_270' title='bbox 971 2898 1186 2944; x_wconf 88' lang='lat' dir='ltr'><strong>Comitem</strong></span> <span class='ocrx_word' id='word_1_271' title='bbox 1225 2898 1278 2944; x_wconf 90' lang='lat' dir='ltr'><strong>de</strong></span> <span class='ocrx_word' id='word_1_272' title='bbox 1306 2898 1510 2944; x_wconf 91' lang='lat' dir='ltr'><strong>Neuenar</strong></span> <span class='ocrx_word' id='word_1_273' title='bbox 1547 2911 1646 2943; x_wconf 88' lang='lat' dir='ltr'><strong>cum</strong></span> <span class='ocrx_word' id='word_1_274' title='bbox 1685 2895 1840 2942; x_wconf 87' lang='lat' dir='ltr'><strong>multis</strong></span> <span class='ocrx_word' id='word_1_275' title='bbox 1878 2895 2032 2942; x_wconf 88' lang='lat' dir='ltr'><strong>amicis</strong></span> <span class='ocrx_word' id='word_1_276' title='bbox 2070 2901 2115 2940; x_wconf 87' lang='lat' dir='ltr'><strong>et</strong></span> 
     </span>
     <span class='ocr_line' id='line_1_37' title="bbox 378 2965 2114 3029; baseline -0.002 -16"><span class='ocrx_word' id='word_1_277' title='bbox 378 2967 615 3014; x_wconf 88' lang='lat' dir='ltr'><strong>nobilibus.</strong></span> <span class='ocrx_word' id='word_1_278' title='bbox 689 2967 793 3013; x_wconf 88' lang='lat' dir='ltr'><strong>item</strong></span> <span class='ocrx_word' id='word_1_279' title='bbox 831 2975 936 3013; x_wconf 92' lang='lat' dir='ltr'><strong>sunt</strong></span> <span class='ocrx_word' id='word_1_280' title='bbox 974 2981 1024 3013; x_wconf 91' lang='lat' dir='ltr'><strong>ex</strong></span> <span class='ocrx_word' id='word_1_281' title='bbox 1062 2969 1150 3013; x_wconf 84' lang='lat' dir='ltr'><strong>illis</strong></span> <span class='ocrx_word' id='word_1_282' title='bbox 1190 2967 1445 3017; x_wconf 83' lang='lat' dir='ltr'><strong>‘Bilihaldus</strong></span> <span class='ocrx_word' id='word_1_283' title='bbox 1483 2968 1636 3014; x_wconf 91' lang='lat' dir='ltr'><strong>nescio</strong></span> <span class='ocrx_word' id='word_1_284' title='bbox 1676 2965 1805 3028; x_wconf 89' lang='lat' dir='ltr'><strong>quis’,</strong></span> <span class='ocrx_word' id='word_1_285' title='bbox 1843 2967 1986 3029; x_wconf 87' lang='lat' dir='ltr'><strong>minas</strong></span> <span class='ocrx_word' id='word_1_286' title='bbox 2025 2972 2114 3011; x_wconf 91' lang='lat' dir='ltr'><strong>ter·</strong></span> 
     </span>
     <span class='ocr_line' id='line_1_38' title="bbox 377 3036 2114 3100; baseline -0.001 -17"><span class='ocrx_word' id='word_1_287' title='bbox 377 3038 524 3083; x_wconf 90' lang='lat' dir='ltr'><strong>ribiles</strong></span> <span class='ocrx_word' id='word_1_288' title='bbox 573 3038 747 3089; x_wconf 90' lang='lat' dir='ltr'><strong>iacens,</strong></span> <span class='ocrx_word' id='word_1_289' title='bbox 794 3038 999 3084; x_wconf 89' lang='lat' dir='ltr'><strong>thanus</strong></span> <span class='ocrx_word' id='word_1_290' title='bbox 1036 3039 1203 3084; x_wconf 91' lang='lat' dir='ltr'><strong>Hessus</strong></span> <span class='ocrx_word' id='word_1_291' title='bbox 1251 3047 1296 3085; x_wconf 87' lang='lat' dir='ltr'><strong>et</strong></span> <span class='ocrx_word' id='word_1_292' title='bbox 1333 3037 1671 3100; x_wconf 87' lang='lat' dir='ltr'><strong>Aperbacchus,</strong></span> <span class='ocrx_word' id='word_1_293' title='bbox 1719 3037 1910 3088; x_wconf 87' lang='lat' dir='ltr'><strong>Crocus,</strong></span> <span class='ocrx_word' id='word_1_294' title='bbox 1958 3036 2114 3082; x_wconf 87' lang='lat' dir='ltr'><strong>Vadia-</strong></span> 
     </span>
     <span class='ocr_line' id='line_1_39' title="bbox 378 3107 2114 3170; baseline 0 -17"><span class='ocrx_word' id='word_1_295' title='bbox 378 3123 486 3158; x_wconf 91' lang='lat' dir='ltr'><strong>nus,</strong></span> <span class='ocrx_word' id='word_1_296' title='bbox 534 3108 697 3168; x_wconf 86' lang='lat' dir='ltr'><strong>Caspar</strong></span> <span class='ocrx_word' id='word_1_297' title='bbox 735 3109 945 3159; x_wconf 91' lang='lat' dir='ltr'><strong>Ursinus,</strong></span> <span class='ocrx_word' id='word_1_298' title='bbox 991 3109 1326 3161; x_wconf 86' lang='lat' dir='ltr'><strong>Melanchthon‚</strong></span> <span class='ocrx_word' id='word_1_299' title='bbox 1375 3109 1761 3170; x_wconf 82' lang='lat' dir='ltr'><strong>Wimph&#39;elingus,</strong></span> <span class='ocrx_word' id='word_1_300' title='bbox 1801 3108 1963 3154; x_wconf 86' lang='lat' dir='ltr'><strong>Beatus</strong></span> <span class='ocrx_word' id='word_1_301' title='bbox 2000 3107 2114 3153; x_wconf 88' lang='lat' dir='ltr'><strong>Rhe-</strong></span> 
     </span>
     <span class='ocr_line' id='line_1_40' title="bbox 379 3178 2113 3239; baseline 0.001 -17"><span class='ocrx_word' id='word_1_302' title='bbox 379 3192 519 3223; x_wconf 87' lang='lat' dir='ltr'><strong>nanus</strong></span> <span class='ocrx_word' id='word_1_303' title='bbox 556 3185 600 3223; x_wconf 87' lang='lat' dir='ltr'><strong>et</strong></span> <span class='ocrx_word' id='word_1_304' title='bbox 637 3178 908 3230; x_wconf 75' lang='lat' dir='ltr'><strong>Gerbeffius,</strong></span> <span class='ocrx_word' id='word_1_305' title='bbox 960 3179 1037 3239; x_wconf 87' lang='lat' dir='ltr'><strong>qui</strong></span> <span class='ocrx_word' id='word_1_306' title='bbox 1073 3179 1247 3225; x_wconf 88' lang='lat' dir='ltr'><strong>litteras</strong></span> <span class='ocrx_word' id='word_1_307' title='bbox 1285 3180 1490 3226; x_wconf 89' lang='lat' dir='ltr'><strong>scribunt</strong></span> <span class='ocrx_word' id='word_1_308' title='bbox 1527 3180 1580 3226; x_wconf 89' lang='lat' dir='ltr'><strong>ad</strong></span> <span class='ocrx_word' id='word_1_309' title='bbox 1619 3179 1865 3225; x_wconf 85' lang='lat' dir='ltr'><strong>Huttenum</strong></span> <span class='ocrx_word' id='word_1_310' title='bbox 1900 3178 2113 3224; x_wconf 85' lang='lat' dir='ltr'><strong>Bononiae</strong></span> 
     </span>
     <span class='ocr_line' id='line_1_41' title="bbox 382 3246 2115 3311; baseline 0 -19"><span class='ocrx_word' id='word_1_311' title='bbox 382 3248 645 3293; x_wconf 85' lang='lat' dir='ltr'><strong>studentem.</strong></span> <span class='ocrx_word' id='word_1_312' title='bbox 702 3248 925 3294; x_wconf 88' lang='lat' dir='ltr'><strong>‘Erasmus</strong></span> <span class='ocrx_word' id='word_1_313' title='bbox 964 3255 1110 3294; x_wconf 90' lang='lat' dir='ltr'><strong>autem</strong></span> <span class='ocrx_word' id='word_1_314' title='bbox 1151 3257 1219 3295; x_wconf 88' lang='lat' dir='ltr'><strong>cst</strong></span> <span class='ocrx_word' id='word_1_315' title='bbox 1256 3251 1390 3297; x_wconf 89' lang='lat' dir='ltr'><strong>homo</strong></span> <span class='ocrx_word' id='word_1_316' title='bbox 1429 3265 1513 3311; x_wconf 90' lang='lat' dir='ltr'><strong>pro</strong></span> <span class='ocrx_word' id='word_1_317' title='bbox 1553 3246 1632 3301; x_wconf 89' lang='lat' dir='ltr'><strong>se’,</strong></span> <span class='ocrx_word' id='word_1_318' title='bbox 1672 3249 1748 3296; x_wconf 90' lang='lat' dir='ltr'><strong>sed</strong></span> <span class='ocrx_word' id='word_1_319' title='bbox 1774 3262 2003 3309; x_wconf 87' lang='lat' dir='ltr'><strong>nunquam</strong></span> <span class='ocrx_word' id='word_1_320' title='bbox 2027 3249 2115 3294; x_wconf 90' lang='lat' dir='ltr'><strong>erit</strong></span> 
     </span>
     <span class='ocr_line' id='line_1_42' title="bbox 380 3316 2115 3381; baseline 0.001 -19"><span class='ocrx_word' id='word_1_321' title='bbox 380 3319 547 3363; x_wconf 85' lang='lat' dir='ltr'><strong>amicus</strong></span> <span class='ocrx_word' id='word_1_322' title='bbox 587 3316 924 3375; x_wconf 80' lang='lat' dir='ltr'><strong>theologorum,</strong></span> <span class='ocrx_word' id='word_1_323' title='bbox 973 3319 1049 3364; x_wconf 91' lang='lat' dir='ltr'><strong>sed</strong></span> <span class='ocrx_word' id='word_1_324' title='bbox 1085 3320 1377 3366; x_wconf 87' lang='lat' dir='ltr'><strong>Reuchlinum</strong></span> <span class='ocrx_word' id='word_1_325' title='bbox 1426 3322 1558 3366; x_wconf 88' lang='lat' dir='ltr'><strong>etiam</strong></span> <span class='ocrx_word' id='word_1_326' title='bbox 1608 3319 1808 3366; x_wconf 82' lang='lat' dir='ltr'><strong>scribens</strong></span> <span class='ocrx_word' id='word_1_327' title='bbox 1856 3319 1910 3366; x_wconf 89' lang='lat' dir='ltr'><strong>ad</strong></span> <span class='ocrx_word' id='word_1_328' title='bbox 1955 3333 2115 3381; x_wconf 85' lang='lat' dir='ltr'><strong>papam</strong></span> 
     </span>
     <span class='ocr_line' id='line_1_43' title="bbox 379 3386 2118 3452; baseline 0.002 -20"><span class='ocrx_word' id='word_1_329' title='bbox 379 3387 587 3432; x_wconf 79' lang='lat' dir='ltr'><strong>defendit.</strong></span> <span class='ocrx_word' id='word_1_330' title='bbox 658 3386 742 3432; x_wconf 89' lang='lat' dir='ltr'><strong>Alii</strong></span> <span class='ocrx_word' id='word_1_331' title='bbox 780 3387 1003 3434; x_wconf 88' lang='lat' dir='ltr'><strong>Euricium</strong></span> <span class='ocrx_word' id='word_1_332' title='bbox 1040 3403 1220 3450; x_wconf 89' lang='lat' dir='ltr'><strong>quoque</strong></span> <span class='ocrx_word' id='word_1_333' title='bbox 1256 3391 1470 3442; x_wconf 88' lang='lat' dir='ltr'><strong>Cordum,</strong></span> <span class='ocrx_word' id='word_1_334' title='bbox 1508 3397 1553 3437; x_wconf 87' lang='lat' dir='ltr'><strong>et</strong></span> <span class='ocrx_word' id='word_1_335' title='bbox 1577 3391 1895 3452; x_wconf 90' lang='lat' dir='ltr'><strong>Cuspinianum</strong></span> <span class='ocrx_word' id='word_1_336' title='bbox 1930 3404 1982 3437; x_wconf 86' lang='lat' dir='ltr'><strong>ac</strong></span> <span class='ocrx_word' id='word_1_337' title='bbox 2004 3389 2118 3435; x_wconf 91' lang='lat' dir='ltr'><strong>Peu-</strong></span> 
     </span>
    </p>
   </div>
   <div class='ocr_carea' id='block_1_7' title="bbox 381 3456 2116 3587">
    <p class='ocr_par' dir='ltr' id='par_1_7' title="bbox 381 3456 2116 3587">
     <span class='ocr_line' id='line_1_44' title="bbox 381 3456 2116 3522; baseline 0.002 -21"><span class='ocrx_word' id='word_1_338' title='bbox 381 3459 599 3517; x_wconf 78' lang='lat' dir='ltr'><strong>[iugerum</strong></span> <span class='ocrx_word' id='word_1_339' title='bbox 640 3456 754 3502; x_wconf 89' lang='lat' dir='ltr'><strong>inter</strong></span> <span class='ocrx_word' id='word_1_340' title='bbox 791 3458 1123 3505; x_wconf 71' lang='lat' dir='ltr'><strong>coloniensium</strong></span> <span class='ocrx_word' id='word_1_341' title='bbox 1169 3461 1371 3507; x_wconf 86' lang='lat' dir='ltr'><strong>inimicos</strong></span> <span class='ocrx_word' id='word_1_342' title='bbox 1419 3469 1675 3513; x_wconf 85' lang='lat' dir='ltr'><strong>recensent,</strong></span> <span class='ocrx_word' id='word_1_343' title='bbox 1727 3475 1919 3522; x_wconf 91' lang='lat' dir='ltr'><strong>quorum</strong></span> <span class='ocrx_word' id='word_1_344' title='bbox 1966 3468 2116 3507; x_wconf 76' lang='lat' dir='ltr'><strong>tamen</strong></span> 
     </span>
     <span class='ocr_line' id='line_1_45' title="bbox 382 3526 1210 3587; baseline 0.006 -17"><span class='ocrx_word' id='word_1_345' title='bbox 382 3526 601 3587; x_wconf 85' lang='lat' dir='ltr'><strong>pessimus</strong></span> <span class='ocrx_word' id='word_1_346' title='bbox 639 3526 856 3572; x_wconf 85' lang='lat' dir='ltr'><strong>Mutianus</strong></span> <span class='ocrx_word' id='word_1_347' title='bbox 896 3542 993 3574; x_wconf 90' lang='lat' dir='ltr'><strong>esse</strong></span> <span class='ocrx_word' id='word_1_348' title='bbox 1031 3529 1210 3576; x_wconf 78' lang='lat' dir='ltr'><strong>(licitur.</strong></span> 
     </span>
    </p>
   </div>
   <div class='ocr_carea' id='block_1_8' title="bbox 243 3620 2370 3899">
    <p class='ocr_par' dir='ltr' id='par_1_8' title="bbox 243 3620 2370 3899">
     <span class='ocr_line' id='line_1_46' title="bbox 243 3620 2370 3691; baseline 0 -17"><span class='ocrx_word' id='word_1_349' title='bbox 243 3627 323 3674; x_wconf 76' lang='lat'><strong>60.</strong></span> <span class='ocrx_word' id='word_1_350' title='bbox 368 3620 662 3671; x_wconf 83' lang='lat' dir='ltr'><strong>Wcrnherus</strong></span> <span class='ocrx_word' id='word_1_351' title='bbox 700 3623 907 3686; x_wconf 80' lang='lat' dir='ltr'><strong>Stompff</strong></span> <span class='ocrx_word' id='word_1_352' title='bbox 941 3622 1139 3671; x_wconf 86' lang='lat' dir='ltr'><strong>Ortvino</strong></span> <span class='ocrx_word' id='word_1_353' title='bbox 1178 3625 1358 3674; x_wconf 87' lang='lat' dir='ltr'><strong>Gratio.</strong></span> <span class='ocrx_word' id='word_1_354' title='bbox 1503 3626 1732 3691; x_wconf 83' lang='lat' dir='ltr'><strong>Liptzick.</strong></span> <span class='ocrx_word' id='word_1_355' title='bbox 1831 3664 1842 3675; x_wconf 87' lang='lat'><strong>.</strong></span> <span class='ocrx_word' id='word_1_356' title='bbox 1919 3663 1931 3675; x_wconf 89' lang='lat'><strong>.</strong></span> <span class='ocrx_word' id='word_1_357' title='bbox 2007 3664 2019 3675; x_wconf 87' lang='lat'><strong>.</strong></span> <span class='ocrx_word' id='word_1_358' title='bbox 2096 3663 2108 3675; x_wconf 91' lang='lat'><strong>.</strong></span> <span class='ocrx_word' id='word_1_359' title='bbox 2148 3630 2246 3674; x_wconf 85' lang='lat'><strong>279.</strong></span> <span class='ocrx_word' id='word_1_360' title='bbox 2287 3630 2370 3672; x_wconf 86' lang='grc'><strong>280</strong></span> 
     </span>
     <span class='ocr_line' id='line_1_47' title="bbox 382 3694 2118 3760; baseline 0.005 -22"><span class='ocrx_word' id='word_1_361' title='bbox 382 3695 556 3740; x_wconf 82' lang='lat' dir='ltr'><strong>Timore</strong></span> <span class='ocrx_word' id='word_1_362' title='bbox 593 3701 644 3739; x_wconf 89' lang='lat' dir='ltr'><strong>ut</strong></span> <span class='ocrx_word' id='word_1_363' title='bbox 680 3694 783 3739; x_wconf 88' lang='lat' dir='ltr'><strong>olim</strong></span> <span class='ocrx_word' id='word_1_364' title='bbox 822 3695 1222 3743; x_wconf 82' lang='lat' dir='ltr'><strong>baccalaureandus</strong></span> <span class='ocrx_word' id='word_1_365' title='bbox 1260 3701 1544 3746; x_wconf 87' lang='lat' dir='ltr'><strong>reiectionem</strong></span> <span class='ocrx_word' id='word_1_366' title='bbox 1583 3702 1745 3746; x_wconf 86' lang='lat' dir='ltr'><strong>timens</strong></span> <span class='ocrx_word' id='word_1_367' title='bbox 1783 3699 2022 3760; x_wconf 87' lang='lat' dir='ltr'><strong>trepidavit</strong></span> <span class='ocrx_word' id='word_1_368' title='bbox 2046 3715 2118 3746; x_wconf 88' lang='lat' dir='ltr'><strong>ac-</strong></span> 
     </span>
     <span class='ocr_line' id='line_1_48' title="bbox 382 3764 2166 3831; baseline 0.003 -22"><span class='ocrx_word' id='word_1_369' title='bbox 382 3771 508 3825; x_wconf 90' lang='lat' dir='ltr'><strong>cepta</strong></span> <span class='ocrx_word' id='word_1_370' title='bbox 538 3764 702 3809; x_wconf 84' lang='lat' dir='ltr'><strong>Ortvini</strong></span> <span class='ocrx_word' id='word_1_371' title='bbox 731 3764 783 3808; x_wconf 90' lang='lat' dir='ltr'><strong>de</strong></span> <span class='ocrx_word' id='word_1_372' title='bbox 812 3765 928 3810; x_wconf 91' lang='lat' dir='ltr'><strong>tristi</strong></span> <span class='ocrx_word' id='word_1_373' title='bbox 954 3765 1052 3811; x_wconf 77' lang='lat' dir='ltr'><strong>fidei</strong></span> <span class='ocrx_word' id='word_1_374' title='bbox 1081 3781 1225 3815; x_wconf 85' lang='lat' dir='ltr'><strong>causae</strong></span> <span class='ocrx_word' id='word_1_375' title='bbox 1253 3775 1372 3813; x_wconf 87' lang='lat' dir='ltr'><strong>statu</strong></span> <span class='ocrx_word' id='word_1_376' title='bbox 1398 3777 1605 3830; x_wconf 68' lang='lat' dir='ltr'><strong>accepta:</strong></span> <span class='ocrx_word' id='word_1_377' title='bbox 1645 3785 1744 3816; x_wconf 89' lang='lat' dir='ltr'><strong>nam</strong></span> <span class='ocrx_word' id='word_1_378' title='bbox 1773 3769 2021 3831; x_wconf 87' lang='lat' dir='ltr'><strong>periculum</strong></span> <span class='ocrx_word' id='word_1_379' title='bbox 2049 3777 2118 3815; x_wconf 89' lang='lat' dir='ltr'><strong>est</strong></span> <span class='ocrx_word' id='word_1_380' title='bbox 2162 3811 2166 3815; x_wconf 91' lang='lat'>.</span> 
     </span>
     <span class='ocr_line' id='line_1_49' title="bbox 384 3835 2116 3899; baseline 0.004 -20"><span class='ocrx_word' id='word_1_381' title='bbox 384 3848 438 3879; x_wconf 90' lang='lat' dir='ltr'><strong>nc</strong></span> <span class='ocrx_word' id='word_1_382' title='bbox 460 3835 534 3880; x_wconf 89' lang='lat' dir='ltr'><strong>isti</strong></span> <span class='ocrx_word' id='word_1_383' title='bbox 563 3836 731 3880; x_wconf 82' lang='lat' dir='ltr'><strong>iuristae</strong></span> <span class='ocrx_word' id='word_1_384' title='bbox 753 3842 796 3879; x_wconf 89' lang='lat' dir='ltr'><strong>et</strong></span> <span class='ocrx_word' id='word_1_385' title='bbox 822 3843 966 3896; x_wconf 84' lang='lat' dir='ltr'><strong>poetae</strong></span> <span class='ocrx_word' id='word_1_386' title='bbox 997 3843 1133 3882; x_wconf 90' lang='lat' dir='ltr'><strong>totam</strong></span> <span class='ocrx_word' id='word_1_387' title='bbox 1162 3837 1413 3884; x_wconf 84' lang='lat' dir='ltr'><strong>facultatem</strong></span> <span class='ocrx_word' id='word_1_388' title='bbox 1444 3842 1701 3887; x_wconf 87' lang='lat' dir='ltr'><strong>artistarum</strong></span> <span class='ocrx_word' id='word_1_389' title='bbox 1729 3848 1773 3886; x_wconf 90' lang='lat' dir='ltr'><strong>et</strong></span> <span class='ocrx_word' id='word_1_390' title='bbox 1801 3840 2116 3899; x_wconf 85' lang='lat' dir='ltr'><strong>theologorum</strong></span> 
     </span>
    </p>
   </div>
  </div>
 </body>
</html>
