2456 4264
346 301 650 336 QVOSCVNQVE
675 302 947 332 HAERETICOS
972 303 1218 333 SECVNDVM
1241 303 1634 333 consvn'rvnmssu
1656 304 1765 335 Rom.
1788 303 1958 334 CVRIAE.
2106 277 2228 337 499

73 441 145 480 est
179 433 400 495 possibile
436 435 559 496 quod
596 436 766 483 evadat.
840 436 969 483 Tales
1009 443 1114 483 sunt
1139 437 1275 483 hodie
1301 437 1478 499 quidam
1506 436 1608 483 novi
1635 437 1865 490 Haeretici,
1906 439 1982 499 qui
2008 451 2060 483 ex
2087 451 2231 498 graeca

72 505 232 566 lingua
268 503 389 566 (quae
429 520 608 568 semper
645 507 731 554 suit
768 508 977 556 haeretica
1018 515 1062 554 et
1100 508 1402 568 schismatica)
1449 523 1608 555 novam
1660 515 1705 555 et
1742 509 1999 556 haereticam
2039 508 2232 556 Theolo-

72 575 191 638 giam
228 575 482 630 adducunt,
520 585 678 624 contra
717 586 922 626 sanctum
960 580 1200 632 Thomam‚
1249 574 1366 642 quOs
1404 595 1539 642 spero
1579 580 1897 628 examinandos
1935 594 2035 627 esse
2074 595 2234 627 seeun-

72 647 178 695 dum
212 649 459 710 practicam
493 649 631 696 huius
668 653 795 698 artis.
868 650 923 697 Et
959 653 1046 698 erit
1081 666 1165 713 per
1201 651 1298 700 haec
1334 650 1481 714 gloria
1517 651 1804 713 Inquisitoris
1843 659 1890 699 et
1925 654 2069 699 totius
2108 652 2234 698 Ordi-

35 718 147 765 5nis
181 719 354 772 maior,
393 720 516 782 quod
552 727 625 767 tot
663 729 710 769 et
747 728 898 770 tantos
935 722 1305 775 combusserunt,
1344 737 1476 785 quam
1516 723 1603 769 suit
1627 737 1824 785 unquam
1850 723 2074 776 confusio,
2114 723 2234 786 quod

60 791 160 852 *ipsi
197 797 307 837 sunt
341 791 596 845 combusti,
649 792 726 840 det
760 793 877 840 Deus
924 808 1026 841 cum
1073 794 1220 842 salute
1270 800 1317 841 et
1365 795 1471 841 cito.
1519 794 1676 840 Amen.
1750 792 1792 840 ΙΙ
1829 795 1876 840 In
1915 793 2002 840 fine
2039 802 2110 841 est
2146 809 2234 841 una

70 861 336 910 Brocardica
375 863 596 925 quaestio,
647 879 747 925 quae
795 866 902 912 hinc
948 865 1052 912 inde
1090 881 1115 913 a
1150 865 1309 912 multis
1345 863 1592 912 ventilatur
1628 871 1675 911 et
1712 871 1784 911 est
1820 865 1923 913 ista.
1996 865 2233 923 Quomodo

5 963 8 966 ·
72 933 228 980 sancta
263 933 467 982 Ecclesia
505 935 592 982 iam
631 935 737 997 plus
776 950 910 998 quam
948 937 1071 983 mille
1111 938 1324 984 trecentis
1362 938 1493 982 annis
1532 936 1704 997 optime
1741 943 1863 983 recta
1903 943 1995 990 est,
2046 944 2098 983 ut
2135 937 2236 983 nul-

0 1004 4 1010 ’
70 1004 143 1052 los
180 1005 397 1053 occiderit
432 1013 510 1054 aut
546 1007 873 1060 combusserit,
912 1022 1057 1070 usque
1095 1009 1146 1055 ad
1186 1006 1434 1054 Concilium
1472 1006 1839 1059 Constantiense‚
1889 1007 1943 1053 Et
1979 1022 2101 1055 nunc
2138 1010 2235 1070 regi

20 1085 62 1121 ιο
75 1090 167 1123 non
202 1083 357 1138 potest
393 1078 483 1125 nisi
517 1078 823 1126 comburendo
860 1080 1117 1131 haereticos,
1156 1094 1257 1126 cum
1294 1085 1445 1125 tamen
1482 1077 1560 1125 illo
1599 1085 1806 1140 tempore
1833 1079 2183 1126 innumerabiles
2213 1074 2233 1144 Η

72 1147 258 1194 suerunt
294 1150 341 1195 in
376 1148 575 1196 Ecclesia
612 1150 837 1203 haeretici,
873 1151 1001 1198 Nunc
1037 1157 1186 1197 autem
1225 1150 1339 1197 nulli
1376 1150 1578 1211 exceptis
1616 1149 1738 1196 sorte
1774 1149 1976 1207 Boemis‚
2029 1157 2107 1197 aut
2144 1147 2352 1200 lile-(13⁴)

71 1218 231 1280 gistris
269 1220 536 1282 quibusdam
572 1221 921 1274 haereticorum,
960 1236 1079 1284 quos
1115 1223 1176 1268 ita
1214 1227 1402 1274 vocant,
1452 1221 1640 1267 Maxime
1691 1235 1793 1267 cum
1840 1222 2064 1283 propheta
2100 1221 2238 1269 Isaias

0 1296 3 1298 ’
73 1303 137 1339 .v.
177 1298 224 1337 et
250 1305 446 1341 ‚wam
483 1293 602 1340 dicat
640 1293 695 1338 de
734 1292 927 1340 eeclesia
963 1293 1155 1345 Christi,
1207 1293 1319 1339 ‘Non
1356 1292 1589 1339 nocebunt
1624 1305 1771 1353 neque
1811 1293 2019 1339 occident
2055 1293 2101 1339 in
2140 1295 2238 1340 uni-

70 1375 202 1410 verso
238 1370 394 1410 monte
430 1370 588 1412 sancto
626 1364 754 1411 meo’.
829 1364 1174 1426 Respondetur‚
1221 1365 1362 1410 Miror
1400 1370 1490 1410 tam
1527 1363 1737 1410 indoctos
1776 1376 1877 1410 esse
1914 1364 2122 1411 homines
2162 1366 2238 1426 qui

3 1433 428 1496 ‘¹5istaquaerunt.
466 1436 577 1483 satis
611 1442 762 1497 patet,
812 1435 935 1498 quod
971 1435 1085 1482 nihil
1122 1437 1167 1481 in
1207 1442 1363 1483 saneto
1412 1436 1583 1482 Thema
1632 1435 1927 1487 studuerunt,
1977 1436 2076 1483 dico
2127 1451 2238 1497 ergo

70 1505 194 1567 quod
229 1505 399 1553 solutio
435 1505 586 1554 brevis
625 1513 695 1554 est
731 1507 834 1559 ista,
873 1505 1003 1563 Quod
1038 1514 1148 1554 tunc
1184 1521 1275 1554 non
1314 1507 1501 1554 fuerunt
1537 1507 1837 1568 Inquisitores
1874 1508 2099 1555 haereticae
2136 1523 2239 1570 pra-

0 1628 5 1633 ,
69 1577 246 1630 vitatis,
292 1576 340 1624 Si
377 1579 494 1625 enim
531 1584 642 1625 tunc
678 1578 896 1630 fuissent,
947 1585 1056 1626 tunc
1092 1577 1291 1626 Ecclesia
1326 1578 1442 1625 bene
1478 1584 1675 1640 purgata
1712 1578 1876 1625 suisset
1913 1578 1966 1625 ab
2003 1579 2238 1627 Haereticis

68 1661 153 1710 per
187 1649 307 1710 ignis
344 1649 567 1696 ardorem.
603 1665 611 1674 ·
643 1648 770 1697 Sicut
806 1651 924 1696 enim
962 1651 1130 1698 veritas
1169 1650 1334 1698 crescit
1370 1665 1455 1712 pro
1494 1657 1726 1711 tempore,
1777 1657 1822 1696 et
1858 1650 1962 1711 plus
2000 1651 2238 1703 revelatur,

0 1741 5 1748 ·
69 1720 136 1766 sic
160 1725 207 1766 et
241 1722 455 1782 purgatio
479 1719 698 1769 Ecclesiae
738 1722 916 1769 crescit.
989 1720 1098 1768 Nam
1137 1729 1247 1769 tunc
1283 1723 1504 1783 temporis
1543 1721 1723 1783 quando
1763 1722 1808 1767 in
1847 1736 1975 1769 sacra
2013 1722 2239 1784 scriptura

12 1785 338 1844 zostud‘ehann
385 1807 478 1840 non
514 1792 684 1840 fiebant
721 1800 811 1840 tam
849 1792 1035 1840 subtilia
1070 1793 1274 1854 ingenia,
1325 1794 1431 1856 quia
1466 1808 1558 1840 non
1595 1792 1821 1839 habebant
1858 1808 2012 1841 euram
2051 1794 2105 1841 de
2141 1795 2240 1841 Ari·

0 1895 1 1898 =
69 1862 261 1915 stotele,
299 1864 379 1926 qui
415 1864 524 1912 facit
559 1864 687 1912 valde
725 1864 911 1912 subtilia
947 1865 1142 1926 ingenia.
1217 1864 1365 1921 Quare
1402 1879 1488 1927 ego
1527 1864 1683 1916 credo,
1724 1866 1761 1910 si
1800 1871 1984 1912 sanctus
2020 1866 2239 1928 Hierony·
2297 1862 2299 1865 ⁴

67 1948 168 1982 mus
205 1941 252 1982 et
286 1935 573 1998 Augustinus
610 1936 746 1983 hodie
784 1937 1001 1989 viverent,
1042 1943 1120 1983 aut
1157 1938 1291 1983 etiam
1329 1939 1428 1999 ipse
1465 1935 1716 1998 Apostolus
1753 1935 1935 1989 Paulus,
1974 1937 2045 1983 vix
2083 1938 2238 1984 evade-

67 2012 170 2053 rent
217 2006 382 2068 ignem,
431 2014 522 2055 tam
569 2007 840 2055 excellentes
889 2015 997 2056 sunt
1032 2008 1330 2070 Inquisitores
1375 2010 1420 2054 in
1458 2007 1666 2069 ingeniis.
1741 2006 1869 2063 Quod
1906 2021 1992 2069 ego
2030 2007 2237 2070 intelligo

68 2091 122 2124 ex
155 2091 250 2125 uno
287 2079 409 2126 facto
446 2079 706 2127 novissimo.
782 2078 894 2135 Quia
931 2082 969 2127 si
1007 2086 1259 2141 potuerunt
1294 2082 1496 2127 invenire
1535 2079 1654 2141 quod
1678 2079 1900 2126 Iohannes
1924 2080 2140 2127 Reuchlin
2168 2094 2238 2126 es-

11 2158 56 2191 ·15
73 2155 143 2196 set
180 2150 445 2208 haereticus,
494 2151 601 2214 quia
637 2152 750 2198 dixit
786 2152 1110 2198 humanitatem
1149 2151 1313 2198 Christi
1351 2152 1605 2214 comparari
1640 2165 1779 2212 posse
1815 2151 1972 2198 habitu
2009 2151 2154 2199 laicali
2193 2159 2238 2198 et

67 2222 352 2275 meretricio,
391 2220 627 2279 Quomodo
666 2223 866 2284 effugere
902 2224 1132 2285 potuisset
1155 2223 1407 2285 Apostolus
1431 2223 1624 2275 Paulus,
1666 2223 1742 2284 qui
1781 2237 1873 2269 non
1910 2224 2235 2271 humanitatem

67 2293 259 2345 Christi,
307 2294 386 2341 sed
430 2294 581 2357 ipsum
617 2294 847 2342 Christum
894 2294 1036 2342 filium
1074 2296 1149 2342 Dei
1198 2295 1329 2348 dicit,
1376 2309 1468 2342 non
1506 2294 1640 2341 modo
1679 2293 1876 2342 velatum
1913 2295 2151 2342 maledicto
2191 2303 2237 2342 et

66 2371 280 2426 peccato.
320 2365 400 2413 sed
424 2366 712 2413 maledictum
739 2373 785 2413 et
808 2373 1045 2429 peccatum
1073 2367 1242 2414 factum
1268 2367 1323 2414 ab
1361 2367 1461 2428 ipso
1487 2367 1577 2413 Deo
1615 2373 1721 2412 met.
1793 2367 1910 2413 Bene
1948 2366 2046 2418 tibi,
2083 2367 2234 2418 Paule,

69 2435 193 2498 quod
228 2436 380 2484 vixisti
417 2437 496 2485 illo
535 2445 767 2500 tempore,
808 2439 987 2500 quando
1025 2453 1117 2485 non
1157 2445 1285 2485 erant
1324 2437 1507 2486 subtilia
1545 2440 1632 2484 ista
1670 2438 1865 2499 ingenia.
1939 2437 2086 2494 Quare
2113 2441 2236 2500 quis-

9 2515 53 2549 τεο
71 2521 159 2570 que
194 2509 467 2571 consyderet
513 2510 734 2571 temporis
782 2512 1003 2558 rationem
1053 2517 1098 2556 et
1137 2509 1434 2557 subtilitatem
1473 2511 1787 2571 ingeniorum,
1837 2516 1883 2558 et
1928 2510 2020 2558 cito
2058 2510 2236 2558 solvent

69 2593 227 2627 omnes
263 2582 557 2642 quaestiones.

209 2648 252 2697 (I
286 2665 426 2700 mmo
461 2654 604 2714 igitur
638 2654 796 2700 Artem
834 2669 857 2701 a
895 2667 966 2699 me
1004 2659 1334 2715 comportatam
1372 2653 1619 2701 secundum
1657 2660 1972 2715 paupertatem
2009 2653 2234 2715 doctrine,

3 2715 8 2720 ’
69 2728 115 2769 et
151 2722 524 2771 infecunditatem
563 2723 681 2776 stili,
720 2724 842 2772 bono
882 2732 928 2771 et
963 2724 1059 2786 leto
1098 2725 1249 2772 animo
1289 2727 1522 2787 suscipite,
1562 2739 1694 2787 quam
1734 2726 1921 2787 possitis
1947 2740 2032 2787 pro
2057 2725 2234 2773 honore

70 2800 239 2843 sanetae
276 2794 478 2858 Romane
514 2794 727 2843 Ecclesiae
766 2802 812 2842 et
848 2797 1050 2843 veritatis
1075 2795 1292 2850 Curialis,
1331 2797 1387 2844 ad
1423 2796 1601 2843 laudem
1641 2803 1686 2843 et
1724 2796 1915 2856 gloriam
1955 2797 2125 2843 ordinis
2152 2811 2234 2843 no·

10 2866 180 2919 35stri,
229 2880 385 2913 omnes
433 2867 671 2915 haereticos
708 2867 915 2915 funditus
952 2869 1202 2930 extirpare,
1252 2875 1298 2915 et
1343 2868 1553 2915 soeliciter
1598 2869 1895 2929 triumphare.
1965 2867 2020 2914 Et
2057 2869 2144 2916 hoc
2181 2869 2233 2916 ad

69 2937 446 2985 introducendum
484 2939 860 2987 consuetudinem
896 2955 982 3002 pro
1021 2946 1173 2987 sancta
1198 2940 1395 2987 Romana
1421 2939 1566 2990 Curia,
1606 2954 1694 3001 qua
1733 2942 1773 2987 ei
1811 2940 1943 2987 liceat
1969 2955 2085 3001 quos
2112 2940 2233 2986 volet

69 3010 253 3071 impune
290 3009 498 3058 occidere
535 3017 581 3057 et
617 3010 854 3064 damnare,
902 3025 986 3074 per
1022 3011 1404 3073 dispensationem
1442 3019 1488 3059 et
1525 3011 1892 3073 reprobationem
1931 3011 2132 3058 omnium
2170 3011 2233 3058 le-

68 3094 176 3141 gum
200 3081 291 3128 Dei.
330 3080 485 3129 Valete
521 3080 637 3129 bene
673 3084 718 3130 in
754 3084 943 3130 veritate
981 3097 1116 3146 quam
1157 3083 1361 3146 quaeritis
1399 3090 1444 3130 et
1482 3082 1685 3143 diligitis.
1758 3082 1915 3130 Datum
1944 3082 2142 3130 Colonia}
2181 3096 2231 3130 ex

68 3150 205 3200 bursa
241 3152 408 3201 Kneck.

1076 3238 1233 3276 mms,

183 3375 218 3405 ¹²
246 3378 427 3421 Iesaias
455 3381 497 3423 2.
588 3375 623 3404 ¹⁵
654 3391 763 3435 ergo
793 3380 909 3423 omis.
931 3382 975 3421 2.
1063 3378 1101 3406 ³⁰
1132 3380 1392 3422 consideret
1422 3383 1463 3421 2.
1554 3378 1703 3421 soluet
1733 3383 1777 3421 2.
1863 3377 1902 3406 ⁸⁴
1933 3382 1980 3421 et
2008 3379 2119 3421 Zelo
2149 3394 2226 3423 ve-

68 3449 223 3492 ritatis
252 3453 296 3492 2.
383 3448 419 3477 ³⁰
450 3450 824 3493 introducendam
857 3454 899 3492 2.
988 3450 1023 3477 ⁸⁸
1054 3451 1143 3494 Pro
1174 3451 1344 3493 Datum
1451 3462 1598 3492 muts.
1622 3453 1662 3491 in
1694 3454 1734 3492 2.
1757 3455 1822 3492 est
1850 3450 1994 3493 Amen
2030 3451 2150 3493 1519.

1717 4049 1821 4102 32*
