2456 4264
630 298 689 333 4⁷.
711 303 966 333 Bssnnmcn
989 305 1048 333 ΒΕ
1072 304 1254 338 scocu.
1310 300 1369 338 48.
1392 305 1585 336 munus
1606 307 1739 336 RALP.
2138 284 2252 343 26¹

35 440 41 457 ²
68 439 226 514 ,ηις
257 449 410 501 mper
445 448 646 494 murum
682 440 798 486 ante
834 435 1147 486 cimiterium.
1221 436 1344 487 Item
1381 437 1542 488 audivi
1579 438 1640 488 de
1677 438 1797 496 alio,
1837 440 1920 504 qui
1957 438 2179 491 similiter
2212 442 2263 491 in

36 556 44 595 :²
68 518 317 666 ξηρῇοιιΙο
351 520 528 571 mortis
564 521 860 571 constitutus
895 521 1038 572 iussit
1072 520 1165 571 sibi
1202 526 1402 586 portare
1447 538 1600 573 unum
1647 522 1860 589 lapidem
1906 539 2169 590 magnum,
2216 532 2265 577 et

279 626 283 634 ·
324 620 446 656 eum
482 606 532 654 in
570 604 664 654 olla
703 621 815 656 cum
854 621 979 672 aqua
1018 612 1068 656 et
1102 621 1289 671 ponere
1325 608 1384 658 ad
1413 609 1573 671 ignem
1601 609 1660 659 ad
1687 609 2022 675 coquendum:
2061 615 2111 661 et
2134 612 2265 661 stetit

7 714 17 736 a
63 663 242 760 *w
268 697 373 742 tres
409 691 514 741 dies
550 691 682 755 apud
720 693 911 755 ignem:
961 698 1078 742 tunc
1125 693 1333 757 quesivit
1368 709 1430 743 an
1470 710 1518 743 e
1499 701 1599 743 sset
1636 700 1823 744 coctus·
1897 695 2264 759 responderunt

103 777 248 848 'od
275 790 400 834 non,
447 777 564 841 quia
610 791 712 826 non
751 783 826 827 est
860 776 1095 843 possibile
1133 777 1264 843 quod
1303 794 1431 829 unus
1466 777 1589 843 lapis
1637 778 1842 830 deberet
1887 782 2049 845 coqui.
2122 780 2262 832 Tunc

4 857 18 908 ἶ
91 879 104 902 ι
267 861 360 913 ιιΙίι
392 863 525 928 ipse:
566 861 720 912 ‘Sicut
755 863 845 912 iste
882 860 1005 927 lapis
1040 878 1293 928 nunquam
1332 863 1385 913 fit
1420 862 1581 913 mollis
1616 863 1744 928 apud
1785 865 1972 927 ignem,
2011 865 2076 915 ita
2114 867 2259 917 etiam

107 1008 111 1011 ξ
323 968 345 992 ιι
395 946 572 1014 aliquis
608 947 787 1013 Iudeus
822 948 876 998 fit
912 954 1048 999 recte
1085 947 1396 998 christianus
1471 948 1568 998 Sed
1607 947 1792 998 faciunt
1828 948 1922 998 hoc
1959 957 2162 1014 propter
2187 950 2259 1001 lu·

40 1073 41 1080 ,
90 1027 155 1076 Τ
281 1031 359 1084 vel
394 1038 600 1099 propter
637 1034 866 1084 timorem
904 1032 980 1083 vel
1018 1040 1281 1098 propterea
1320 1032 1452 1098 quod
1500 1034 1690 1099 possint
1738 1033 1901 1084 facere
1948 1049 2094 1084 unam
2143 1051 2260 1101 pro-

77 1135 86 1150 ³
139 1132 146 1136 ’
173 1119 209 1148 “”
240 1134 357 1171 em.
429 1118 494 1171 Et
530 1133 623 1184 ego
661 1118 810 1169 hodie
847 1117 957 1168 volo
994 1120 1123 1168 mori
1159 1119 1287 1169 sicut
1323 1116 1479 1167 fidelis
1515 1117 1724 1183 Iudeus’.
1800 1118 1931 1183 Ergo
1970 1134 2059 1184 per
2095 1119 2258 1177 deum,

41 1191 92 1272 J*
196 1227 248 1265 ;ι·.
292 1219 337 1255 r
361 1203 581 1263 Ortvine,
620 1204 894 1254 timendum
933 1209 1007 1254 est
1043 1202 1181 1254 valde
1208 1204 1268 1254 de
1295 1202 1478 1253 Ioanne
1504 1202 1831 1262 Psefferkorn,
1870 1205 2090 1270 quamvis
2114 1220 2261 1270 spero

93 1291 237 1362 'd
272 1289 503 1344 dominus
538 1290 663 1341 deus
700 1289 836 1340 dabit
872 1290 919 1339 ei
956 1289 1222 1354 specialem
1259 1289 1467 1354 gratiam
1506 1294 1555 1338 et
1591 1288 1900 1340 conservabit
1925 1305 2037 1340 eum
2063 1291 2113 1340 in
2138 1290 2259 1347 fide:

39 1367 42 1370 ⁴
246 1399 251 1421 ι
335 1375 576 1428 debemus
620 1377 792 1442 utique
837 1390 1036 1441 semper
1083 1374 1250 1425 dicere
1295 1373 1428 1439 quod
1476 1388 1568 1439 pro
1617 1380 1754 1425 certo
1801 1389 1998 1441 semper
2043 1375 2263 1427 manebit

69 1524 82 1539 ,-
197 1520 201 1521 ⁷
318 1476 400 1514 us
434 1467 643 1528 propter
677 1462 914 1513 loannem
950 1459 1195 1512 Reuchlin
1233 1465 1282 1510 et
1329 1474 1445 1510 suos
1492 1459 1802 1525 adherentes
1876 1459 2061 1519 Quarto
2107 1461 2260 1512 inter-

246 1548 443 1616 quid
478 1553 626 1599 teneo
664 1547 726 1598 de
762 1548 979 1613 propriis
1016 1545 1323 1596 nominibus:
1373 1560 1435 1595 an
1474 1552 1645 1596 carent
1679 1545 1855 1612 plurali
1894 1561 2102 1597 numero
2137 1548 2263 1598 sicut

40 1695 42 1699 ‚
99 1638 280 1693 ment
318 1633 509 1700 antiqui
553 1634 884 1699 grammatici,
935 1631 1214 1683 Alexander
1262 1636 1312 1681 et
1358 1629 1462 1689 alii,
1510 1646 1574 1681 an
1623 1646 1739 1681 vero
1789 1631 1973 1682 habent
2018 1631 2259 1697 pluralem

51 1723 74 1754 ⁴²
100 1721 231 1776 deut
265 1721 534 1787 opinantur
571 1718 799 1770 moderni
837 1724 887 1768 et
922 1719 1062 1776 novi,
1102 1723 1157 1767 ut
1193 1717 1455 1768 Diomedes
1491 1722 1541 1767 et
1576 1716 1873 1767 Priscianus,
1948 1716 2258 1783 Respondeo‚

20 1806 239 1875 &quod
281 1805 549 1858 dicendum
598 1810 702 1862 est,
752 1804 886 1870 qubd
937 1804 1139 1869 propria
1189 1808 1389 1857 careant
1434 1801 1611 1868 plurali
1658 1803 1707 1852 in
1757 1808 1992 1867 quantum
2041 1803 2265 1869 propria.

101 1890 202 1948 sed
237 1890 503 1958 aliquando
538 1896 703 1942 tamen
742 1888 1054 1941 declinantur
1098 1889 1150 1938 in
1197 1886 1399 1953 plurali,
1453 1893 1502 1937 et
1546 1894 1664 1937 tunc
1710 1887 1895 1938 debent
1940 1889 2120 1953 exponi
2168 1903 2260 1954 per

102 1976 422 2045 appellativa,
458 1981 517 2029 ut
551 1975 650 2027 duo
687 1975 877 2034 Iacchi,
916 1975 964 2026 id
1003 1979 1079 2025 est
1113 1974 1212 2024 duo
1251 1971 1458 2039 apostoli
1494 1973 1578 2038 qui
1617 1972 1817 2023 suerunt
1854 1973 2087 2023 nominati
2123 1972 2259 2023 laco·

45 2062 229 2122 ”bun
277 2062 379 2115 duo
415 2061 655 2119 Catones,
704 2061 754 2112 id
801 2067 876 2112 est
922 2061 1020 2111 duo
1057 2074 1203 2125 reges
1239 2057 1314 2109 vel
1352 2059 1598 2124 sapientes
1634 2058 1898 2108 Senatores
1933 2057 2141 2109 Romani
2177 2073 2261 2107 vo·

103 2149 200 2202 cati
234 2147 425 2207 taliter3
473 2153 576 2198 tres
612 2146 785 2212 uarie,
834 2145 883 2197 id
931 2151 1004 2196 est
1049 2152 1152 2195 tres
1197 2143 1431 2195 mulieres
1475 2142 1714 2194 habentes
1761 2142 1855 2193 tale
1893 2158 2091 2195 nomen.
2165 2142 2260 2194 Re·

93 2234 283 2310 ppoudi
318 2232 457 2285 vobis
492 2248 586 2299 pro
623 2247 771 2299 posse
807 2246 935 2282 meo.
1011 2231 1063 2281 Si
1100 2231 1281 2280 scirem
1328 2228 1528 2287 melius,
1579 2230 1726 2280 etiam
1775 2227 1948 2279 melius
1992 2228 2261 2295 responde·

101 2333 212 2373 nm
247 2317 403 2371 vobis.
477 2317 539 2369 Et
574 2331 697 2382 ergo
733 2317 986 2383 accipiatis
1022 2318 1073 2367 in
1111 2315 1292 2366 bonam
1330 2322 1537 2382 partem.
1615 2313 1675 2364 Et
1711 2313 1915 2365 salutate
1953 2313 2071 2364 mibi
2108 2313 2261 2381 pluri-

102 2419 240 2459 mm
275 2403 567 2470 nagistrum
603 2410 828 2454 nostrum
867 2400 1138 2453 Arnoldum
1176 2402 1238 2452 de
1274 2401 1492 2466 Tungari
1539 2405 1882 2466 preceptorem
1932 2398 2262 2465 singularissi-

46 2499 263 2546 nm.
298 2495 351 2542 et
387 2488 567 2542 valete.
608 2489 783 2541 Datum
822 2488 1018 2539 SundiS.

1137 2722 1234 2785 48.

847 2858 890 2908 (1
934 2843 1275 2906 Ioannes
1320 2839 1522 2925 Kalp

717 2956 1058 3029 Magistro
1096 2955 1383 3012 Ortvino
1422 2954 1658 3010 Gratio

109 3075 328 3132 Salutem
377 3073 700 3127 amicabilem.
776 3072 1090 3125 Honorabilis
1144 3073 1368 3130 domine,
1424 3069 1727 3123 Venerabilis
1773 3067 2033 3132 magister.
2091 3066 2266 3117 Sciatis

57 3161 252 3232 nequod
289 3162 446 3214 miror
482 3158 635 3218 valde,
673 3158 922 3226 quomodo
957 3160 1027 3210 sic
1065 3159 1267 3224 potestis
1305 3174 1383 3209 me
1420 3155 1659 3208 tribulare
1696 3153 1959 3205 scribendo
1996 3151 2115 3203 milii
2138 3166 2265 3203 sem-

110 3262 203 3316 per
248 3245 504 3299 ‘Scribatis
550 3244 670 3296 mihi
719 3250 883 3295 tamen
931 3242 1114 3309 aliquid
1153 3243 1296 3294 novi'.
1372 3243 1431 3294 Et
1478 3256 1675 3307 semper
1714 3238 1856 3291 vultis
1893 3238 2021 3290 scire
2059 3234 2264 3292 novalia.

110 3346 226 3386 m
271 3338 436 3384 tamen
486 3347 578 3396 ego
627 3330 785 3381 liabeo
838 3329 928 3380 alia
981 3329 1039 3379 ad
1093 3329 1352 3393 agendum.
1430 3328 1488 3377 Et
1526 3342 1645 3389 ergo
1685 3340 1780 3375 non
1821 3339 2018 3390 possum
2059 3321 2262 3373 multum

80 3430 291 3483 §trare
326 3417 388 3469 de
426 3414 745 3473 novitatibus,
793 3416 904 3480 quia
944 3420 1139 3480 oportet
1181 3429 1258 3463 me
1297 3428 1499 3463 currere
1540 3410 1767 3461 hincinde
1806 3417 1852 3460 et
1890 3407 2177 3464 sollicitare.
2226 3408 2264 3456 si

103 3502 214 3557 (lun
261 3502 372 3553 volo
419 3501 630 3568 perdere
677 3500 968 3550 sententiam
1019 3506 1064 3548 et
1111 3499 1277 3547 venire
1327 3498 1387 3547 «le
1441 3496 1679 3546 beneflcio
1718 3493 1814 3545 illo.
1890 3493 1986 3544 Sed
2025 3498 2185 3543 tamen
2226 3492 2264 3541 si

229 3673 243 3702 ¹
273 3705 285 3717 .
307 3674 397 3726 Qui
430 3675 524 3714 4.5.
613 3669 631 3695 ⁵
659 3683 750 3712 uon
780 3674 822 3711 5.
911 3669 929 3693 ⁸
959 3700 970 3711 .
992 3668 1064 3710 Ita
1097 3671 1136 3711 ⁴.
1170 3699 1180 3709 .
1206 3667 1271 3709 lts·
1293 3671 1336 3708 5.
1432 3666 1449 3693 ‘¹
1483 3665 1642 3707 iudeus
1664 3669 1704 3706 5.
1812 3664 1829 3687 ⁰
1862 3664 1919 3705 M.
1947 3666 2040 3705 fis.
2132 3660 2163 3686 ⁸⁰
2197 3661 2258 3700 lo-

112 3742 266 3789 hme
296 3744 483 3786 Pfefl'er.
504 3747 545 3785 5.
637 3740 670 3768 “
703 3742 748 3783 in
781 3740 949 3796 plurali
972 3745 1011 3783 5.
1092 3738 1126 3766 ¹⁵
1156 3738 1414 3793 gramatici.
1439 3741 1476 3781 4.
1555 3736 1589 3763 '⁸
1623 3768 1633 3779 .
1655 3736 1771 3777 'l'res
1794 3738 1885 3777 45.
1965 3732 2001 3759 '¹
2033 3728 2199 3773 niden«,
2222 3734 2259 3768 5.

113 3811 155 3845 Ἄ
180 3814 243 3860 Π.
263 3818 356 3858 4.5.
443 3812 480 3839 ²⁵
511 3814 566 3856 1).
590 3812 769 3854 Snndis.
792 3814 831 3855 4.
865 3811 1035 3853 &nonin
1065 3810 1331 3853 scribendum
1362 3821 1454 3850 ene
1485 3809 1662 3850 videtur.
1724 3811 1770 3847 et
1802 3804 1902 3846 an.
1928 3804 1982 3845 D.
2006 3802 2050 3843 S.
2074 3806 2112 3842 5.

227 3884 266 3914 ²⁷
294 3886 482 3928 loannis
515 3884 633 3926 Kalb
664 3888 705 3925 5.
813 3881 847 3909 ²⁸
881 3883 941 3926 M.
966 3885 1059 3924 ⁴.5.
1175 3881 1211 3908 ²⁹
1241 3878 1325 3922 dne
1359 3880 1574 3933 magister
1604 3882 1643 3920 5.
1751 3875 1788 3901 ²⁰
1820 3874 1955 3916 michi
1987 3877 2025 3913 5.
2060 3877 2099 3909 et
2128 3871 2189 3908 nie
2220 3871 2259 3907 ae'n

117 3954 199 3999 hae
226 3970 297 4011 ep.
317 3957 389 3998 ubi
417 3970 500 3999 non
531 3955 642 3997 mihi
674 3956 936 3996 adnotamus.
