<?xml version="1.0" encoding="UTF-8"?>
<!DOCTYPE html PUBLIC "-//W3C//DTD XHTML 1.0 Transitional//EN"
    "http://www.w3.org/TR/xhtml1/DTD/xhtml1-transitional.dtd">
<html xmlns="http://www.w3.org/1999/xhtml" xml:lang="en" lang="en">
 <head>
  <title>
</title>
<meta http-equiv="Content-Type" content="text/html;charset=utf-8" />
  <meta name='ocr-system' content='tesseract 3.04.00' />
  <meta name='ocr-capabilities' content='ocr_page ocr_carea ocr_par ocr_line ocrx_word'/>
</head>
<body>
  <div class='ocr_page' id='page_1' title='image "./supoperaquaerepe01huttuoft_0112.png"; bbox 0 0 2456 4264; ppageno 0'>
   <div class='ocr_carea' id='block_1_1' title="bbox 211 182 1678 237">
    <p class='ocr_par' dir='ltr' id='par_1_1' title="bbox 211 182 1678 237">
     <span class='ocr_line' id='line_1_1' title="bbox 211 182 1678 237; baseline -0.001 -6"><span class='ocrx_word' id='word_1_1' title='bbox 211 182 287 237; x_wconf 81' lang='lat'>72</span> <span class='ocrx_word' id='word_1_2' title='bbox 864 201 1100 230; x_wconf 68' lang='lat' dir='ltr'>1⁴:1²1s&#39;romss</span> <span class='ocrx_word' id='word_1_3' title='bbox 1125 199 1430 229; x_wconf 70' lang='lat' dir='ltr'>ossscvnonvn</span> <span class='ocrx_word' id='word_1_4' title='bbox 1451 199 1678 230; x_wconf 76' lang='lat' dir='ltr'>VIRORVM.</span> 
     </span>
    </p>
   </div>
   <div class='ocr_carea' id='block_1_2' title="bbox 208 327 2456 2845">
    <p class='ocr_par' dir='ltr' id='par_1_2' title="bbox 208 327 2456 2845">
     <span class='ocr_line' id='line_1_2' title="bbox 208 327 2353 398; baseline -0.002 -15"><span class='ocrx_word' id='word_1_5' title='bbox 208 334 360 398; x_wconf 83' lang='lat' dir='ltr'>logia,</span> <span class='ocrx_word' id='word_1_6' title='bbox 403 339 451 382; x_wconf 91' lang='lat' dir='ltr'>et</span> <span class='ocrx_word' id='word_1_7' title='bbox 488 332 692 381; x_wconf 85' lang='lat' dir='ltr'>iussistis</span> <span class='ocrx_word' id='word_1_8' title='bbox 729 329 859 393; x_wconf 91' lang='lat' dir='ltr'>quod</span> <span class='ocrx_word' id='word_1_9' title='bbox 897 328 1024 379; x_wconf 90' lang='lat' dir='ltr'>bene</span> <span class='ocrx_word' id='word_1_10' title='bbox 1061 334 1345 378; x_wconf 80' lang='lat' dir='ltr'>notaremus</span> <span class='ocrx_word' id='word_1_11' title='bbox 1382 327 1463 376; x_wconf 91' lang='lat' dir='ltr'>illa</span> <span class='ocrx_word' id='word_1_12' title='bbox 1500 333 1680 392; x_wconf 83' lang='lat' dir='ltr'>puncta</span> <span class='ocrx_word' id='word_1_13' title='bbox 1722 344 1780 378; x_wconf 83' lang='lat' dir='ltr'>ex</span> <span class='ocrx_word' id='word_1_14' title='bbox 1806 344 1943 379; x_wconf 84' lang='lat' dir='ltr'>sacra</span> <span class='ocrx_word' id='word_1_15' title='bbox 1972 331 2148 393; x_wconf 83' lang='lat' dir='ltr'>pagina</span> <span class='ocrx_word' id='word_1_16' title='bbox 2175 335 2222 379; x_wconf 89' lang='lat' dir='ltr'>et</span> <span class='ocrx_word' id='word_1_17' title='bbox 2247 331 2353 394; x_wconf 83' lang='lat' dir='ltr'>piu-</span> 
     </span>
     <span class='ocr_line' id='line_1_3' title="bbox 211 413 2355 483; baseline -0.002 -16"><span class='ocrx_word' id='word_1_18' title='bbox 211 432 438 483; x_wconf 83' lang='lat' dir='ltr'>geremus</span> <span class='ocrx_word' id='word_1_19' title='bbox 475 416 541 465; x_wconf 88' lang='lat' dir='ltr'>ihi</span> <span class='ocrx_word' id='word_1_20' title='bbox 578 430 724 463; x_wconf 87' lang='lat' dir='ltr'>unam</span> <span class='ocrx_word' id='word_1_21' title='bbox 763 428 962 462; x_wconf 88' lang='lat' dir='ltr'>manum</span> <span class='ocrx_word' id='word_1_22' title='bbox 1000 419 1047 462; x_wconf 91' lang='lat' dir='ltr'>et</span> <span class='ocrx_word' id='word_1_23' title='bbox 1083 413 1383 463; x_wconf 80' lang='lat' dir='ltr'>disceremus</span> <span class='ocrx_word' id='word_1_24' title='bbox 1421 417 1742 462; x_wconf 87' lang='lat' dir='ltr'>mentetenuS.</span> <span class='ocrx_word' id='word_1_25' title='bbox 1818 413 1992 463; x_wconf 86' lang='lat' dir='ltr'>Sciatis</span> <span class='ocrx_word' id='word_1_26' title='bbox 2041 415 2185 463; x_wconf 89' lang='lat' dir='ltr'>etiam</span> <span class='ocrx_word' id='word_1_27' title='bbox 2223 415 2355 477; x_wconf 89' lang='lat' dir='ltr'>quod</span> 
     </span>
     <span class='ocr_line' id='line_1_4' title="bbox 211 495 2355 561; baseline -0.002 -10"><span class='ocrx_word' id='word_1_28' title='bbox 211 503 291 551; x_wconf 88' lang='lat' dir='ltr'>hic</span> <span class='ocrx_word' id='word_1_29' title='bbox 326 516 424 549; x_wconf 87' lang='lat' dir='ltr'>non</span> <span class='ocrx_word' id='word_1_30' title='bbox 461 500 644 547; x_wconf 90' lang='lat' dir='ltr'>intrant</span> <span class='ocrx_word' id='word_1_31' title='bbox 680 504 777 546; x_wconf 89' lang='lat' dir='ltr'>tam</span> <span class='ocrx_word' id='word_1_32' title='bbox 816 496 969 546; x_wconf 85' lang='lat' dir='ltr'>multa</span> <span class='ocrx_word' id='word_1_33' title='bbox 1007 498 1256 561; x_wconf 87' lang='lat' dir='ltr'>supposita</span> <span class='ocrx_word' id='word_1_34' title='bbox 1296 498 1420 546; x_wconf 89' lang='lat' dir='ltr'>sicut</span> <span class='ocrx_word' id='word_1_35' title='bbox 1459 495 1680 559; x_wconf 74' lang='lat' dir='ltr'>Colonie,</span> <span class='ocrx_word' id='word_1_36' title='bbox 1722 497 1833 561; x_wconf 90' lang='lat' dir='ltr'>quia</span> <span class='ocrx_word' id='word_1_37' title='bbox 1873 498 2066 561; x_wconf 77' lang='lat' dir='ltr'>Colonie</span> <span class='ocrx_word' id='word_1_38' title='bbox 2106 498 2355 548; x_wconf 81' lang='lat' dir='ltr'>studentes</span> 
     </span>
     <span class='ocr_line' id='line_1_5' title="bbox 209 569 2425 650; baseline -0.001 -16"><span class='ocrx_word' id='word_1_39' title='bbox 209 591 412 650; x_wconf 86' lang='lat' dir='ltr'>possunt</span> <span class='ocrx_word' id='word_1_40' title='bbox 451 598 555 632; x_wconf 88' lang='lat' dir='ltr'>esse</span> <span class='ocrx_word' id='word_1_41' title='bbox 593 583 718 630; x_wconf 90' lang='lat' dir='ltr'>sicut</span> <span class='ocrx_word' id='word_1_42' title='bbox 754 581 834 629; x_wconf 89' lang='lat' dir='ltr'>hic</span> <span class='ocrx_word' id='word_1_43' title='bbox 874 586 988 628; x_wconf 93' lang='lat' dir='ltr'>sunt</span> <span class='ocrx_word' id='word_1_44' title='bbox 1025 586 1279 637; x_wconf 85' lang='lat' dir='ltr'>scutones,</span> <span class='ocrx_word' id='word_1_45' title='bbox 1319 586 1367 629; x_wconf 90' lang='lat' dir='ltr'>et</span> <span class='ocrx_word' id='word_1_46' title='bbox 1402 581 1471 630; x_wconf 93' lang='lat' dir='ltr'>ibi</span> <span class='ocrx_word' id='word_1_47' title='bbox 1508 580 1655 645; x_wconf 81' lang='lat' dir='ltr'>aliqui</span> <span class='ocrx_word' id='word_1_48' title='bbox 1693 580 1943 630; x_wconf 83' lang='lat' dir='ltr'>studentes</span> <span class='ocrx_word' id='word_1_49' title='bbox 1980 588 2174 631; x_wconf 87' lang='lat' dir='ltr'>seutant</span> <span class='ocrx_word' id='word_1_50' title='bbox 2212 584 2354 631; x_wconf 88' lang='lat' dir='ltr'>etiam</span> <span class='ocrx_word' id='word_1_51' title='bbox 2421 569 2425 572; x_wconf 36' lang='lat'>¹</span> 
     </span>
     <span class='ocr_line' id='line_1_6' title="bbox 209 662 2399 732; baseline 0.001 -17"><span class='ocrx_word' id='word_1_52' title='bbox 209 669 487 732; x_wconf 81' lang='lat' dir='ltr'>parthecaS,</span> <span class='ocrx_word' id='word_1_53' title='bbox 539 665 667 730; x_wconf 89' lang='lat' dir='ltr'>quod</span> <span class='ocrx_word' id='word_1_54' title='bbox 707 679 806 713; x_wconf 89' lang='lat' dir='ltr'>non</span> <span class='ocrx_word' id='word_1_55' title='bbox 844 662 1011 712; x_wconf 89' lang='lat' dir='ltr'>volunt</span> <span class='ocrx_word' id='word_1_56' title='bbox 1047 664 1128 712; x_wconf 89' lang='lat' dir='ltr'>hic</span> <span class='ocrx_word' id='word_1_57' title='bbox 1168 665 1465 722; x_wconf 83' lang='lat' dir='ltr'>concedere,</span> <span class='ocrx_word' id='word_1_58' title='bbox 1516 666 1627 728; x_wconf 90' lang='lat' dir='ltr'>quia</span> <span class='ocrx_word' id='word_1_59' title='bbox 1666 669 1862 728; x_wconf 91' lang='lat' dir='ltr'>oportet</span> <span class='ocrx_word' id='word_1_60' title='bbox 1897 665 1978 714; x_wconf 91' lang='lat' dir='ltr'>hic</span> <span class='ocrx_word' id='word_1_61' title='bbox 2015 667 2143 731; x_wconf 90' lang='lat' dir='ltr'>quod</span> <span class='ocrx_word' id='word_1_62' title='bbox 2185 683 2354 717; x_wconf 90' lang='lat' dir='ltr'>omnes</span> <span class='ocrx_word' id='word_1_63' title='bbox 2377 687 2399 719; x_wconf 80' lang='lat'><strong>5</strong></span> 
     </span>
     <span class='ocr_line' id='line_1_7' title="bbox 209 748 2437 815; baseline 0 -14"><span class='ocrx_word' id='word_1_64' title='bbox 209 752 421 801; x_wconf 82' lang='lat' dir='ltr'>habeant</span> <span class='ocrx_word' id='word_1_65' title='bbox 447 765 665 799; x_wconf 87' lang='lat' dir='ltr'>mensam</span> <span class='ocrx_word' id='word_1_66' title='bbox 703 750 750 797; x_wconf 93' lang='lat' dir='ltr'>in</span> <span class='ocrx_word' id='word_1_67' title='bbox 789 748 937 797; x_wconf 89' lang='lat' dir='ltr'>bursa</span> <span class='ocrx_word' id='word_1_68' title='bbox 977 755 1024 797; x_wconf 88' lang='lat' dir='ltr'>et</span> <span class='ocrx_word' id='word_1_69' title='bbox 1063 749 1158 796; x_wconf 91' lang='lat' dir='ltr'>sint</span> <span class='ocrx_word' id='word_1_70' title='bbox 1195 749 1242 796; x_wconf 91' lang='lat' dir='ltr'>in</span> <span class='ocrx_word' id='word_1_71' title='bbox 1280 748 1537 797; x_wconf 82' lang='lat' dir='ltr'>matricula</span> <span class='ocrx_word' id='word_1_72' title='bbox 1575 749 1921 798; x_wconf 70' lang='lat' dir='ltr'>universitatis</span> <span class='ocrx_word' id='word_1_73' title='bbox 1998 751 2095 800; x_wconf 91' lang='lat' dir='ltr'>Sed</span> <span class='ocrx_word' id='word_1_74' title='bbox 2135 753 2354 815; x_wconf 89' lang='lat' dir='ltr'>quamvis</span> <span class='ocrx_word' id='word_1_75' title='bbox 2423 773 2437 780; x_wconf 78' lang='lat'>-</span> 
     </span>
     <span class='ocr_line' id='line_1_8' title="bbox 208 832 2456 899; baseline -0 -13"><span class='ocrx_word' id='word_1_76' title='bbox 208 838 289 886; x_wconf 90' lang='lat' dir='ltr'>hic</span> <span class='ocrx_word' id='word_1_77' title='bbox 327 840 439 885; x_wconf 87' lang='lat' dir='ltr'>sunt</span> <span class='ocrx_word' id='word_1_78' title='bbox 474 835 644 899; x_wconf 88' lang='lat' dir='ltr'>pauci,</span> <span class='ocrx_word' id='word_1_79' title='bbox 694 839 854 882; x_wconf 89' lang='lat' dir='ltr'>tamen</span> <span class='ocrx_word' id='word_1_80' title='bbox 903 839 1014 882; x_wconf 86' lang='lat' dir='ltr'>sunt</span> <span class='ocrx_word' id='word_1_81' title='bbox 1062 833 1271 882; x_wconf 83' lang='lat' dir='ltr'>audaces</span> <span class='ocrx_word' id='word_1_82' title='bbox 1319 839 1366 881; x_wconf 90' lang='lat' dir='ltr'>et</span> <span class='ocrx_word' id='word_1_83' title='bbox 1402 832 1529 881; x_wconf 92' lang='lat' dir='ltr'>bene</span> <span class='ocrx_word' id='word_1_84' title='bbox 1567 837 1666 881; x_wconf 90' lang='lat' dir='ltr'>tam</span> <span class='ocrx_word' id='word_1_85' title='bbox 1703 833 1914 883; x_wconf 90' lang='lat' dir='ltr'>audaces</span> <span class='ocrx_word' id='word_1_86' title='bbox 1950 835 2075 884; x_wconf 91' lang='lat' dir='ltr'>sicut</span> <span class='ocrx_word' id='word_1_87' title='bbox 2111 835 2181 884; x_wconf 91' lang='lat' dir='ltr'>illi</span> <span class='ocrx_word' id='word_1_88' title='bbox 2218 836 2358 885; x_wconf 87' lang='lat' dir='ltr'>multi</span> <span class='ocrx_word' id='word_1_89' title='bbox 2421 835 2456 865; x_wconf 74' lang='grc'>·’</span> 
     </span>
     <span class='ocr_line' id='line_1_9' title="bbox 210 917 2358 985; baseline -0.001 -13"><span class='ocrx_word' id='word_1_90' title='bbox 210 924 260 972; x_wconf 89' lang='lat' dir='ltr'>in</span> <span class='ocrx_word' id='word_1_91' title='bbox 288 920 509 977; x_wconf 88' lang='lat' dir='ltr'>Colonia,</span> <span class='ocrx_word' id='word_1_92' title='bbox 550 920 664 984; x_wconf 89' lang='lat' dir='ltr'>quia</span> <span class='ocrx_word' id='word_1_93' title='bbox 702 919 795 983; x_wconf 87' lang='lat' dir='ltr'>ipsi</span> <span class='ocrx_word' id='word_1_94' title='bbox 833 917 1140 967; x_wconf 87' lang='lat' dir='ltr'>scalaverunt</span> <span class='ocrx_word' id='word_1_95' title='bbox 1176 917 1462 981; x_wconf 88' lang='lat' dir='ltr'>nuperrime</span> <span class='ocrx_word' id='word_1_96' title='bbox 1499 931 1653 966; x_wconf 88' lang='lat' dir='ltr'>unum</span> <span class='ocrx_word' id='word_1_97' title='bbox 1689 923 1941 980; x_wconf 85' lang='lat' dir='ltr'>regentem</span> <span class='ocrx_word' id='word_1_98' title='bbox 1981 921 2030 968; x_wconf 91' lang='lat' dir='ltr'>in</span> <span class='ocrx_word' id='word_1_99' title='bbox 2067 919 2234 978; x_wconf 88' lang='lat' dir='ltr'>bursa,</span> <span class='ocrx_word' id='word_1_100' title='bbox 2274 923 2358 985; x_wconf 83' lang='lat' dir='ltr'>qui</span> 
     </span>
     <span class='ocr_line' id='line_1_10' title="bbox 211 1000 2361 1067; baseline -0 -12"><span class='ocrx_word' id='word_1_101' title='bbox 211 1007 342 1056; x_wconf 87' lang='lat' dir='ltr'>stetit</span> <span class='ocrx_word' id='word_1_102' title='bbox 389 1011 500 1053; x_wconf 88' lang='lat' dir='ltr'>ante</span> <span class='ocrx_word' id='word_1_103' title='bbox 549 1016 793 1052; x_wconf 89' lang='lat' dir='ltr'>cameram</span> <span class='ocrx_word' id='word_1_104' title='bbox 842 1009 890 1051; x_wconf 85' lang='lat' dir='ltr'>et</span> <span class='ocrx_word' id='word_1_105' title='bbox 939 1002 1119 1052; x_wconf 86' lang='lat' dir='ltr'>audivit</span> <span class='ocrx_word' id='word_1_106' title='bbox 1167 1002 1295 1067; x_wconf 89' lang='lat' dir='ltr'>quod</span> <span class='ocrx_word' id='word_1_107' title='bbox 1334 1000 1561 1051; x_wconf 87' lang='lat' dir='ltr'>luserunt</span> <span class='ocrx_word' id='word_1_108' title='bbox 1607 1002 1841 1052; x_wconf 89' lang='lat' dir='ltr'>interius:</span> <span class='ocrx_word' id='word_1_109' title='bbox 1891 1009 2007 1053; x_wconf 90' lang='lat' dir='ltr'>tunc</span> <span class='ocrx_word' id='word_1_110' title='bbox 2046 1020 2172 1054; x_wconf 89' lang='lat' dir='ltr'>unus</span> <span class='ocrx_word' id='word_1_111' title='bbox 2209 1004 2361 1055; x_wconf 87' lang='lat' dir='ltr'>voluit</span> 
     </span>
     <span class='ocr_line' id='line_1_11' title="bbox 214 1086 2434 1152; baseline 0 -12"><span class='ocrx_word' id='word_1_112' title='bbox 214 1092 346 1140; x_wconf 87' lang='lat' dir='ltr'>exire</span> <span class='ocrx_word' id='word_1_113' title='bbox 374 1093 421 1138; x_wconf 90' lang='lat' dir='ltr'>et</span> <span class='ocrx_word' id='word_1_114' title='bbox 446 1089 630 1138; x_wconf 86' lang='lat' dir='ltr'>invenit</span> <span class='ocrx_word' id='word_1_115' title='bbox 656 1102 766 1136; x_wconf 93' lang='lat' dir='ltr'>eum</span> <span class='ocrx_word' id='word_1_116' title='bbox 803 1086 871 1135; x_wconf 89' lang='lat' dir='ltr'>ibi</span> <span class='ocrx_word' id='word_1_117' title='bbox 910 1093 956 1136; x_wconf 93' lang='lat' dir='ltr'>et</span> <span class='ocrx_word' id='word_1_118' title='bbox 992 1088 1200 1152; x_wconf 87' lang='lat' dir='ltr'>proiecit</span> <span class='ocrx_word' id='word_1_119' title='bbox 1239 1102 1350 1135; x_wconf 91' lang='lat' dir='ltr'>eum</span> <span class='ocrx_word' id='word_1_120' title='bbox 1389 1102 1479 1151; x_wconf 91' lang='lat' dir='ltr'>per</span> <span class='ocrx_word' id='word_1_121' title='bbox 1517 1086 1715 1151; x_wconf 80' lang='lat' dir='ltr'>gradus,</span> <span class='ocrx_word' id='word_1_122' title='bbox 1790 1087 2020 1151; x_wconf 80' lang='lat' dir='ltr'>Preterea</span> <span class='ocrx_word' id='word_1_123' title='bbox 2060 1091 2204 1138; x_wconf 88' lang='lat' dir='ltr'>etiam</span> <span class='ocrx_word' id='word_1_124' title='bbox 2244 1097 2359 1139; x_wconf 90' lang='lat' dir='ltr'>sunt</span> <span class='ocrx_word' id='word_1_125' title='bbox 2378 1110 2434 1144; x_wconf 60' lang='lat'>102</span> 
     </span>
     <span class='ocr_line' id='line_1_12' title="bbox 213 1171 2359 1237; baseline -0 -13"><span class='ocrx_word' id='word_1_126' title='bbox 213 1174 447 1230; x_wconf 83' lang='lat' dir='ltr'>audaceS‚</span> <span class='ocrx_word' id='word_1_127' title='bbox 488 1173 601 1236; x_wconf 85' lang='lat' dir='ltr'>quia</span> <span class='ocrx_word' id='word_1_128' title='bbox 625 1173 908 1237; x_wconf 88' lang='lat' dir='ltr'>percutiunt</span> <span class='ocrx_word' id='word_1_129' title='bbox 933 1186 984 1220; x_wconf 90' lang='lat' dir='ltr'>se</span> <span class='ocrx_word' id='word_1_130' title='bbox 1010 1172 1089 1219; x_wconf 91' lang='lat' dir='ltr'>hic</span> <span class='ocrx_word' id='word_1_131' title='bbox 1129 1186 1240 1219; x_wconf 90' lang='lat' dir='ltr'>cum</span> <span class='ocrx_word' id='word_1_132' title='bbox 1279 1172 1490 1220; x_wconf 91' lang='lat' dir='ltr'>reuteris</span> <span class='ocrx_word' id='word_1_133' title='bbox 1528 1171 1652 1220; x_wconf 88' lang='lat' dir='ltr'>sicut</span> <span class='ocrx_word' id='word_1_134' title='bbox 1690 1172 1872 1221; x_wconf 83' lang='lat' dir='ltr'>faciunt</span> <span class='ocrx_word' id='word_1_135' title='bbox 1898 1173 2097 1237; x_wconf 78' lang='lat' dir='ltr'>Colonie</span> <span class='ocrx_word' id='word_1_136' title='bbox 2125 1189 2238 1223; x_wconf 86' lang='lat' dir='ltr'>cum</span> <span class='ocrx_word' id='word_1_137' title='bbox 2265 1174 2359 1223; x_wconf 91' lang='lat' dir='ltr'>Do-</span> 
     </span>
     <span class='ocr_line' id='line_1_13' title="bbox 210 1256 2360 1320; baseline 0 -12"><span class='ocrx_word' id='word_1_138' title='bbox 210 1258 507 1316; x_wconf 82' lang='lat' dir='ltr'>leatoribuS‚</span> <span class='ocrx_word' id='word_1_139' title='bbox 549 1263 596 1306; x_wconf 91' lang='lat' dir='ltr'>et</span> <span class='ocrx_word' id='word_1_140' title='bbox 632 1257 866 1305; x_wconf 88' lang='lat' dir='ltr'>incedunt</span> <span class='ocrx_word' id='word_1_141' title='bbox 902 1271 1040 1304; x_wconf 90' lang='lat' dir='ltr'>more</span> <span class='ocrx_word' id='word_1_142' title='bbox 1079 1262 1390 1305; x_wconf 77' lang='lat' dir='ltr'>rent-erorum</span> <span class='ocrx_word' id='word_1_143' title='bbox 1431 1271 1544 1304; x_wconf 89' lang='lat' dir='ltr'>cum</span> <span class='ocrx_word' id='word_1_144' title='bbox 1579 1256 1832 1320; x_wconf 84' lang='lat' dir='ltr'>productis</span> <span class='ocrx_word' id='word_1_145' title='bbox 1870 1256 2039 1320; x_wconf 85' lang='lat' dir='ltr'>gladiis</span> <span class='ocrx_word' id='word_1_146' title='bbox 2078 1264 2125 1308; x_wconf 88' lang='lat' dir='ltr'>et</span> <span class='ocrx_word' id='word_1_147' title='bbox 2151 1257 2360 1308; x_wconf 89' lang='lat' dir='ltr'>Chordis</span> 
     </span>
     <span class='ocr_line' id='line_1_14' title="bbox 213 1339 2359 1408; baseline -0 -15"><span class='ocrx_word' id='word_1_148' title='bbox 213 1349 262 1394; x_wconf 89' lang='lat' dir='ltr'>et</span> <span class='ocrx_word' id='word_1_149' title='bbox 288 1343 484 1408; x_wconf 86' lang='lat' dir='ltr'>SpadiS,</span> <span class='ocrx_word' id='word_1_150' title='bbox 526 1343 670 1391; x_wconf 91' lang='lat' dir='ltr'>etiam</span> <span class='ocrx_word' id='word_1_151' title='bbox 709 1357 821 1390; x_wconf 84' lang='lat' dir='ltr'>cum</span> <span class='ocrx_word' id='word_1_152' title='bbox 858 1340 1145 1406; x_wconf 88' lang='lat' dir='ltr'>plumbatis,</span> <span class='ocrx_word' id='word_1_153' title='bbox 1184 1340 1270 1389; x_wconf 87' lang='lat' dir='ltr'>ubi</span> <span class='ocrx_word' id='word_1_154' title='bbox 1307 1339 1492 1389; x_wconf 89' lang='lat' dir='ltr'>habent</span> <span class='ocrx_word' id='word_1_155' title='bbox 1529 1339 1807 1398; x_wconf 88' lang='lat' dir='ltr'>cordulam,</span> <span class='ocrx_word' id='word_1_156' title='bbox 1847 1346 1901 1389; x_wconf 92' lang='lat' dir='ltr'>ut</span> <span class='ocrx_word' id='word_1_157' title='bbox 1936 1348 2142 1405; x_wconf 88' lang='lat' dir='ltr'>possunt</span> <span class='ocrx_word' id='word_1_158' title='bbox 2179 1344 2359 1393; x_wconf 84' lang='lat' dir='ltr'>iactare</span> 
     </span>
     <span class='ocr_line' id='line_1_15' title="bbox 213 1425 2359 1490; baseline 0 -13"><span class='ocrx_word' id='word_1_159' title='bbox 213 1433 260 1478; x_wconf 90' lang='lat' dir='ltr'>et</span> <span class='ocrx_word' id='word_1_160' title='bbox 296 1430 475 1477; x_wconf 87' lang='lat' dir='ltr'>iterum</span> <span class='ocrx_word' id='word_1_161' title='bbox 514 1426 574 1475; x_wconf 89' lang='lat' dir='ltr'>ad</span> <span class='ocrx_word' id='word_1_162' title='bbox 613 1441 665 1475; x_wconf 92' lang='lat' dir='ltr'>se</span> <span class='ocrx_word' id='word_1_163' title='bbox 702 1426 917 1475; x_wconf 87' lang='lat' dir='ltr'>trahere.</span> <span class='ocrx_word' id='word_1_164' title='bbox 991 1426 1158 1490; x_wconf 87' lang='lat' dir='ltr'>Nuper</span> <span class='ocrx_word' id='word_1_165' title='bbox 1196 1425 1345 1474; x_wconf 91' lang='lat' dir='ltr'>semel</span> <span class='ocrx_word' id='word_1_166' title='bbox 1384 1426 1571 1474; x_wconf 91' lang='lat' dir='ltr'>reuteri</span> <span class='ocrx_word' id='word_1_167' title='bbox 1607 1433 1898 1475; x_wconf 89' lang='lat' dir='ltr'>secaverunt</span> <span class='ocrx_word' id='word_1_168' title='bbox 1948 1426 2026 1476; x_wconf 89' lang='lat' dir='ltr'>hic</span> <span class='ocrx_word' id='word_1_169' title='bbox 2073 1441 2227 1476; x_wconf 90' lang='lat' dir='ltr'>unum</span> <span class='ocrx_word' id='word_1_170' title='bbox 2265 1427 2359 1477; x_wconf 91' lang='lat' dir='ltr'>Do-</span> 
     </span>
     <span class='ocr_line' id='line_1_16' title="bbox 211 1509 2442 1576; baseline 0 -15"><span class='ocrx_word' id='word_1_171' title='bbox 211 1512 454 1561; x_wconf 88' lang='lat' dir='ltr'>micellum</span> <span class='ocrx_word' id='word_1_172' title='bbox 493 1527 584 1576; x_wconf 92' lang='lat' dir='ltr'>per</span> <span class='ocrx_word' id='word_1_173' title='bbox 621 1510 834 1560; x_wconf 86' lang='lat' dir='ltr'>scabiem</span> <span class='ocrx_word' id='word_1_174' title='bbox 875 1510 1005 1575; x_wconf 86' lang='lat' dir='ltr'>quod</span> <span class='ocrx_word' id='word_1_175' title='bbox 1045 1509 1216 1559; x_wconf 88' lang='lat' dir='ltr'>cecidit</span> <span class='ocrx_word' id='word_1_176' title='bbox 1254 1509 1312 1558; x_wconf 89' lang='lat' dir='ltr'>ad</span> <span class='ocrx_word' id='word_1_177' title='bbox 1351 1515 1558 1566; x_wconf 89' lang='lat' dir='ltr'>terram;</span> <span class='ocrx_word' id='word_1_178' title='bbox 1598 1510 1684 1560; x_wconf 90' lang='lat' dir='ltr'>sed</span> <span class='ocrx_word' id='word_1_179' title='bbox 1723 1512 1817 1560; x_wconf 83' lang='lat' dir='ltr'>cito</span> <span class='ocrx_word' id='word_1_180' title='bbox 1855 1513 2069 1561; x_wconf 85' lang='lat' dir='ltr'>surrexit</span> <span class='ocrx_word' id='word_1_181' title='bbox 2107 1518 2154 1561; x_wconf 93' lang='lat' dir='ltr'>et</span> <span class='ocrx_word' id='word_1_182' title='bbox 2192 1512 2442 1570; x_wconf 51' lang='lat' dir='ltr'>defen-1571</span> 
     </span>
     <span class='ocr_line' id='line_1_17' title="bbox 212 1594 2360 1661; baseline 0 -15"><span class='ocrx_word' id='word_1_183' title='bbox 212 1597 280 1646; x_wconf 87' lang='lat' dir='ltr'>dit</span> <span class='ocrx_word' id='word_1_184' title='bbox 317 1611 368 1645; x_wconf 92' lang='lat' dir='ltr'>se</span> <span class='ocrx_word' id='word_1_185' title='bbox 404 1595 604 1646; x_wconf 86' lang='lat' dir='ltr'>realiter</span> <span class='ocrx_word' id='word_1_186' title='bbox 643 1602 689 1645; x_wconf 93' lang='lat' dir='ltr'>et</span> <span class='ocrx_word' id='word_1_187' title='bbox 725 1597 969 1661; x_wconf 89' lang='lat' dir='ltr'>percussit</span> <span class='ocrx_word' id='word_1_188' title='bbox 1006 1600 1052 1644; x_wconf 91' lang='lat' dir='ltr'>et</span> <span class='ocrx_word' id='word_1_189' title='bbox 1090 1595 1267 1644; x_wconf 89' lang='lat' dir='ltr'>secavit</span> <span class='ocrx_word' id='word_1_190' title='bbox 1307 1610 1391 1644; x_wconf 89' lang='lat' dir='ltr'>eos</span> <span class='ocrx_word' id='word_1_191' title='bbox 1429 1609 1600 1645; x_wconf 90' lang='lat' dir='ltr'>omnes</span> <span class='ocrx_word' id='word_1_192' title='bbox 1638 1595 1771 1661; x_wconf 90' lang='lat' dir='ltr'>quod</span> <span class='ocrx_word' id='word_1_193' title='bbox 1807 1594 2089 1646; x_wconf 85' lang='lat' dir='ltr'>habuerunt</span> <span class='ocrx_word' id='word_1_194' title='bbox 2128 1596 2360 1647; x_wconf 89' lang='lat' dir='ltr'>Sanctum</span> 
     </span>
     <span class='ocr_line' id='line_1_18' title="bbox 213 1679 2363 1747; baseline 0.002 -19"><span class='ocrx_word' id='word_1_195' title='bbox 213 1680 544 1738; x_wconf 84' lang='lat' dir='ltr'>Valentinum,</span> <span class='ocrx_word' id='word_1_196' title='bbox 596 1687 644 1730; x_wconf 92' lang='lat' dir='ltr'>et</span> <span class='ocrx_word' id='word_1_197' title='bbox 690 1696 859 1730; x_wconf 89' lang='lat' dir='ltr'>omnes</span> <span class='ocrx_word' id='word_1_198' title='bbox 908 1679 1174 1729; x_wconf 86' lang='lat' dir='ltr'>currebant</span> <span class='ocrx_word' id='word_1_199' title='bbox 1219 1680 1410 1742; x_wconf 83' lang='lat' dir='ltr'>fugens,</span> <span class='ocrx_word' id='word_1_200' title='bbox 1484 1679 1658 1729; x_wconf 84' lang='lat' dir='ltr'>Adhuc</span> <span class='ocrx_word' id='word_1_201' title='bbox 1703 1694 1856 1729; x_wconf 89' lang='lat' dir='ltr'>unum</span> <span class='ocrx_word' id='word_1_202' title='bbox 1894 1686 1967 1730; x_wconf 89' lang='lat' dir='ltr'>est</span> <span class='ocrx_word' id='word_1_203' title='bbox 2004 1682 2133 1747; x_wconf 90' lang='lat' dir='ltr'>quod</span> <span class='ocrx_word' id='word_1_204' title='bbox 2174 1681 2363 1733; x_wconf 89' lang='lat' dir='ltr'>debetis</span> 
     </span>
     <span class='ocr_line' id='line_1_19' title="bbox 213 1764 2364 1830; baseline 0 -15"><span class='ocrx_word' id='word_1_205' title='bbox 213 1767 356 1815; x_wconf 88' lang='lat' dir='ltr'>scire.</span> <span class='ocrx_word' id='word_1_206' title='bbox 432 1766 525 1820; x_wconf 82' lang='lat' dir='ltr'>Vos</span> <span class='ocrx_word' id='word_1_207' title='bbox 564 1765 752 1815; x_wconf 84' lang='lat' dir='ltr'>debetis</span> <span class='ocrx_word' id='word_1_208' title='bbox 790 1767 1098 1827; x_wconf 84' lang='lat' dir='ltr'>interrogare</span> <span class='ocrx_word' id='word_1_209' title='bbox 1136 1765 1396 1814; x_wconf 88' lang='lat' dir='ltr'>Doctorem</span> <span class='ocrx_word' id='word_1_210' title='bbox 1436 1764 1706 1814; x_wconf 90' lang='lat' dir='ltr'>Arnoldum</span> <span class='ocrx_word' id='word_1_211' title='bbox 1746 1765 1806 1814; x_wconf 90' lang='lat' dir='ltr'>de</span> <span class='ocrx_word' id='word_1_212' title='bbox 1844 1765 2088 1829; x_wconf 87' lang='lat' dir='ltr'>Tungari,</span> <span class='ocrx_word' id='word_1_213' title='bbox 2142 1769 2226 1830; x_wconf 90' lang='lat' dir='ltr'>qui</span> <span class='ocrx_word' id='word_1_214' title='bbox 2264 1783 2364 1816; x_wconf 90' lang='lat' dir='ltr'>non</span> 
     </span>
     <span class='ocr_line' id='line_1_20' title="bbox 213 1848 2362 1916; baseline 0.001 -17"><span class='ocrx_word' id='word_1_215' title='bbox 213 1856 285 1899; x_wconf 86' lang='lat' dir='ltr'>est</span> <span class='ocrx_word' id='word_1_216' title='bbox 322 1851 552 1898; x_wconf 90' lang='lat' dir='ltr'>minimus</span> <span class='ocrx_word' id='word_1_217' title='bbox 588 1851 636 1897; x_wconf 91' lang='lat' dir='ltr'>in</span> <span class='ocrx_word' id='word_1_218' title='bbox 666 1848 954 1912; x_wconf 88' lang='lat' dir='ltr'>Theologia,</span> <span class='ocrx_word' id='word_1_219' title='bbox 992 1851 1065 1899; x_wconf 90' lang='lat' dir='ltr'>An</span> <span class='ocrx_word' id='word_1_220' title='bbox 1106 1850 1249 1899; x_wconf 88' lang='lat' dir='ltr'>etiam</span> <span class='ocrx_word' id='word_1_221' title='bbox 1287 1849 1348 1899; x_wconf 90' lang='lat' dir='ltr'>sit</span> <span class='ocrx_word' id='word_1_222' title='bbox 1385 1855 1641 1913; x_wconf 89' lang='lat' dir='ltr'>peccatum</span> <span class='ocrx_word' id='word_1_223' title='bbox 1677 1848 1850 1900; x_wconf 75' lang='lat' dir='ltr'>ludere</span> <span class='ocrx_word' id='word_1_224' title='bbox 1887 1851 1937 1899; x_wconf 91' lang='lat' dir='ltr'>in</span> <span class='ocrx_word' id='word_1_225' title='bbox 1975 1851 2134 1901; x_wconf 86' lang='lat' dir='ltr'>taxilis</span> <span class='ocrx_word' id='word_1_226' title='bbox 2171 1867 2263 1916; x_wconf 89' lang='lat' dir='ltr'>pro</span> <span class='ocrx_word' id='word_1_227' title='bbox 2291 1852 2362 1901; x_wconf 90' lang='lat' dir='ltr'>in-</span> 
     </span>
     <span class='ocr_line' id='line_1_21' title="bbox 214 1934 2430 2000; baseline 0.002 -17"><span class='ocrx_word' id='word_1_228' title='bbox 214 1934 489 1998; x_wconf 87' lang='lat' dir='ltr'>dulgentiis.</span> <span class='ocrx_word' id='word_1_229' title='bbox 564 1935 667 1998; x_wconf 86' lang='lat' dir='ltr'>Ego</span> <span class='ocrx_word' id='word_1_230' title='bbox 707 1936 807 1983; x_wconf 91' lang='lat' dir='ltr'>scio</span> <span class='ocrx_word' id='word_1_231' title='bbox 846 1934 1035 1997; x_wconf 90' lang='lat' dir='ltr'>aliquos</span> <span class='ocrx_word' id='word_1_232' title='bbox 1072 1940 1330 1999; x_wconf 79' lang='lat' dir='ltr'>pretensos</span> <span class='ocrx_word' id='word_1_233' title='bbox 1367 1935 1528 1984; x_wconf 85' lang='lat' dir='ltr'>socios</span> <span class='ocrx_word' id='word_1_234' title='bbox 1567 1935 1649 1999; x_wconf 93' lang='lat' dir='ltr'>qui</span> <span class='ocrx_word' id='word_1_235' title='bbox 1686 1940 1800 1983; x_wconf 89' lang='lat' dir='ltr'>sunt</span> <span class='ocrx_word' id='word_1_236' title='bbox 1836 1934 2034 1990; x_wconf 90' lang='lat' dir='ltr'>ribaldi,</span> <span class='ocrx_word' id='word_1_237' title='bbox 2075 1937 2158 2000; x_wconf 92' lang='lat' dir='ltr'>qui</span> <span class='ocrx_word' id='word_1_238' title='bbox 2196 1936 2430 2000; x_wconf 63' lang='lat' dir='ltr'>perlu-zm,</span> 
     </span>
     <span class='ocr_line' id='line_1_22' title="bbox 212 2018 2363 2086; baseline 0.002 -19"><span class='ocrx_word' id='word_1_239' title='bbox 212 2024 384 2068; x_wconf 79' lang='lat' dir='ltr'>serunt</span> <span class='ocrx_word' id='word_1_240' title='bbox 422 2033 591 2068; x_wconf 91' lang='lat' dir='ltr'>omnes</span> <span class='ocrx_word' id='word_1_241' title='bbox 627 2018 959 2082; x_wconf 86' lang='lat' dir='ltr'>indulgentias</span> <span class='ocrx_word' id='word_1_242' title='bbox 998 2034 1117 2083; x_wconf 88' lang='lat' dir='ltr'>quas</span> <span class='ocrx_word' id='word_1_243' title='bbox 1155 2019 1290 2068; x_wconf 89' lang='lat' dir='ltr'>dedit</span> <span class='ocrx_word' id='word_1_244' title='bbox 1328 2019 1398 2069; x_wconf 90' lang='lat' dir='ltr'>eis</span> <span class='ocrx_word' id='word_1_245' title='bbox 1434 2018 1644 2069; x_wconf 88' lang='lat' dir='ltr'>Iacobus</span> <span class='ocrx_word' id='word_1_246' title='bbox 1681 2020 1742 2069; x_wconf 89' lang='lat' dir='ltr'>de</span> <span class='ocrx_word' id='word_1_247' title='bbox 1789 2019 1884 2069; x_wconf 89' lang='lat' dir='ltr'>alta</span> <span class='ocrx_word' id='word_1_248' title='bbox 1935 2019 2118 2085; x_wconf 89' lang='lat' dir='ltr'>platea,</span> <span class='ocrx_word' id='word_1_249' title='bbox 2168 2022 2363 2086; x_wconf 89' lang='lat' dir='ltr'>quando</span> 
     </span>
     <span class='ocr_line' id='line_1_23' title="bbox 210 2103 2367 2168; baseline 0.002 -16"><span class='ocrx_word' id='word_1_250' title='bbox 210 2105 314 2167; x_wconf 91' lang='lat' dir='ltr'>ipse</span> <span class='ocrx_word' id='word_1_251' title='bbox 361 2104 638 2152; x_wconf 86' lang='lat' dir='ltr'>terminavit</span> <span class='ocrx_word' id='word_1_252' title='bbox 685 2119 881 2153; x_wconf 89' lang='lat' dir='ltr'>causam</span> <span class='ocrx_word' id='word_1_253' title='bbox 918 2103 1186 2154; x_wconf 87' lang='lat' dir='ltr'>Reuchlins</span> <span class='ocrx_word' id='word_1_254' title='bbox 1237 2105 1286 2152; x_wconf 93' lang='lat' dir='ltr'>in</span> <span class='ocrx_word' id='word_1_255' title='bbox 1324 2104 1595 2168; x_wconf 85' lang='lat' dir='ltr'>Maguntia‚</span> <span class='ocrx_word' id='word_1_256' title='bbox 1645 2105 1756 2168; x_wconf 88' lang='lat' dir='ltr'>quia</span> <span class='ocrx_word' id='word_1_257' title='bbox 1793 2110 1895 2154; x_wconf 90' lang='lat' dir='ltr'>tres</span> <span class='ocrx_word' id='word_1_258' title='bbox 1933 2104 2134 2156; x_wconf 83' lang='lat' dir='ltr'>suerunt</span> <span class='ocrx_word' id='word_1_259' title='bbox 2183 2105 2278 2164; x_wconf 90' lang='lat' dir='ltr'>ibi,</span> <span class='ocrx_word' id='word_1_260' title='bbox 2319 2112 2367 2157; x_wconf 85' lang='lat' dir='ltr'>et</span> 
     </span>
     <span class='ocr_line' id='line_1_24' title="bbox 213 2187 2422 2261; baseline 0.002 -25"><span class='ocrx_word' id='word_1_261' title='bbox 213 2189 355 2237; x_wconf 89' lang='lat' dir='ltr'>etiam</span> <span class='ocrx_word' id='word_1_262' title='bbox 406 2188 637 2237; x_wconf 83' lang='lat' dir='ltr'>dixerunt</span> <span class='ocrx_word' id='word_1_263' title='bbox 686 2188 816 2252; x_wconf 89' lang='lat' dir='ltr'>quod</span> <span class='ocrx_word' id='word_1_264' title='bbox 864 2187 942 2251; x_wconf 78' lang='lat' dir='ltr'>ille</span> <span class='ocrx_word' id='word_1_265' title='bbox 988 2187 1284 2251; x_wconf 75' lang='lat' dir='ltr'>indulgentie</span> <span class='ocrx_word' id='word_1_266' title='bbox 1333 2202 1432 2236; x_wconf 93' lang='lat' dir='ltr'>non</span> <span class='ocrx_word' id='word_1_267' title='bbox 1481 2194 1641 2237; x_wconf 88' lang='lat' dir='ltr'>essent</span> <span class='ocrx_word' id='word_1_268' title='bbox 1687 2188 1968 2238; x_wconf 89' lang='lat' dir='ltr'>hominibus</span> <span class='ocrx_word' id='word_1_269' title='bbox 2004 2191 2240 2255; x_wconf 74' lang='lat' dir='ltr'>proficue.</span> <span class='ocrx_word' id='word_1_270' title='bbox 2316 2191 2366 2241; x_wconf 90' lang='lat' dir='ltr'>Si</span> <span class='ocrx_word' id='word_1_271' title='bbox 2418 2254 2422 2261; x_wconf 34' lang='grc' dir='ltr'>Ι</span> 
     </span>
     <span class='ocr_line' id='line_1_25' title="bbox 214 2271 2433 2340; baseline 0.002 -19"><span class='ocrx_word' id='word_1_272' title='bbox 214 2278 286 2322; x_wconf 90' lang='lat' dir='ltr'>est</span> <span class='ocrx_word' id='word_1_273' title='bbox 322 2277 578 2336; x_wconf 88' lang='lat' dir='ltr'>peccatum</span> <span class='ocrx_word' id='word_1_274' title='bbox 616 2273 741 2320; x_wconf 87' lang='lat' dir='ltr'>sicut</span> <span class='ocrx_word' id='word_1_275' title='bbox 789 2272 963 2330; x_wconf 89' lang='lat' dir='ltr'>cred0‚</span> <span class='ocrx_word' id='word_1_276' title='bbox 1013 2278 1060 2320; x_wconf 89' lang='lat' dir='ltr'>et</span> <span class='ocrx_word' id='word_1_277' title='bbox 1107 2286 1204 2320; x_wconf 91' lang='lat' dir='ltr'>non</span> <span class='ocrx_word' id='word_1_278' title='bbox 1257 2278 1331 2320; x_wconf 90' lang='lat' dir='ltr'>est</span> <span class='ocrx_word' id='word_1_279' title='bbox 1377 2271 1608 2336; x_wconf 89' lang='lat' dir='ltr'>possibile</span> <span class='ocrx_word' id='word_1_280' title='bbox 1655 2273 1785 2336; x_wconf 88' lang='lat' dir='ltr'>quod</span> <span class='ocrx_word' id='word_1_281' title='bbox 1834 2288 1935 2322; x_wconf 91' lang='lat' dir='ltr'>non</span> <span class='ocrx_word' id='word_1_282' title='bbox 1983 2276 2046 2323; x_wconf 87' lang='lat' dir='ltr'>sit</span> <span class='ocrx_word' id='word_1_283' title='bbox 2091 2282 2363 2340; x_wconf 90' lang='lat' dir='ltr'>peccatum,</span> <span class='ocrx_word' id='word_1_284' title='bbox 2415 2283 2433 2293; x_wconf 27' lang='grc' dir='ltr'><em>Ἰ</em></span> 
     </span>
     <span class='ocr_line' id='line_1_26' title="bbox 213 2355 2438 2426; baseline 0.004 -23"><span class='ocrx_word' id='word_1_285' title='bbox 213 2361 331 2404; x_wconf 86' lang='lat' dir='ltr'>tunc</span> <span class='ocrx_word' id='word_1_286' title='bbox 370 2370 460 2418; x_wconf 85' lang='lat' dir='ltr'>ego</span> <span class='ocrx_word' id='word_1_287' title='bbox 498 2370 648 2404; x_wconf 91' lang='lat' dir='ltr'>nosco</span> <span class='ocrx_word' id='word_1_288' title='bbox 686 2355 794 2406; x_wconf 91' lang='lat' dir='ltr'>illos</span> <span class='ocrx_word' id='word_1_289' title='bbox 832 2356 980 2411; x_wconf 89' lang='lat' dir='ltr'>bene,</span> <span class='ocrx_word' id='word_1_290' title='bbox 1030 2362 1148 2404; x_wconf 85' lang='lat' dir='ltr'>tunc</span> <span class='ocrx_word' id='word_1_291' title='bbox 1187 2371 1276 2419; x_wconf 86' lang='lat' dir='ltr'>ego</span> <span class='ocrx_word' id='word_1_292' title='bbox 1314 2355 1422 2404; x_wconf 91' lang='lat' dir='ltr'>volo</span> <span class='ocrx_word' id='word_1_293' title='bbox 1460 2355 1556 2404; x_wconf 91' lang='lat' dir='ltr'>hoc</span> <span class='ocrx_word' id='word_1_294' title='bbox 1603 2356 1992 2420; x_wconf 80' lang='lat' dir='ltr'>predicatoribus</span> <span class='ocrx_word' id='word_1_295' title='bbox 2042 2360 2230 2417; x_wconf 88' lang='lat' dir='ltr'>dicere,</span> <span class='ocrx_word' id='word_1_296' title='bbox 2281 2362 2362 2426; x_wconf 89' lang='lat' dir='ltr'>qui</span> <span class='ocrx_word' id='word_1_297' title='bbox 2377 2368 2438 2415; x_wconf 61' lang='lat' dir='ltr'>m,-</span> 
     </span>
     <span class='ocr_line' id='line_1_27' title="bbox 216 2439 2438 2510; baseline 0.004 -22"><span class='ocrx_word' id='word_1_298' title='bbox 216 2445 360 2488; x_wconf 90' lang='lat' dir='ltr'>erunt</span> <span class='ocrx_word' id='word_1_299' title='bbox 406 2454 489 2488; x_wconf 93' lang='lat' dir='ltr'>eos</span> <span class='ocrx_word' id='word_1_300' title='bbox 536 2444 671 2488; x_wconf 88' lang='lat' dir='ltr'>recte</span> <span class='ocrx_word' id='word_1_301' title='bbox 719 2439 1049 2495; x_wconf 85' lang='lat' dir='ltr'>confundere,</span> <span class='ocrx_word' id='word_1_302' title='bbox 1100 2445 1148 2489; x_wconf 90' lang='lat' dir='ltr'>et</span> <span class='ocrx_word' id='word_1_303' title='bbox 1195 2454 1285 2503; x_wconf 87' lang='lat' dir='ltr'>ego</span> <span class='ocrx_word' id='word_1_304' title='bbox 1335 2440 1479 2489; x_wconf 92' lang='lat' dir='ltr'>etiam</span> <span class='ocrx_word' id='word_1_305' title='bbox 1527 2439 1635 2489; x_wconf 90' lang='lat' dir='ltr'>volo</span> <span class='ocrx_word' id='word_1_306' title='bbox 1683 2441 1751 2490; x_wconf 88' lang='lat' dir='ltr'>eis</span> <span class='ocrx_word' id='word_1_307' title='bbox 1788 2448 1889 2492; x_wconf 87' lang='lat' dir='ltr'>met</span> <span class='ocrx_word' id='word_1_308' title='bbox 1925 2444 1974 2492; x_wconf 91' lang='lat' dir='ltr'>in</span> <span class='ocrx_word' id='word_1_309' title='bbox 2011 2446 2213 2509; x_wconf 91' lang='lat' dir='ltr'>propria</span> <span class='ocrx_word' id='word_1_310' title='bbox 2251 2461 2363 2510; x_wconf 87' lang='lat' dir='ltr'>per·</span> <span class='ocrx_word' id='word_1_311' title='bbox 2435 2445 2438 2447; x_wconf 60' lang='grc'><strong><em>’</em></strong></span> 
     </span>
     <span class='ocr_line' id='line_1_28' title="bbox 217 2523 2422 2591; baseline 0.004 -20"><span class='ocrx_word' id='word_1_312' title='bbox 217 2538 366 2579; x_wconf 89' lang='lat' dir='ltr'>sona,</span> <span class='ocrx_word' id='word_1_313' title='bbox 406 2536 496 2585; x_wconf 83' lang='lat' dir='ltr'>ego</span> <span class='ocrx_word' id='word_1_314' title='bbox 535 2539 643 2573; x_wconf 87' lang='lat' dir='ltr'>sum</span> <span class='ocrx_word' id='word_1_315' title='bbox 680 2523 807 2573; x_wconf 91' lang='lat' dir='ltr'>bene</span> <span class='ocrx_word' id='word_1_316' title='bbox 843 2531 943 2573; x_wconf 88' lang='lat' dir='ltr'>tam</span> <span class='ocrx_word' id='word_1_317' title='bbox 980 2524 1163 2580; x_wconf 90' lang='lat' dir='ltr'>audax,</span> <span class='ocrx_word' id='word_1_318' title='bbox 1203 2524 1264 2573; x_wconf 91' lang='lat' dir='ltr'>ad</span> <span class='ocrx_word' id='word_1_319' title='bbox 1301 2539 1477 2588; x_wconf 88' lang='lat' dir='ltr'>panem</span> <span class='ocrx_word' id='word_1_320' title='bbox 1517 2539 1687 2574; x_wconf 90' lang='lat' dir='ltr'>eorum</span> <span class='ocrx_word' id='word_1_321' title='bbox 1726 2541 1928 2589; x_wconf 89' lang='lat' dir='ltr'>ponere.</span> <span class='ocrx_word' id='word_1_322' title='bbox 2004 2528 2132 2578; x_wconf 91' lang='lat' dir='ltr'>Nihil</span> <span class='ocrx_word' id='word_1_323' title='bbox 2171 2535 2246 2580; x_wconf 92' lang='lat' dir='ltr'>est</span> <span class='ocrx_word' id='word_1_324' title='bbox 2271 2533 2363 2580; x_wconf 88' lang='lat' dir='ltr'>iam</span> <span class='ocrx_word' id='word_1_325' title='bbox 2419 2590 2422 2591; x_wconf 8' lang='grc' dir='ltr'><em>γ</em></span> 
     </span>
     <span class='ocr_line' id='line_1_29' title="bbox 217 2600 2366 2678; baseline 0.004 -22"><span class='ocrx_word' id='word_1_326' title='bbox 217 2606 426 2671; x_wconf 90' lang='lat' dir='ltr'>amplius</span> <span class='ocrx_word' id='word_1_327' title='bbox 460 2600 523 2656; x_wconf 37' lang='lat' dir='ltr'>‘ad</span> <span class='ocrx_word' id='word_1_328' title='bbox 562 2607 901 2666; x_wconf 89' lang='lat' dir='ltr'>scribendum,</span> <span class='ocrx_word' id='word_1_329' title='bbox 953 2609 1045 2657; x_wconf 91' lang='lat' dir='ltr'>nisi</span> <span class='ocrx_word' id='word_1_330' title='bbox 1090 2607 1294 2658; x_wconf 87' lang='lat' dir='ltr'>salutate</span> <span class='ocrx_word' id='word_1_331' title='bbox 1331 2609 1450 2658; x_wconf 91' lang='lat' dir='ltr'>mihi</span> <span class='ocrx_word' id='word_1_332' title='bbox 1487 2608 1712 2659; x_wconf 87' lang='lat' dir='ltr'>ancillam</span> <span class='ocrx_word' id='word_1_333' title='bbox 1754 2609 1989 2667; x_wconf 86' lang='lat' dir='ltr'>Quentels</span> <span class='ocrx_word' id='word_1_334' title='bbox 2028 2630 2120 2678; x_wconf 79' lang='lat' dir='ltr'>que</span> <span class='ocrx_word' id='word_1_335' title='bbox 2159 2616 2254 2664; x_wconf 90' lang='lat' dir='ltr'>iam</span> <span class='ocrx_word' id='word_1_336' title='bbox 2293 2620 2366 2664; x_wconf 86' lang='lat' dir='ltr'>est</span> 
     </span>
     <span class='ocr_line' id='line_1_30' title="bbox 216 2691 2425 2759; baseline 0.005 -20"><span class='ocrx_word' id='word_1_337' title='bbox 216 2693 266 2739; x_wconf 92' lang='lat' dir='ltr'>in</span> <span class='ocrx_word' id='word_1_338' title='bbox 303 2693 591 2755; x_wconf 79' lang='lat' dir='ltr'>puerperiO,</span> <span class='ocrx_word' id='word_1_339' title='bbox 634 2698 680 2741; x_wconf 85' lang='lat' dir='ltr'>et</span> <span class='ocrx_word' id='word_1_340' title='bbox 716 2691 881 2741; x_wconf 90' lang='lat' dir='ltr'>Valete</span> <span class='ocrx_word' id='word_1_341' title='bbox 917 2693 1226 2750; x_wconf 88' lang='lat' dir='ltr'>Pancratice,</span> <span class='ocrx_word' id='word_1_342' title='bbox 1266 2692 1529 2750; x_wconf 80' lang='lat' dir='ltr'>Athletice,</span> <span class='ocrx_word' id='word_1_343' title='bbox 1581 2693 1824 2759; x_wconf 82' lang='lat' dir='ltr'>Pugilice,</span> <span class='ocrx_word' id='word_1_344' title='bbox 1872 2696 2103 2754; x_wconf 87' lang='lat' dir='ltr'>Basilice,</span> <span class='ocrx_word' id='word_1_345' title='bbox 2153 2698 2282 2749; x_wconf 90' lang='lat' dir='ltr'>belle</span> <span class='ocrx_word' id='word_1_346' title='bbox 2320 2705 2366 2749; x_wconf 88' lang='lat' dir='ltr'>et</span> <span class='ocrx_word' id='word_1_347' title='bbox 2419 2699 2425 2704; x_wconf 77' lang='grc'><em>’</em></span> 
     </span>
     <span class='ocr_line' id='line_1_31' title="bbox 217 2776 2445 2845; baseline 0.005 -22"><span class='ocrx_word' id='word_1_348' title='bbox 217 2776 498 2840; x_wconf 84' lang='lat' dir='ltr'>magnifice,</span> <span class='ocrx_word' id='word_1_349' title='bbox 539 2782 689 2840; x_wconf 86' lang='lat' dir='ltr'>prout</span> <span class='ocrx_word' id='word_1_350' title='bbox 726 2777 840 2826; x_wconf 89' lang='lat' dir='ltr'>dicit</span> <span class='ocrx_word' id='word_1_351' title='bbox 877 2777 1110 2826; x_wconf 91' lang='lat' dir='ltr'>Erasmus</span> <span class='ocrx_word' id='word_1_352' title='bbox 1149 2779 1196 2826; x_wconf 92' lang='lat' dir='ltr'>in</span> <span class='ocrx_word' id='word_1_353' title='bbox 1234 2777 1497 2841; x_wconf 88' lang='lat' dir='ltr'>parabolis.</span> <span class='ocrx_word' id='word_1_354' title='bbox 1573 2779 1748 2828; x_wconf 91' lang='lat' dir='ltr'>Datum</span> <span class='ocrx_word' id='word_1_355' title='bbox 1786 2780 2102 2845; x_wconf 88' lang='lat' dir='ltr'>Heidelberg.</span> <span class='ocrx_word' id='word_1_356' title='bbox 2375 2797 2445 2835; x_wconf 62' lang='lat' dir='ltr'>aa-</span> 
     </span>
    </p>
   </div>
   <div class='ocr_carea' id='block_1_3' title="bbox 991 3012 1573 3084">
    <p class='ocr_par' dir='ltr' id='par_1_3' title="bbox 991 3012 1573 3084">
     <span class='ocr_line' id='line_1_32' title="bbox 991 3012 1573 3084; baseline -0.003 -15"><span class='ocrx_word' id='word_1_357' title='bbox 991 3012 1080 3073; x_wconf 82' lang='lat'>47.</span> <span class='ocrx_word' id='word_1_358' title='bbox 1154 3014 1487 3084; x_wconf 85' lang='lat' dir='ltr'>Appendieis</span> <span class='ocrx_word' id='word_1_359' title='bbox 1526 3019 1573 3069; x_wconf 90' lang='lat'>6.</span> 
     </span>
    </p>
   </div>
   <div class='ocr_carea' id='block_1_4' title="bbox 704 3126 1865 3312">
    <p class='ocr_par' dir='ltr' id='par_1_4' title="bbox 704 3126 1865 3312">
     <span class='ocr_line' id='line_1_33' title="bbox 704 3126 1865 3207; baseline 0.003 -16"><span class='ocrx_word' id='word_1_360' title='bbox 704 3126 1205 3207; x_wconf 80' lang='lat' dir='ltr'>¹Wendelinus</span> <span class='ocrx_word' id='word_1_361' title='bbox 1251 3131 1865 3195; x_wconf 81' lang='lat' dir='ltr'>Pannitonsoris</span> 
     </span>
     <span class='ocr_line' id='line_1_34' title="bbox 775 3241 1815 3312; baseline 0.007 -22"><span class='ocrx_word' id='word_1_362' title='bbox 775 3241 1124 3292; x_wconf 87' lang='lat' dir='ltr'>baccalaureus</span> <span class='ocrx_word' id='word_1_363' title='bbox 1152 3249 1199 3293; x_wconf 85' lang='lat' dir='ltr'>et</span> <span class='ocrx_word' id='word_1_364' title='bbox 1225 3245 1402 3294; x_wconf 85' lang='lat' dir='ltr'>Cantor</span> <span class='ocrx_word' id='word_1_365' title='bbox 1428 3247 1476 3294; x_wconf 92' lang='lat' dir='ltr'>in</span> <span class='ocrx_word' id='word_1_366' title='bbox 1503 3242 1815 3312; x_wconf 84' lang='lat' dir='ltr'>Strassbergk</span> 
     </span>
    </p>
   </div>
   <div class='ocr_carea' id='block_1_5' title="bbox 822 3338 2456 3508">
    <p class='ocr_par' dir='ltr' id='par_1_5' title="bbox 822 3338 2456 3508">
     <span class='ocr_line' id='line_1_35' title="bbox 822 3338 1755 3406; baseline 0.008 -17"><span class='ocrx_word' id='word_1_367' title='bbox 822 3338 1153 3406; x_wconf 85' lang='lat' dir='ltr'>Magistro</span> <span class='ocrx_word' id='word_1_368' title='bbox 1193 3339 1480 3394; x_wconf 87' lang='lat' dir='ltr'>Ortvino</span> <span class='ocrx_word' id='word_1_369' title='bbox 1520 3342 1755 3396; x_wconf 79' lang='lat' dir='ltr'>Gratio</span> 
     </span>
     <span class='ocr_line' id='line_1_36' title="bbox 1028 3423 2456 3508; baseline 0.001 -20"><span class='ocrx_word' id='word_1_370' title='bbox 1028 3439 1240 3490; x_wconf 89' lang='lat' dir='ltr'>Salutem</span> <span class='ocrx_word' id='word_1_371' title='bbox 1279 3442 1554 3506; x_wconf 88' lang='lat' dir='ltr'>plurimam.</span> <span class='ocrx_word' id='word_1_372' title='bbox 1634 3506 1637 3508; x_wconf 88' lang='lat'>.</span> <span class='ocrx_word' id='word_1_373' title='bbox 2215 3451 2219 3454; x_wconf 86' lang='grc'><strong>’</strong></span> <span class='ocrx_word' id='word_1_374' title='bbox 2377 3423 2456 3500; x_wconf 49' lang='grc' dir='ltr'>35Ῐ</span> 
     </span>
    </p>
   </div>
   <div class='ocr_carea' id='block_1_6' title="bbox 221 3546 2363 3707">
    <p class='ocr_par' dir='ltr' id='par_1_6' title="bbox 221 3546 2363 3707">
     <span class='ocr_line' id='line_1_37' title="bbox 361 3546 2362 3619; baseline 0.009 -26"><span class='ocrx_word' id='word_1_375' title='bbox 361 3546 455 3595; x_wconf 91' lang='lat' dir='ltr'>Vos</span> <span class='ocrx_word' id='word_1_376' title='bbox 493 3546 721 3610; x_wconf 86' lang='lat' dir='ltr'>culpastis</span> <span class='ocrx_word' id='word_1_377' title='bbox 759 3565 836 3598; x_wconf 89' lang='lat' dir='ltr'>me</span> <span class='ocrx_word' id='word_1_378' title='bbox 875 3550 938 3598; x_wconf 65' lang='lat' dir='ltr'>inv</span> <span class='ocrx_word' id='word_1_379' title='bbox 962 3554 1203 3615; x_wconf 86' lang='lat' dir='ltr'>superiori</span> <span class='ocrx_word' id='word_1_380' title='bbox 1240 3554 1401 3604; x_wconf 91' lang='lat' dir='ltr'>littera</span> <span class='ocrx_word' id='word_1_381' title='bbox 1441 3558 1570 3619; x_wconf 88' lang='lat' dir='ltr'>quod</span> <span class='ocrx_word' id='word_1_382' title='bbox 1610 3563 1934 3609; x_wconf 85' lang='lat' dir='ltr'>atramentum</span> <span class='ocrx_word' id='word_1_383' title='bbox 1964 3569 2091 3610; x_wconf 87' lang='lat' dir='ltr'>esset</span> <span class='ocrx_word' id='word_1_384' title='bbox 2116 3562 2235 3610; x_wconf 89' lang='lat' dir='ltr'>mihi</span> <span class='ocrx_word' id='word_1_385' title='bbox 2262 3561 2362 3610; x_wconf 91' lang='lat' dir='ltr'>bal-</span> 
     </span>
     <span class='ocr_line' id='line_1_38' title="bbox 221 3631 2363 3707; baseline 0.007 -29"><span class='ocrx_word' id='word_1_386' title='bbox 221 3646 383 3679; x_wconf 87' lang='lat' dir='ltr'>samus</span> <span class='ocrx_word' id='word_1_387' title='bbox 431 3638 477 3679; x_wconf 85' lang='lat' dir='ltr'>et</span> <span class='ocrx_word' id='word_1_388' title='bbox 525 3631 737 3680; x_wconf 88' lang='lat' dir='ltr'>calamus</span> <span class='ocrx_word' id='word_1_389' title='bbox 783 3633 997 3682; x_wconf 85' lang='lat' dir='ltr'>bissinus</span> <span class='ocrx_word' id='word_1_390' title='bbox 1045 3642 1091 3684; x_wconf 95' lang='lat' dir='ltr'>et</span> <span class='ocrx_word' id='word_1_391' title='bbox 1136 3639 1336 3700; x_wconf 87' lang='lat' dir='ltr'>papirus</span> <span class='ocrx_word' id='word_1_392' title='bbox 1390 3655 1536 3688; x_wconf 89' lang='lat' dir='ltr'>aurea</span> <span class='ocrx_word' id='word_1_393' title='bbox 1576 3657 1633 3690; x_wconf 88' lang='lat' dir='ltr'>eo</span> <span class='ocrx_word' id='word_1_394' title='bbox 1673 3643 1804 3705; x_wconf 89' lang='lat' dir='ltr'>quod</span> <span class='ocrx_word' id='word_1_395' title='bbox 1844 3658 1932 3707; x_wconf 85' lang='lat' dir='ltr'>ego</span> <span class='ocrx_word' id='word_1_396' title='bbox 1975 3646 2110 3694; x_wconf 84' lang='lat' dir='ltr'>vobis</span> <span class='ocrx_word' id='word_1_397' title='bbox 2146 3647 2212 3695; x_wconf 89' lang='lat' dir='ltr'>ita</span> <span class='ocrx_word' id='word_1_398' title='bbox 2250 3660 2363 3695; x_wconf 90' lang='lat' dir='ltr'>raro</span> 
     </span>
    </p>
   </div>
   <div class='ocr_carea' id='block_1_7' title="bbox 336 3782 2456 3856">
    <p class='ocr_par' dir='ltr' id='par_1_7' title="bbox 336 3782 2456 3856">
     <span class='ocr_line' id='line_1_39' title="bbox 336 3782 2456 3856; baseline 0.008 -18"><span class='ocrx_word' id='word_1_399' title='bbox 336 3795 368 3822; x_wconf 81' lang='lat'>¹⁴</span> <span class='ocrx_word' id='word_1_400' title='bbox 390 3799 570 3839; x_wconf 80' lang='lat' dir='ltr'>trahere</span> <span class='ocrx_word' id='word_1_401' title='bbox 595 3812 737 3852; x_wconf 86' lang='lat' dir='ltr'>nuper</span> <span class='ocrx_word' id='word_1_402' title='bbox 761 3802 802 3843; x_wconf 82' lang='lat'>3.</span> <span class='ocrx_word' id='word_1_403' title='bbox 861 3799 896 3825; x_wconf 78' lang='lat'>²²</span> <span class='ocrx_word' id='word_1_404' title='bbox 918 3801 1039 3854; x_wconf 77' lang='lat' dir='ltr'>Mag.</span> <span class='ocrx_word' id='word_1_405' title='bbox 1066 3806 1106 3843; x_wconf 84' lang='lat'>3.</span> <span class='ocrx_word' id='word_1_406' title='bbox 1167 3803 1202 3829; x_wconf 82' lang='lat'>³⁰</span> <span class='ocrx_word' id='word_1_407' title='bbox 1223 3805 1491 3849; x_wconf 88' lang='lat' dir='ltr'>heildelber.</span> <span class='ocrx_word' id='word_1_408' title='bbox 1518 3810 1559 3846; x_wconf 85' lang='lat'>3.</span> <span class='ocrx_word' id='word_1_409' title='bbox 1815 3810 1849 3835; x_wconf 71' lang='lat'>³⁴</span> <span class='ocrx_word' id='word_1_410' title='bbox 1874 3811 2074 3856; x_wconf 71' lang='lat' dir='ltr'>Oztuio3.</span> <span class='ocrx_word' id='word_1_411' title='bbox 2134 3813 2172 3839; x_wconf 78' lang='lat'>³⁵</span> <span class='ocrx_word' id='word_1_412' title='bbox 2193 3813 2297 3855; x_wconf 80' lang='lat' dir='ltr'>S.P.</span> <span class='ocrx_word' id='word_1_413' title='bbox 2322 3816 2362 3854; x_wconf 85' lang='lat'>3.</span> <span class='ocrx_word' id='word_1_414' title='bbox 2454 3782 2456 3799; x_wconf 46' lang='lat'>¹</span> 
     </span>
    </p>
   </div>
  </div>
 </body>
</html>
