2456 4264
250 221 370 279 328
773 240 1052 271 HERMANNVS
1073 239 1336 269 NVENARIVS
1359 239 1503 268 GOMES
1524 238 1585 267 AD
1605 239 1864 268 LECTOREM.

248 384 476 434 exerceat,
526 376 659 421 modo
697 376 833 419 Deum
871 378 917 417 et
954 371 1196 417 Veritatem
1233 385 1290 417 ne
1327 377 1417 417 tam
1454 377 1622 416 temere
1657 372 1703 416 in
1740 370 1811 416 ius
1850 373 2010 418 trahat.
2085 372 2200 418 Cedo
2238 372 2384 431 facile,

248 456 298 495 ut
335 450 379 494 in
412 446 619 492 homines
655 443 980 499 debacchetur,
1027 442 1103 487 Dei
1149 456 1313 488 nomen
1359 441 1581 487 abhorreo
1630 442 1678 486 in
1715 447 1806 487 tam
1843 441 2002 488 frivola
2031 445 2384 501 concertatione,

248 527 338 565 tam
378 518 562 563 licenter
598 530 622 560 a
661 514 819 574 quovis
858 511 992 558 etiam
1028 511 1258 558 levissimo
1296 514 1476 558 homine
1511 511 1758 572 profanari.
1831 511 2108 559 Satisfaciam
2137 520 2283 560 tamen
2307 527 2385 574 pe·

252 587 488 634 titionibus
527 584 697 646 ipsius,
738 598 837 644 quae
874 597 928 629 ex
964 589 1092 629 tanto
1132 583 1365 643 desyderio
1403 580 1778 643 proficiscuntur:
1816 584 1862 628 in
1899 582 2045 629 lucem
2082 583 2304 645 prodibit,
2341 589 2386 629 et

249 673 349 704 sese
387 656 537 703 duello
577 654 759 701 obiiciet
794 654 937 699 Heros
976 667 1123 714 quem.
1145 655 1422 714 provocavit.
1496 653 1699 699 Denudet
1733 654 1822 699 iam
1857 654 2113 714 pharetram
2152 661 2222 700 tot
2258 665 2419 714 egre-5

249 730 337 788 giis
378 727 654 788 syllogismis
691 731 943 786 gravatam3
991 722 1142 784 siquid
1179 722 1339 782 hahet,
1387 730 1593 785 promat,
1642 723 1857 770 exoneret
1901 734 2021 771 nunc
2057 724 2133 770 illa
2168 724 2387 785 plaustra,

247 798 453 861 pluribus
491 796 687 843 elenchis
736 796 967 854 conferta,
1015 809 1148 856 quam
1183 794 1425 856 poematiis
1462 794 1654 856 Thespis
1689 794 1768 842 illa
1814 794 1957 841 fuisse
2001 802 2258 843 narrantur.
2330 794 2388 846 De

249 884 338 931 quo
376 862 546 915 tritum⁴
567 866 681 914 illud

710 938 879 985 Dicitur
917 943 961 983 et
996 935 1215 998 plaustris
1251 938 1427 984 vexisse
1463 942 1672 998 poemata
1707 936 1916 998 ThespiS‚

249 1011 453 1073 proferat
492 1016 715 1056 tormenta
750 1008 828 1055 illa
863 1008 1122 1070 magnifica,
1172 1008 1336 1070 quibus
1382 1007 1440 1068 (si
1479 1008 1571 1054 Diis
1612 1006 1775 1069 placet)
1811 1007 1883 1053 vix
1931 1008 2118 1055 culicem
2169 1007 2419 1056 conficeret

252 1081 424 1143 possit,
467 1081 687 1143 prodeant
712 1079 925 1141 Gigantes
962 1079 1038 1126 isti
1075 1079 1339 1141 terrigenae,
1385 1084 1432 1124 et
1463 1078 1711 1125 moliantur
1754 1078 1968 1125 adversus
2003 1094 2192 1141 superos
2228 1093 2388 1132 arcem,

249 1153 485 1214 Imponant
519 1150 642 1198 Pelio
681 1150 860 1203 Ossam,
908 1151 964 1197 ad
998 1149 1206 1197 ultimum
1242 1149 1503 1197 Parturiant
1537 1155 1736 1202 montes,
1773 1156 1986 1197 nascatur
2021 1150 2239 1197 ridiculus
2275 1165 2391 1197 mus.

248 1224 340 1270 Nos
377 1215 555 1269 interim
580 1222 775 1283 Pygmaei
803 1221 1101 1268 subsistemus
1116 1258 1126 1274 ‚
1166 1228 1212 1268 et
1236 1227 1443 1268 eventum
1467 1235 1559 1267 non
1583 1222 1682 1267 sine
1706 1222 1802 1268 risu
1827 1221 2243 1282 contemplabimur.
2303 1220 2391 1268 Mo-

249 1296 428 1341 minerit
465 1293 600 1340 etiam
636 1293 817 1339 interim
856 1293 1068 1354 egregius
1107 1293 1194 1339 iste
1231 1299 1278 1339 et
1313 1292 1542 1338 animosus
1567 1291 1774 1353 Cyclops,
1812 1307 1915 1338 cum
1951 1307 2035 1338 suo
2075 1291 2243 1350 (nescio
2282 1290 2391 1352 quo)

164 1403 173 1413 .
246 1365 529 1412 balbutiente
567 1357 865 1429 διδασκάλῳ,
905 1378 995 1425 quo
1033 1364 1230 1410 dictante
1267 1362 1338 1423 (ut
1373 1364 1482 1409 mihi
1519 1362 1711 1423 videtur)
1747 1364 1845 1410 haec
1870 1377 1950 1410 sua
1975 1364 2156 1410 heroica
2180 1362 2422 1423 figmenta!

250 1434 538 1497 conscripsit,
565 1449 650 1481 nos
674 1435 913 1496 Pygmaeos
940 1435 1112 1495 optimo
1139 1449 1239 1480 esse
1265 1435 1413 1481 animo
1439 1440 1485 1480 et
1509 1432 1710 1494 perbelle
1734 1447 1932 1495 sperare,
1960 1434 2136 1494 quando
2163 1433 2294 1479 nobis
2319 1432 2393 1479 ad·
2415 1436 2418 1437 ’

248 1521 406 1554 versus
431 1521 563 1553 ranas
587 1520 743 1567 pugna
779 1505 973 1552 ineunda
1010 1512 1102 1559 est,
1142 1519 1252 1566 quas
1290 1518 1415 1552 sacer
1450 1505 1751 1566 Hieronymus
1786 1511 1918 1551 vocat
1953 1518 2045 1556 eos,
2084 1505 2163 1566 qui
2188 1506 2233 1550 in
2258 1502 2394 1550 diale-

247 1579 375 1626 cticis
413 1578 604 1639 spinetis
630 1584 677 1623 et
700 1578 963 1638 sophisticis
989 1578 1190 1638 strophis
1218 1591 1296 1622 sua
1322 1577 1500 1636 ingenia
1525 1581 1743 1636 torquent
1767 1574 2079 1637 affliguntque,
2115 1575 2228 1621 nihil
2254 1576 2395 1621 scien-

251 1657 318 1696 tes
345 1655 390 1695 et
415 1648 624 1695 omnibus
652 1647 787 1694 rebus
813 1655 983 1694 temere
1009 1662 1111 1694 sese
1135 1649 1410 1708 ingerentes.
1472 1648 1557 1693 hos
1594 1652 1826 1708 comparat
1861 1647 1978 1708 pesti
2016 1660 2105 1708 qua
2140 1644 2394 1692 inter'alias

247 1721 461 1782 Aegyptii
486 1719 674 1765 fuerunt
697 1718 880 1772 afflicti;
918 1719 1004 1765 hoc
1028 1724 1098 1764 est
1122 1720 1330 1779 ignavum
1356 1717 1467 1764 illud
1491 1730 1629 1778 pecus
1655 1717 1886 1769 fucorum,
1926 1718 2005 1778 qui
2031 1717 2190 1764 alienis
2216 1710 2410 1778 opibus(

248 1805 341 1838 non
364 1792 557 1852 proprio
582 1789 738 1836 labore
764 1789 976 1836 foeliciter
1000 1789 1145 1835 vivere
1172 1789 1375 1850 cupiunt.
1411 1788 1710 1834 Meminerint
1734 1788 1789 1834 ad
1812 1802 1897 1835 nos
1921 1788 2033 1834 nihil
2061 1790 2251 1835 attinere
2277 1786 2397 1849 quod

250 1863 304 1909 de
329 1861 497 1908 Catone
535 1867 580 1907 et
615 1859 808 1907 Hercule
845 1874 937 1906 non
974 1860 1123 1906 minus
1159 1860 1312 1922 inepte
1338 1874 1471 1921 quam
1508 1866 1778 1919 arroganter
1812 1858 2086 1911 intulerunt,
2125 1873 2241 1920 quos
2277 1860 2402 1905 viros

249 1934 297 1979 in
333 1944 522 1979 numero
572 1931 875 1978 semideorum
926 1932 1138 1992 egregios
1184 1931 1325 1978 fuisse
1372 1936 1553 1978 constat
1601 1936 1648 1977 et
1694 1935 1928 1983 strenuoS‚
1976 1943 2172 1992 quorum
2208 1929 2398 1976 alterum

250 2004 547 2066 integerrima
591 2002 706 2055 vita,
761 2002 954 2049 alterum
990 2003 1179 2048 maxima
1224 2008 1270 2048 et
1317 2000 1660 2064 incomparabili
1706 2001 1890 2048 audacia
1943 2003 2142 2062 viguisse
2193 1999 2398 2047 historiis

250 2075 482 2140 proditum
520 2080 603 2120 est.
676 2073 767 2120 Nos
804 2086 911 2120 vero
949 2073 1185 2120 adversum
1209 2072 1393 2135 Epicuri
1428 2073 1483 2119 de
1519 2086 1662 2135 grege
1697 2086 1878 2134 porcos,
1916 2077 1995 2119 aut
2031 2073 2070 2118 si
2105 2073 2242 2119 mavis
2266 2076 2406 2119 canes¹

251 2146 474 2209 quosdam
499 2146 694 2193 Circaeos
721 2146 1002 2207 scripsimus,
1041 2146 1164 2191 omni
1201 2146 1373 2207 passim
1409 2144 1456 2190 in
1492 2158 1620 2192 caeno
1658 2157 1708 2190 se
1744 2145 1944 2205 turpiter
1978 2142 2250 2195 volutantes,
2289 2155 2399 2204 quo·

251 2232 352 2266 rum
389 2216 524 2264 nobis
560 2217 823 2278 incognitus
859 2229 1077 2263 numerus
1115 2229 1293 2278 semper
1329 2216 1429 2268 fuit,
1479 2217 1568 2261 nisi
1615 2214 1738 2277 quod
1772 2229 1894 2262 nunc
1930 2215 2045 2262 duos
2082 2217 2407 2276 protraxerunt

253 2303 306 2336 ex
342 2288 523 2335 theatro
560 2287 763 2335 virorum
800 2287 1002 2339 fortium,
1042 2301 1158 2349 quos
1194 2287 1432 2334 traducere
1470 2299 1623 2333 secum
1658 2284 1826 2332 vellent
1860 2288 1907 2332 in
1943 2285 2205 2332 barathrum
2229 2291 2276 2331 et
2300 2293 2402 2332 sen-⁴

250 2354 583 2420 fiffluffidffissi‘gg,‚
611 2353 619 2425 Ι
658 2358 799 2406 tinam
838 2372 1026 2406 suorum
1062 2358 1249 2410 virium,
1296 2357 1504 2405 videlicet
1537 2363 1591 2404 ut
1624 2357 1698 2404 hic
1735 2356 1843 2404 Cato
1893 2358 1974 2408 sit,
2024 2357 2160 2403 homo
2198 2356 2320 2417 frugi
2356 2357 2402 2403 et'

252 2433 446 2492 integer,
483 2430 561 2477 ille
585 2429 802 2478 Hercules
828 2431 895 2476 vir
931 2430 1210 2476 fortissimus
1249 2435 1296 2476 et
1330 2431 1521 2476 maximo
1559 2427 1708 2476 animo
1745 2428 1983 2490 praeditus·
2056 2427 2091 2474 Ο
2129 2427 2251 2478 Cato,
2291 2440 2398 2488 quo·

253 2502 387 2563 modo
412 2516 535 2549 nunc
559 2501 808 2563 Turpiliani
833 2499 1228 2548 Senatusconsulti
1264 2515 1445 2548 causam
1481 2498 1632 2546 dicere
1667 2499 1874 2561 cogeris?
1912 2498 2011 2555 Quo
2036 2513 2156 2545 nunc
2181 2496 2399 2550 excidisti.

253 2580 310 2621 ut
346 2575 393 2619 in
430 2587 481 2620 re
531 2573 691 2620 frivola
721 2579 784 2619 -et
830 2571 1159 2634 propemodum
1195 2571 1362 2634 puerili
1398 2585 1493 2618 rem
1532 2570 1800 2618 familiarem
1836 2572 2037 2633 turpiter
2073 2566 2409 2631 profunderes‘l¹

254 2645 369 2691 Num
406 2644 628 2691 cucullam
666 2643 912 2690 etiamnum
948 2643 1158 2696 induisti,
1196 2643 1315 2689 bone
1351 2642 1474 2694 Cato,
1513 2648 1560 2688 et
1594 2641 1740 2689 factus
1777 2655 1828 2688 es
1863 2641 2022 2688 alienae
2059 2640 2263 2703 pecuniae
2298 2652 2403 2702 pro*-

193 2743 198 2748 -
257 2715 413 2776 digus,
452 2715 530 2777 qui
565 2715 694 2776 prius
732 2729 791 2762 ne
828 2715 1098 2761 domesticas
1137 2714 1318 2776 quidem
1356 2715 1453 2760 sine
1489 2712 1764 2775 parsimonia
1803 2718 1850 2759 et
1885 2711 2148 2773 frugalitate
2185 2706 2405 2758 curabas?

258 2786 494 2843 Quomodo
531 2785 749 2848 periurii,
787 2784 1044 2838 calumniae,
1081 2785 1304 2837 infamiae,
1350 2784 1627 2836 dicacitatis,
1677 2783 1874 2831 levitatis
1910 2789 1957 2830 et
1992 2782 2094 2829 falsi
2131 2788 2285 2829 notam
2320 2794 2400 2838 noe

257 2859 368 2904 mini
403 2863 484 2904 tuo
521 2855 694 2918 imponi
730 2871 892 2919 passus
931 2857 1010 2904 es?
1046 2856 1241 2903 Posthac
1276 2870 1370 2902 non
1405 2856 1516 2902 mihi
1542 2854 1784 2903 Censorius
1809 2860 1888 2901 aut
1913 2855 2134 2902 Uticensis
2158 2851 2404 2904 vocaberis,

261 2928 339 2974 sed
375 2941 479 2974 vere
514 2927 726 2979 Porcius,
773 2928 820 2974 id
868 2933 940 2974 est
983 2918 1234 2988 porcarius,
1309 2928 1377 2973 Tu
1412 2940 1542 2978 vero,
1589 2925 1832 2979 Hercules,
1883 2926 2092 2971 Antaeum
2136 2931 2296 2971 nactus
2341 2929 2407 2975 es,

263 3013 458 3060 quocum
495 2998 657 3045 luctari
694 3000 861 3062 possis.
933 2998 1041 3045 Nam
1079 2999 1119 3044 si
1156 2998 1207 3044 ad
1245 2997 1428 3044 umbras
1466 2997 1699 3044 hominum
1735 2998 1948 3049 terreris,
1988 2995 2096 3058 quid
2131 2996 2220 3042 iam
2255 3004 2404 3056 pugna

263 3084 378 3130 opus
417 3070 517 3116 est?
554 3069 725 3116 Pudeat
761 3071 904 3131 igitur
941 3075 1010 3122 te,
1049 3084 1075 3116 o
1113 3068 1329 3116 Hercules
1365 3068 1554 3127 ficticie‚
1590 3074 1663 3114 tot
1699 3069 1988 3130 egregiorum
2025 3067 2288 3118 facinorum,
2323 3076 2404 3126 pu-

264 3140 367 3186 deat
403 3146 448 3185 te
483 3140 678 3187 nominis
714 3143 796 3192 tui,
835 3141 911 3202 qui
949 3142 996 3186 in
1036 3141 1390 3200 grammatistam
1426 3153 1583 3186 versus
1620 3139 1801 3191 diceris,
1841 3153 1975 3200 quem
2013 3137 2195 3184 obscuri
2221 3143 2267 3183 et
2289 3148 2400 3182 non-

265 3210 371 3256 dum
393 3210 478 3256 visi
502 3210 707 3257 homines
743 3225 889 3273 usque
926 3211 981 3258 ad
1018 3211 1142 3258 orbis
1179 3209 1370 3271 angulos
1406 3211 1567 3271 fugere
1604 3216 1867 3271 coegerunt,
1904 3209 2014 3256 adeo
2040 3223 2159 3255 nunc
2196 3206 2404 3270 tuiipsius
2448 3192 2456 3265 Ι

269 3280 503 3326 immemor
538 3280 709 3333 factus,
748 3288 801 3329 ut
835 3283 1048 3330 inertiam
1084 3288 1208 3329 tuam
1244 3282 1526 3329 lamentando
1564 3281 1695 3343 prodi
1729 3281 1883 3334 malis,
1922 3275 2323 3342 quamcerlando.
2359 3278 2405 3322 et

270 3351 376 3397 dum
412 3351 499 3397 hoc
537 3350 657 3410 agis,
708 3358 799 3398 tam
849 3368 899 3400 es
937 3354 1122 3414 ineptus
1159 3359 1206 3400 et
1240 3351 1483 3405 ridiculus,
1529 3358 1583 3398 ut
1627 3352 1724 3398 risu
1759 3366 1852 3399 non
1889 3350 2093 3397 homines
2129 3349 2290 3401 modo,
2334 3358 2405 3393 ve-

268 3422 506 3468 rumetiam
551 3421 753 3482 Iuppiter
811 3425 909 3484 ipse
957 3423 1126 3486 alioqui
1174 3423 1259 3471 tibi
1307 3424 1599 3471 charissimus
1647 3424 1813 3470 emori
1834 3421 2029 3484 possint.
2102 3419 2188 3467 Sed
2234 3412 2417 3478 valeant⁴
2454 3484 2456 3487 .

267 3491 345 3539 isti
381 3505 482 3548 cum
519 3505 602 3537 suo
639 3491 907 3546 Hannibale,
956 3508 1089 3556 quem
1137 3494 1223 3541 sibi
1268 3495 1424 3542 ducem
1470 3495 1830 3546 constituerunt,
1880 3493 1988 3540 caeci
2032 3491 2231 3543 luscum,
2277 3489 2456 3554 cuiusssj

270 3564 413 3609 vivam
448 3563 711 3621 imaginem,
761 3565 888 3610 cuius
935 3565 1229 3612 effoeminatos
1266 3572 1313 3612 et
1357 3579 1462 3612 vere
1499 3565 1747 3626 Campanos
1793 3577 1968 3615 mores,
2014 3563 2144 3609 cuius
2179 3558 2405 3624 perfidiam
2450 3565 2456 3614 l

272 3633 548 3699 plusquam
571 3632 783 3679 Punicam
819 3633 1123 3694 pulcherrime
1148 3636 1409 3684 Cucullatus
1433 3635 1654 3682 Hannibal
1680 3636 1915 3697 expressit.
1987 3634 2108 3680 hunc
2144 3632 2199 3679 ad
2233 3635 2406 3693 postre-
2451 3639 2454 3679 ἶ

265 3717 395 3770 βψω
430 3717 549 3750 unus
575 3701 725 3765 Scipio
763 3703 1004 3751 retundere
1039 3712 1205 3767 potest.
1277 3707 1441 3753 Lector
1475 3707 1608 3758 hone,
1645 3720 1703 3752 ne
1738 3712 1785 3752 te
1821 3711 2114 3756 commoveat,
2151 3702 2274 3765 quod
2298 3706 2406 3748 tam-
2451 3711 2454 3718 ’

2411 3138 2432 3174 4

389 3881 405 3910 ¹
435 3881 572 3925 Caedo
602 3885 697 3925 1.2.
754 3882 772 3909 ⁷
800 3883 1023 3938 Thespios
1053 3885 1093 3925 4.
1160 3881 1177 3908 ⁹
1207 3885 1321 3926 Hor.
1345 3887 1428 3927 art.
1447 3887 1570 3937 poet.
1589 3882 1687 3928 276.
1754 3855 1788 3910 ³i
1818 3884 1848 3924 i.
1874 3897 1913 3925 e.
1937 3882 2177 3925 calumniae
2208 3890 2404 3924 causam·
