2456 4264
243 917 546 971 EPISTULA
591 919 914 980 PASQVILLI
963 918 1206 970 ROMANl
1253 919 1334 970 AD
1380 919 1749 973 MARFORIVM
1797 922 2121 974 ROMANVM.

823 1131 1184 1199 Pasquillus
1220 1132 1546 1184 Marranus

1001 1221 1103 1268 exul
1140 1221 1368 1268 Romanus

870 1301 1174 1353 Marforio
1210 1303 1483 1354 Romano

62 1404 87 1438 5
909 1391 1136 1453 quondam
1161 1389 1350 1452 collegae
1379 1406 1462 1439 suo

1154 1472 1215 1516 .S.

2 1630 6 1636 ,
237 1577 357 1626 Satis
398 1582 443 1626 te
479 1576 643 1629 credo,
681 1576 892 1629 Marsori,
933 1591 986 1624 ex
1011 1576 1114 1624 Ciro
1154 1577 1385 1625 communi
1423 1579 1566 1626 amico
1605 1584 1767 1627 nostro
1794 1578 2085 1633 intellexisse,
2127 1595 2267 1643 quare

0 1652 7 1714 f
93 1648 224 1698 dulce
258 1650 421 1713 patriae
457 1654 632 1696 nostrae
670 1647 820 1695 solum
856 1648 1133 1711 relinquens,
1171 1649 1273 1696 exul
1300 1649 1462 1703 factuS‚
1500 1649 1547 1696 in
1572 1650 1831 1713 Hispaniam
1855 1651 2068 1712 primum,
2107 1652 2267 1700 deinde

0 1723 6 1739 '
93 1726 139 1770 in
175 1723 321 1770 varias
357 1718 569 1770 nationes
606 1719 934 1775 oberraverim;
982 1734 1139 1768 verum
1184 1720 1265 1768 ubi
1309 1735 1402 1768 non
1440 1720 1557 1769 bene
1593 1721 1792 1769 audieris
1829 1736 2014 1770 caussas
2050 1723 2138 1770 mei
2177 1725 2267 1771 dis-

0 1819 1 1823 =
44 1807 83 1842 ιο
99 1808 283 1847 cessus,
318 1791 518 1841 breviter
555 1798 741 1854 repeto:
781 1792 903 1855 quod
942 1792 1118 1840 scilicet
1155 1793 1462 1840 duodenarius
1489 1792 1790 1840 Cardinalium
1827 1808 2044 1841 numerus
2081 1795 2264 1842 minima

0 1903 4 1910 ,
92 1867 228 1914 etiam
276 1864 530 1913 sacerdotia
579 1863 919 1926 deglubentium
967 1865 1012 1911 in
1060 1865 1328 1912 immensum
1374 1866 1625 1912 excreverit
1671 1866 1929 1928 crescitque
1966 1867 2012 1912 in
2049 1865 2169 1920 dies;
2219 1873 2264 1914 et

0 1930 3 1935 ’
91 1936 216 2000 quod
249 1951 336 2001 pro
375 1935 567 1984 aedificio
606 1935 764 1998 templi
802 1935 891 1982 divi
927 1935 1049 1983 Petri
1098 1942 1225 1983 totus
1262 1936 1359 1983 fere
1396 1935 1678 1983 Christianus
1718 1936 1843 1983 orbis
1880 1936 2263 1998 indulgentiarum

0 2006 9 2044 ἕ
89 2007 240 2058 mulso
276 2008 524 2056 exhaustus
562 2013 655 2061 est;
699 2007 838 2054 tertio
877 2007 1001 2069 quod
1038 2006 1300 2055 dulcissima
1337 2007 1414 2055 illa
1451 2013 1497 2055 et
1534 2009 1792 2069 gratissima
1828 2008 2036 2056 Pontifici
2075 2011 2262 2071 triginta

89 2080 391 2129 Cardinalium
426 2079 624 2132 creatio,
663 2093 717 2126 ex
754 2093 843 2140 qua
882 2080 1128 2141 quingenta
1165 2079 1432 2127 ducatorum
1472 2079 1593 2127 milia
1629 2079 1825 2127 conflata
1863 2086 1994 2132 sunt,
2043 2079 2250 2129 Francis·

37 2169 77 2202 ¹⁵
95 2167 199 2201 cum
223 2151 485 2202 Urbinatem
510 2165 535 2198 e
560 2151 666 2198 sede
692 2150 839 2198 ducali
867 2151 1149 2214 propulerit;
1189 2158 1236 2198 et
1272 2150 1451 2198 demum
1489 2151 1754 2198 annat'arum
1791 2151 2060 2213 frequentia,
2100 2158 2262 2202 contra

91 2225 262 2274 Turcas
297 2224 494 2288 primum
534 2222 812 2284 excogitata,
852 2221 938 2270 iam
974 2237 1084 2271 vero
1122 2223 1169 2269 in
1206 2224 1446 2285 proprium
1483 2222 1660 2270 lucrum
1698 2235 1825 2269 versa
1850 2237 1921 2269 me
1948 2222 2058 2270 item
2084 2224 2260 2282 exulem

88 2297 264 2359 coegit,
310 2302 454 2360 prout
488 2295 544 2342 de
587 2293 781 2356 singulis
819 2294 955 2341 latius
994 2294 1095 2341 Ciro
1134 2301 1292 2342 nostro
1332 2294 1534 2357 exposui.
1610 2294 1774 2341 Verum
1811 2309 1903 2341 non
1940 2295 2090 2342 minus
2128 2296 2259 2344 video

89 2375 134 2416 te
171 2367 509 2417 severissimum
546 2366 804 2414 huiusmodi
841 2366 1191 2414 Romanensium
1243 2365 1664 2414 traditiuncularum
1713 2380 1978 2419 censorem,
2027 2367 2150 2428 quod
2186 2368 2258 2415 vel

87 2439 286 2503 epistola
310 2445 390 2487 tua
425 2439 483 2488 ad
507 2437 758 2486 Germaniae
786 2437 1014 2500 principes
1051 2451 1198 2500 nuper
1235 2438 1281 2484 in
1306 2438 1588 2500 Augustensi
1626 2444 1850 2485 conventu
1888 2437 2108 2486 collectos
2135 2438 2256 2487 edita

31 2506 73 2540 ²⁰
87 2511 218 2560 facile
253 2509 435 2577 probat.
498 2509 545 2557 vO
582 2524 715 2573 quam
752 2508 867 2556 fidus
905 2522 978 2563 es,
1016 2510 1221 2562 Marsori,
1261 2508 1537 2557 Germanicae
1574 2510 1770 2556 nationis
1797 2524 2059 2572 persuasor.
2119 2511 2259 2558 edidit

83 2585 131 2631 in
166 2582 314 2631 lucem
351 2588 399 2630 et
433 2582 565 2630 Girus
601 2587 757 2630 noster
794 2581 994 2629 eiusdem
1032 2581 1182 2643 gentis
1219 2583 1498 2643 gravamina,
1547 2580 1818 2643 opusculum
1868 2581 1988 2630 scitu
2035 2582 2247 2644 dignum:

84 2653 164 2702 sed
201 2653 403 2703 omnium
441 2668 543 2717 quae
579 2654 669 2701 huc
707 2653 1158 2715 pertinent-unicum
1197 2667 1387 2715 scopum
1434 2653 1778 2700 strenuissimus
1818 2652 1895 2700 ille
1932 2652 2144 2701 Febrium
2183 2669 2254 2701 sa-

85 2726 260 2790 tyricus
297 2731 563 2789 exporrecta
599 2725 752 2772 fronte
788 2725 995 2786 attingit,
1045 2725 1107 2771 ita
1154 2730 1205 2771 ut
1250 2738 1367 2787 pene
1411 2723 1521 2771 nihil
1571 2724 1631 2770 sit
1677 2724 1732 2771 ab
1781 2738 1835 2771 eo
1875 2738 1968 2771 non
2005 2724 2250 2772 salubriter

86 2805 297 2846 taxatum.
370 2796 513 2861 Spero
554 2795 744 2843 subinde
783 2796 854 2842 his
890 2799 1063 2843 nostris
1101 2795 1490 2843 exhortationibus
1529 2795 1678 2843 omnia
1716 2794 1761 2841 in
1802 2795 2044 2857 pristmum
2084 2802 2252 2844 statum

27 2877 67 2909 ΐ-
86 2882 367 2918 successura.
442 2868 616 2916 accedit
653 2866 774 2930 quod
812 2873 858 2913 et
895 2882 1042 2930 nuper
1077 2866 1265 2915 Carolus
1311 2882 1389 2914 rex
1439 2868 1639 2914 omnium
1688 2867 2054 2928 potentissimus,
2102 2867 2243 2916 totius

199 3048 220 3077 ¹
246 3051 405 3094 Marta
434 3050 605 3093 Latine
638 3053 686 3091 et
715 3049 968 3092 Romanice
1002 3053 1073 3092 est
1102 3048 1251 3104 Ratst,
1282 3049 1431 3106 «betete,
1464 3049 1702 3092 Marranzae
1732 3049 1890 3104 itaque
1922 3049 2042 3092 idem
2072 3050 2247 3105 signifi·

87 3126 166 3167 cat
185 3122 305 3178 quod
329 3122 606 3166 Germanice
627 3119 887 3175 Ratftbuuss.
920 3134 1027 3163 nam
1048 3121 1167 3163 nihil
1199 3121 1256 3163 ad
1286 3120 1374 3164 hoc
1404 3134 1570 3164 nomen
1600 3121 1828 3176 pertinere
1860 3124 1970 3175 puto
2003 3121 2121 3175 quod
2142 3121 2254 3163 Itali

85 3195 376 3251 Hispanique
395 3193 691 3249 proditorem,
713 3192 1035 3246 execrabilem,
1068 3192 1324 3246 bannitum,
1357 3192 1559 3235 Iudaeum
1580 3193 1680 3235 sinc
1703 3192 2002 3235 conversione
2023 3193 2256 3248 baptisma

84 3266 429 3322 succipientem,
459 3277 659 3306 marrano
688 3268 873 3306 vocant.
981 3263 998 3290 ³
1028 3264 1242 3306 Marsorii
1275 3276 1375 3306 cum
1406 3263 1643 3319 Pasquillo
1674 3263 2044 3319 frequentissimo
2075 3264 2253 3307 littera·

85 3350 185 3380 rum
205 3336 479 3380 commercio
501 3335 739 3378 coniuncti
759 3335 875 3377 socii
897 3348 1078 3388 nomen,
1102 3348 1130 3377 a
1150 3334 1314 3377 Martis
1336 3334 1434 3377 foro
1456 3335 1715 3388 deductum,
1747 3338 1903 3378 notum
1926 3341 2009 3379 est.
2083 3336 2101 3363 ⁷
2133 3336 2251 3390 Cyro

85 3411 128 3451 2.
142 3411 188 3451 3.
210 3407 274 3463 (ut
302 3408 453 3464 ubique
481 3408 544 3462 y).
661 3403 698 3432 ¹⁰
726 3404 939 3461 duoden]
974 3406 1066 3448 Tot
1095 3405 1280 3448 scilicet
1310 3405 1482 3449 Christi
1512 3405 1727 3461 discipuli
1759 3407 1958 3450 fuerunt.
1999 3407 2080 3450 sed
2111 3407 2251 3450 XIIII

85 3478 349 3539 cardinalec
371 3481 461 3522 iam
484 3490 593 3521 saec.
615 3476 744 3519 VIII.
767 3476 974 3529 fuerunt3
1006 3476 1250 3519 concilium
1269 3477 1531 3521 Baailiense
1553 3491 1643 3521 non
1665 3478 1765 3533 plus
1789 3492 1925 3533 quam
1944 3479 2124 3522 XXIIII
2147 3492 2247 3521 esse

83 3549 256 3606 voluit3
287 3550 406 3593 Sixti
426 3550 480 3595 V.
514 3548 783 3591 constitutio
814 3561 1050 3591 nnmerum
1070 3549 1197 3591 LXX
1217 3549 1391 3592 statuit.
1501 3548 1534 3578 ¹¹
1566 3549 1917 3605 deglubantium
1938 3553 1978 3593 1.
2070 3549 2103 3577 ¹³
2133 3554 2249 3591 immo

85 3623 222 3667 unius
253 3626 302 3666 et
330 3622 537 3677 triginta.
626 3619 662 3648 ¹⁶
694 3616 869 3675 excogJ
901 3622 1032 3669 immo,
1063 3622 1185 3675 lonae
1215 3624 1329 3662 ante.
1430 3619 1464 3647 ¹⁹
1496 3620 1649 3677 epist]
1682 3622 1954 3665 Exhortatio
1986 3621 2043 3663 ad
2072 3622 2244 3677 princi-

84 3707 168 3750 pes
195 3706 254 3737 ne
284 3694 334 3735 in
363 3693 555 3735 decimae
585 3692 932 3747 praestationem
962 3691 1276 3743 consentiant,
1318 3705 1360 3735 a.
1397 3691 1519 3736 1518.
1553 3692 1771 3749 evulgata
1810 3698 1855 3736 et
1895 3708 1924 3736 a
1952 3693 2083 3735 nobis
2114 3705 2240 3747 repe-

85 3765 177 3809 tita
202 3765 337 3808 Hutt.
370 3778 475 3820 opp.
504 3764 559 3807 V.
591 3778 635 3818 p.
668 3761 761 3807 168.
791 3775 889 3819 sqq.
922 3763 1053 3805 cuius
1085 3766 1319 3806 auctorem
1348 3764 1634 3808 Fridericum
1663 3766 1930 3808 Fischerum
1972 3765 2113 3806 fuisse
2152 3763 2246 3817 opi-

85 3848 184 3879 nor.
270 3834 306 3863 ²¹
338 3832 625 3891 gravamina]
658 3836 768 3877 Puto
798 3836 837 3880 Ιι.
860 3838 888 3879 l.
908 3848 991 3878 non
1021 3835 1396 3891 Wimpselinqiana
1423 3837 1617 3887 indicari,
1649 3839 1730 3879 secl
1755 3838 1829 3879 sub
1854 3837 1943 3879 Ciri
1961 3837 2119 3876 nomine
2144 3835 2243 3875 Cro-

88 3912 172 3950 tum
198 3907 429 3952 Rubianum
456 3908 655 3962 intelleffl'.
742 3905 830 3934 ²²²³
860 3904 1111 3961 satyricus]
1140 3907 1383 3953 Huttenus,
