2456 4264
333 270 452 327 346
789 290 1175 320 LAMENTATIONES
1198 290 1502 319 OBSCVROBVM
1522 291 1733 320 vmonvu
1756 276 2015 333 [VETERES]-

1352 471 1434 529 18.

690 598 730 644 G
790 591 1143 666 Maqister
1190 590 1553 647 Conradus
1605 592 1683 647 de
1730 590 2109 650 Zuiceavia

859 699 1104 752 domino
1141 704 1535 752 Hiltbrando
1573 703 1943 754 Mammacio

949 807 998 851 et
1032 804 1282 852 communi
1317 804 1531 851 omnium
1567 803 1843 852 latrinario

1274 900 1346 951 .S.
1373 901 1430 950 P.
1457 902 1521 950 D.
2058 905 2087 929 ⁴

479 1017 598 1066 Vidi
630 1018 825 1065 litteras
861 1020 997 1076 tuas,
1049 1029 1140 1064 nec
1175 1015 1283 1064 vidi
1312 1016 1492 1075 solum,
1542 1015 1632 1063 sed
1666 1015 1936 1076 diliqenter
1960 1017 2176 1077 perleqi.
2251 1016 2387 1066 Satis
2421 1030 2456 1067 ει

329 1103 716 1163 circumspectus
749 1104 801 1150 in
836 1102 982 1150 rebus
1017 1103 1129 1161 tuis,
1171 1114 1263 1149 nec
1299 1105 1371 1149 est
1405 1100 1494 1149 sub
1532 1100 1665 1149 orbe
1684 1101 1863 1149 lunari
1894 1100 2054 1172 homo,
2095 1103 2185 1163 qui
2205 1106 2296 1150 tua
2311 1102 2456 1167 possi?

264 1230 279 1250 ,
330 1188 455 1235 mali
495 1189 767 1235 consulere.
843 1187 994 1235 Felix
1041 1187 1129 1247 qui
1170 1186 1298 1234 nihil
1341 1185 1497 1234 debet.
1577 1184 1678 1244 Que
1727 1185 1949 1246 dubitas,
2000 1199 2063 1234 ne
2092 1186 2297 1246 feceris.
2373 1187 2456 1237 Hi<

330 1273 459 1320 enim
487 1271 730 1334 Coryceus
753 1277 838 1332 est,
879 1273 967 1332 qui
990 1271 1110 1334 plus
1145 1284 1268 1332 equo
1295 1271 1367 1319 ad
1388 1283 1492 1319 rem
1517 1271 1782 1320 auscultat.
1862 1264 2067 1338 [Lauda
2102 1272 2260 1332 iqitur
2285 1281 2456 1334 parce¹¹

333 1362 386 1404 at
401 1358 615 1418 parcius
639 1350 912 1423 vitupera]
991 1356 1102 1417 qu
1128 1360 1293 1404 tamen
1319 1357 1439 1417 quia
1463 1369 1571 1404 sum
1597 1356 1838 1417 Pompilii
1858 1356 2051 1404 circulo
2074 1344 2255 1418 septus,
2289 1358 2456 1419 pauci.⁴

315 1441 422 1490 ‘tibi
453 1443 759 1502 respondere
795 1443 944 1491 volui.
996 1442 1136 1490 Vale.
1178 1441 1262 1489 Eae
1291 1440 1633 1502 Noremberqa
1676 1435 1745 1508 [et
1782 1440 2141 1490 Cimmeriiste
2175 1455 2369 1504 semper
2405 1440 2456 1491 te

334 1527 501 1575 nebris
537 1519 769 1592 involve}
846 1525 993 1574 Anno
1032 1540 1129 1587 quo
1165 1540 1341 1588 supra.
2442 1533 2445 1538 ’

1360 1758 1442 1818 19.

837 1887 878 1934 (1
943 1881 1365 1938 Guillielmus
1425 1879 1974 1956 Capni'olambius
2051 1941 2060 1961 ,ι

757 1995 1033 2054 Mattheo
1072 1994 1495 2043 Mellilambio
1530 1963 1771 2053 canicide
1799 1993 1869 2059 ‚S.
1898 1993 1952 2042 P.
1982 1994 2043 2042 B.

474 2107 758 2169 Complures
793 2108 918 2157 milii
951 2109 1256 2169 retulerunt,
1298 2109 1379 2156 vir
1411 2108 1780 2169 humanissime,
1821 2107 2063 2156 Ioannem
2100 2108 2348 2157 Reucldin
2386 2107 2456 2156 Le

329 2206 448 2253 qum
495 2193 747 2241 doctorem
794 2194 942 2241 valde
986 2194 1106 2242 bene
1150 2198 1198 2242 et
1245 2207 1357 2242 cum
1405 2194 1640 2242 maximis
1689 2193 1961 2242 nonoribus
2007 2194 2058 2241 in
2106 2193 2229 2241 urbe
2264 2206 2456 2242 romane

333 2281 513 2326 contra
551 2277 804 2338 theoloqos
842 2279 1156 2327 Colonienses
1191 2283 1343 2327 stare.
1418 2279 1513 2342 hoc
1563 2283 1728 2327 tamen
1774 2291 1868 2339 eqo
1915 2279 2123 2327 credere
2163 2289 2456 2339 nequaquan

323 2376 546 2423 possum.
622 2362 753 2410 Nam
799 2357 845 2411 si
878 2362 1173 2424 Stutqardie
1229 2359 1395 2431 [apud
1427 2357 1633 2430 Suevos]
1677 2361 1905 2422 feliciter
1950 2363 2169 2423 habitat,
2220 2367 2268 2411 et
2311 2363 2382 2412 ibi
2423 2363 2456 2412 iu

333 2448 490 2505 letitia
527 2447 670 2507 vivit,
712 2461 811 2496 non
838 2453 1006 2509 potest
1039 2453 1178 2497 stare
1215 2451 1267 2497 in
1305 2449 1427 2498 urbe
1462 2461 1691 2496 romana.
1770 2447 1887 2506 Quis
1922 2449 2051 2496 enim
2089 2449 2142 2496 in
2179 2461 2277 2496 uno
2313 2452 2363 2496 et
2397 2459 2456 2496 eo.

335 2533 446 2579 dem
482 2533 592 2580 loco
628 2533 774 2580 simul
811 2537 858 2581 et
892 2535 1043 2581 semel
1078 2546 1182 2581 esse
1207 2535 1414 2595 posset?
1462 2532 1605 2581 Nihil
1651 2534 1835 2595 affers,
1880 2533 2017 2592 filius
2052 2546 2104 2581 es
2141 2538 2298 2594 terre,
2349 2533 2456 2595 lapi

266 2627 314 2669 bi
334 2617 540 2677 demque
575 2618 786 2677 mordes,
828 2623 875 2666 et
909 2613 992 2683 sall
994 2620 1192 2680 pientia
1228 2620 1279 2666 in
1307 2619 1494 2679 primis
1526 2623 1615 2667 tua
1651 2619 1765 2667 vino
1791 2618 2127 2668 obumbratur.
2194 2619 2335 2668 Vale.
2395 2617 2456 2667 Es

336 2700 703 2762 Francfordia,
745 2703 796 2750 in
824 2702 1058 2764 profesto
1091 2703 1346 2753 Pontiani.

1361 2936 1452 2995 20.

909 3065 950 3112 (I
996 3056 1349 3142 *Mattheus
1406 3057 1908 3115 Melli'lambius

916 3171 1270 3219 Guillzelmo
1319 3170 1795 3231 Capniolambio
1833 3170 1904 3219 .S.

480 3280 594 3328 Non
639 3286 740 3329 stat
785 3284 836 3330 in
882 3284 1003 3332 urbe
1040 3284 1273 3332 Romana
1312 3284 1540 3346 Capnion
1588 3285 1717 3345 ipse,
1767 3285 1858 3332 sed
1903 3284 2109 3345 quiescit
2157 3297 2219 3332 ac
2255 3282 2392 3330 sedet
2427 3271 2456 3330 ἰὼ

338 3363 664 3425 Stutqardia,
705 3367 940 3428 illumque
974 3370 1116 3418 iussit
1152 3370 1298 3419 Plato
1334 3370 1422 3419 sub
1461 3369 1644 3418 arbore
1667 3369 2026 3431 Porphyriana
2062 3369 2328 3429 quiescere.
2390 3365 2456 3414 Pe

339 3449 416 3496 tiit
450 3461 769 3509 sepenumero
805 3454 1129 3502 concordiam
1165 3468 1276 3503 oum
1313 3455 1578 3515 theoloqis,
1629 3467 1729 3502 non
1773 3455 1931 3503 solum
1970 3453 2252 3514 Moquntie,
2304 3452 2393 3501 sed
2425 3445 2456 3498 ii

341 3533 461 3582 urbe
496 3534 645 3581 etiam
686 3529 787 3601 [(ut
823 3532 1022 3603 audio)]
1064 3552 1296 3587 romana.
1370 3540 1482 3601 Ipsi
1515 3544 1682 3587 tamen
1721 3538 1940 3599 theoloqi
1967 3550 2263 3599 ,qenerosam
2295 3535 2456 3584 haber<

455 3699 473 3725 ²
502 3700 725 3753 Magister
754 3703 870 3741 omis.
893 3705 933 3742 2.
1033 3702 1050 3727 ³
1079 3704 1314 3745 Mamaceo
1336 3708 1378 3745 2.
1466 3703 1484 3730 ‘¹
1514 3707 1604 3746 Pro
1637 3709 1683 3746 et
1791 3705 2029 3746 latrinario
2058 3707 2102 3746 in
2131 3707 2174 3746 2.
2197 3709 2284 3745 est:
2322 3709 2456 3743 nouat

341 3771 546 3813 dictionii
575 3769 718 3814 fabzo.
806 3769 838 3796 11
869 3772 1176 3826 Nozenberga.
1199 3777 1239 3814 2.
1330 3773 1362 3799 ¹²
1391 3775 1530 3831 Anno*
1553 3787 1638 3826 quo
1670 3788 1820 3828 supra.
1852 3777 1966 3816 omis.
1989 3777 2031 3816 2.

454 3839 490 3867 ¹5
521 3841 746 3881 canieide.
778 3854 861 3882 non
889 3842 1015 3883 lzabet
1044 3845 1082 3883 1.
1198 3841 1234 3869 13
1265 3842 1484 3884 Coloniefi
1513 3846 1627 3887 omis.
1650 3847 1690 3884 2.
1797 3842 1886 3870 ²2²³
1915 3846 1984 3884 Ex
2013 3844 2316 3886 Franefordia
2345 3841 2456 3884 tutis

344 3914 456 3955 simo
486 3911 663 3962 Iudeozf‘
692 3915 834 3965 poztu.
857 3915 900 3952 2.
