2456 4264
627 295 664 328 6.
686 299 910 329 CORNELII
935 301 1147 333 s'roRA'rI.
1209 299 1241 331 7.
1265 296 1470 331 Α’ΒΒΕΒΤῙ
1491 303 1723 333 Acvmcxs.
2137 283 2257 342 195

14 545 23 561 .
87 551 115 560 Α.
1148 499 1196 559 7-

16 575 43 705 ξ
90 619 122 639 ’“
573 627 616 676 (ῑ
659 613 942 676 Frater
978 613 1362 677 Albertus
1408 616 1776 693 Acufieis

16 736 168 823 45?-
700 727 1036 796 Magistro
1076 727 1365 782 Ortvino
1406 728 1645 783 Gratio

0 831 48 944 ἒ
142 872 162 898 ·‚.
275 887 287 898 ἱ
1051 829 1286 880 Salutem.

20 947 38 981 ⁵·-
52 964 96 1006 ς
229 939 547 991 Honorabilis
584 943 675 999 vir,
716 957 879 1007 nuper
917 944 1046 993 venit
1072 943 1170 993 huc
1196 958 1292 993 una
1322 943 1502 1001 littera,
1542 960 1568 993 a
1596 945 1929 994 dominatione
1958 952 2114 996 vestra
2142 947 2261 996 mihi

20 1091 24 1102 ι
79 1026 344 1080 ‘datin-ta.
419 1026 480 1076 Et
518 1042 631 1076 cum
669 1026 825 1092 leticia
866 1029 1062 1092 aperui,
1114 1029 1224 1092 quia
1275 1030 1481 1093 cognovi
1529 1028 1741 1093 sigillum
1784 1035 2028 1089 vestrum,
2082 1038 2129 1081 et
2166 1032 2262 1096 legi

49 1110 394 1178 ‘ast-'intelligo
432 1112 563 1178 quod
592 1112 868 1162 Dominatio
906 1118 1065 1163 vestra
1107 1114 1239 1176 cupit
1277 1114 1407 1163 scire
1445 1114 1694 1178 quomodo
1735 1120 1896 1164 tamen
1936 1114 2161 1167 homines
2188 1116 2260 1165 lo-

54 1194 58 1195 *
85 1202 307 1267 *ntur
333 1197 413 1262 hic
438 1197 500 1247 de
528 1212 673 1247 causa
712 1197 826 1247 fidei
864 1199 992 1247 inter
1031 1213 1117 1247 vos
1144 1196 1426 1261 Theologos
1453 1204 1502 1247 et
1527 1199 1798 1249 Iohannem
1826 1198 2080 1250 Reuchlin.
2141 1201 2261 1250 Volo

39 1343 41 1345 ¹
85 1281 229 1335 Μὴ
261 1281 508 1340 scribere,
548 1283 634 1332 sed
675 1297 772 1331 non
812 1281 1003 1333 debetis
1041 1282 1161 1332 mihi
1198 1282 1387 1336 habere
1424 1299 1516 1348 pro
1557 1283 1699 1342 male,
1741 1286 1854 1349 quia
1892 1300 1990 1334 non
2031 1292 2146 1335 sunt
2171 1301 2263 1351 pro

46 1432 49 1433 ⁷
205 1383 240 1433 e
267 1372 447 1419 vestra.
524 1366 711 1417 Omnes
757 1367 930 1417 dicunt
981 1368 1115 1432 quod
1154 1367 1393 1432 Theologi
1433 1369 1619 1419 faciunt
1656 1361 1907 1420 Reuchlin'
1936 1372 2063 1420 sicut
2100 1371 2262 1436 scribe
2307 1411 2310 1414 .

23 1426 387 1520 tU-pbarisei
423 1453 654 1503 fecerunt
691 1453 914 1515 Christo,
955 1460 1003 1503 et
1041 1453 1173 1517 quod
1212 1454 1319 1518 ipse
1359 1469 1558 1519 semper
1596 1455 1687 1504 fuit
1724 1454 1914 1519 probus
1952 1458 2049 1514 vir,
2092 1463 2139 1505 et
2178 1457 2267 1506 fuit

24 1506 46 1580 Ῐ
83 1539 148 1596 h
171 1537 393 1590 Concilio
433 1537 646 1603 duorum
674 1539 1053 1604 Imperatorum.
1132 1538 1192 1587 Et
1229 1553 1317 1588 sua
1357 1540 1576 1589 iuristria
1617 1541 1795 1590 iuvavit
1832 1538 2010 1591 multas
2050 1542 2266 1591 civitates

24 1589 454 1729 *muri-incipe&
529 1624 591 1674 Et
647 1639 821 1674 omnes
871 1625 1170 1675 invenerunt
1218 1639 1330 1674 eum
1379 1624 1593 1688 probum
1644 1631 1693 1674 et
1738 1625 1948 1675 fidelem.
2025 1626 2085 1675 Et
2132 1626 2262 1690 quod

28 1743 41 1792 b
77 1707 326 1774 Magi
362 1709 583 1760 invident
620 1708 777 1775 glorie
814 1711 993 1774 ipsius,
1035 1715 1082 1759 et
1119 1709 1382 1759 voluerunt
1421 1726 1532 1760 eum
1573 1709 1826 1760 declarare
1865 1711 2137 1775 hereticum
2177 1727 2266 1776 per

28 1789 228 1861 §duvia
267 1799 317 1845 et
351 1793 616 1845 nullitates.
693 1795 901 1854 Quando
938 1794 1050 1844 talia
1090 1795 1262 1858 audie,
1303 1800 1423 1844 tunc
1461 1804 1607 1846 teneo
1645 1797 1954 1861 oppositum:
1997 1796 2092 1846 Sed
2133 1797 2282 1847 scitis>

49 1879 53 1890 ⁵
84 1878 217 1932 bene
253 1879 389 1946 quod
426 1878 568 1930 multi
605 1894 753 1930 canes
789 1879 1125 1944 superlatrant
1161 1895 1333 1930 unum.
1410 1880 1651 1930 Dixerunt
1699 1896 1859 1945 nuper
1908 1880 2006 1930 duo
2045 1881 2266 1946 Magistri

51 1966 343 2018 ‚vvenientes
379 1978 441 2016 ex
468 1952 685 2022 Colonia,
725 1971 774 2015 et
811 1980 940 2016 unus
979 1981 1038 2016 ex
1078 1967 1148 2016 eis
1186 1971 1260 2016 est
1299 1965 1589 2023 nobilitariS‚
1631 1965 1761 2030 quod
1803 1981 1976 2015 omnes
2004 1965 2085 2029 qui
2114 1971 2266 2029 agunt

0 2101 8 2110 ,,
89 2057 262 2101 contra
299 2048 559 2107 Reuchlin,
598 2056 712 2100 sunt
750 2052 1079 2100 communiter
1105 2051 1288 2115 Spurii,
1330 2050 1404 2100 vel
1443 2050 1669 2108 infames,
1711 2050 1785 2100 vel
1812 2050 2045 2100 Rusones,
2122 2049 2263 2108 Quod

82 2136 183 2187 {uit
218 2135 339 2186 mibi
376 2149 554 2200 magna
591 2136 907 2186 verecundia.
984 2137 1081 2186 Sed
1118 2137 1339 2201 ipsorum
1368 2151 1495 2186 unus
1522 2135 1758 2186 audacter
1784 2135 1906 2184 dixit
1932 2135 2062 2201 quod
2094 2150 2267 2186 omnes

61 2235 68 2239 ’
95 2221 473 2273 circumstantes
510 2221 802 2272 audierunt:
845 2221 1080 2280 ‘Domini‚
1121 2228 1174 2271 ut
1210 2221 1490 2285 intelligatis
1527 2219 1685 2286 qualis
1711 2221 1772 2270 sit
1797 2222 1887 2270 ista
1917 2236 2062 2270 causa
2092 2227 2264 2270 contra

42 2313 47 2325 ⁴
84 2305 359 2358 loannem
395 2305 668 2356 Reuchlin:
715 2305 796 2355 illa
846 2321 992 2356 causa
1042 2305 1213 2356 habuit
1256 2307 1555 2371 principium
1605 2322 1630 2354 a
1680 2305 1898 2354 Iohanne
1935 2305 2262 2364 I'selle1·korn,

36 2383 58 2459 &J
89 2393 177 2459 qui
211 2397 288 2443 est
322 2389 495 2441 similis
531 2406 588 2441 re
626 2396 675 2441 et
710 2392 913 2441 nomine
940 2397 987 2440 et
1012 2390 1242 2441 omnibus
1269 2391 1427 2441 modis
1467 2391 1582 2441 huic
1609 2390 1816 2443 Iohanni
1841 2390 2152 2440 Pfefferkorn
2179 2393 2262 2456 qui

36 2476 183 2545 &snit
215 2475 297 2527 hic
333 2491 446 2527 cum
485 2467 760 2540 forcipibus
798 2475 971 2526 calidis
1009 2475 1277 2527 laceratus:
1319 2478 1431 2542 quia
1473 2478 1617 2526 etiam
1658 2482 1732 2525 est
1758 2476 1937 2540 iudeus
1974 2475 2263 2539 baptizatus,

37 2622 59 2635 ἱ
92 2563 312 2614 aetiam
338 2566 547 2628 propter
586 2562 828 2626 nequitias
866 2577 989 2627 quas
1028 2561 1160 2618 fecit,
1202 2561 1466 2627 dereliquit
1503 2561 1648 2611 fidem
1689 2577 1843 2611 suam.
1909 2561 1969 2610 Et
1994 2563 2033 2610 si
2061 2561 2267 2611 deberet

38 2635 177 2706 §liic
210 2646 386 2699 sedere
422 2647 472 2696 in
510 2647 654 2704 turri,
696 2654 745 2697 et
781 2646 1050 2712 spiculator
1087 2647 1293 2697 deberet
1331 2663 1443 2698 eum
1483 2648 1794 2712 interrogare
1834 2645 1950 2711 quid
1992 2647 2119 2702 fecit,
2161 2648 2266 2712 ipse

93 2731 299 2785 deberet
346 2728 659 2802 non-‘minus
708 2733 936 2783 confiteri
987 2747 1132 2798 quam
1184 2732 1265 2782 ille
1317 2731 1457 2782 alius,
1536 2731 1646 2796 Ipse
1695 2731 1939 2794 instigavit
1988 2730 2267 2796 Tlieologos

50 2870 54 2874 .
95 2817 312 2884 (kimie,
351 2823 401 2869 et
434 2818 529 2883 ipsi
568 2818 715 2868 etiam
754 2819 1113 2883 instigaverunt
1151 2832 1279 2875 eum,
1322 2825 1370 2867 et
1408 2817 1670 2867 voluerunt
1707 2815 1860 2865 libros
1886 2815 2150 2880 Iudeorum
2179 2831 2267 2882 per

44 2908 243 2955 ‚totam
282 2901 560 2954 Almaniam'
594 2902 909 2954 comburere.
985 2902 1046 2953 Et
1096 2903 1190 2953 hoc
1239 2904 1467 2954 fecerunt
1514 2886 1777 2967 propterea
1829 2901 1959 2966 quod
2008 2900 2143 2965 Iudei
2183 2901 2266 2950 de-

97 2986 271 3040 berent
315 2989 483 3039 venire
531 2988 592 3039 ad
630 2987 913 3053 Theologos
961 2993 1008 3038 et
1058 2988 1301 3053 prefatum
1341 2986 1651 3038 l‘fess'erkorn
1692 3001 1803 3035 cum
1844 2999 2018 3048 magna
2061 2987 2265 3050 pecunia

44 3072 289 3173 'oceane
325 3073 572 3125 dicentes:
625 3074 939 3124 ‘Permittatis
988 3073 1107 3124 mihi
1144 3071 1299 3123 libros
1339 3088 1501 3122 meos:
1554 3088 1670 3122 ecce
1710 3070 1789 3120 hic
1828 3069 2017 3120 habetis
2056 3070 2264 3136 quadra-

49 3157 74 3205 ἶ
95 3157 228 3230 Βίου
281 3160 492 3210 aureos'.
569 3159 630 3208 Et
682 3157 830 3224 aliqui
879 3158 1013 3224 iudei
1069 3158 1322 3208 dedissent
1370 3156 1582 3208 libenter
1628 3163 1853 3212 centum,
1912 3154 2063 3221 aliqui
2113 3154 2243 3205 mille

48 3241 236 3301 &Nunc
283 3245 415 3295 venit
460 3243 703 3295 Reuchlin
754 3250 803 3294 et
849 3244 1101 3309 impedivit
1149 3242 1266 3293 illud
1316 3243 1650 3307 propositum,
1701 3247 1748 3291 et
1797 3242 1907 3291 irati
1955 3246 2070 3290 sunt
2117 3256 2267 3306 super

49 3396 51 3401 Ι
222 3332 325 3389 ,'et
360 3328 586 3381 scribunt
622 3328 777 3379 libros
816 3336 866 3380 et
903 3328 1238 3380 scandalizare
1290 3326 1458 3387 volunt
1506 3342 1642 3382 eum,
1696 3331 1742 3375 et
1791 3324 1961 3375 dicunt
2009 3325 2139 3389 quod
2197 3332 2269 3374 est

96 3409 358 3480 hereticus.
435 3414 592 3465 Etiam
642 3413 866 3464 scribunt
913 3413 1104 3480 aliquos
1155 3412 1311 3462 libros
1359 3412 1407 3461 in
1459 3411 1633 3466 latine,
1687 3417 1735 3460 et
1774 3409 2018 3460 intitulant
2057 3426 2140 3460 eos
2182 3425 2266 3458 no-

119 3495 124 3497 *
258 3499 491 3552 Iohannis
517 3498 844 3556 l’fefferkorn,
886 3514 997 3549 cum
1041 3505 1202 3549 tamen
1242 3498 1346 3561 ipse
1386 3511 1484 3545 non
1525 3497 1616 3545 scit
1654 3494 1971 3560 alphabetum
2011 3497 2060 3544 in
2102 3494 2264 3543 latino.

530 3654 542 3680 ⁸
574 3654 779 3697 Salutem
812 3657 927 3697 mnis.
953 3658 992 3695 5.
1082 3651 1100 3679 ⁴
1131 3652 1269 3695 litera
1299 3656 1338 3693 5.
1430 3651 1569 3693 michi
1601 3655 1640 3692 5.
1739 3651 1755 3677 ⁷
1787 3652 1843 3693 D.
1868 3654 1906 3691 4.
1921 3655 1960 3691 5.
2059 3652 2073 3671 '⁴
2107 3650 2265 3690 reueh-

109 3667 129 3697 ··:
210 3653 231 3684 ⁸
258 3656 321 3699 Η.
344 3659 436 3699 4.5.

90 3687 109 3739 ’ν
193 3729 236 3771 5.
321 3726 340 3753 ⁹
371 3725 514 3768 michi
545 3730 586 3768 5.
678 3723 709 3751 ¹¹
742 3738 768 3779 Q
790 3727 832 3766 4.
868 3738 892 3766 e
915 3729 955 3765 5.
1047 3721 1082 3750 ¹⁴
1113 3738 1139 3778 e
1163 3726 1204 3765 4.
1240 3737 1263 3764 e
1287 3727 1327 3764 5.
1419 3720 1453 3748 ¹⁰
1484 3721 1626 3763 michi
1647 3725 1687 3763 5.
1778 3720 1811 3748 ²¹
1847 3722 2005 3764 Iollan.
2032 3721 2202 3761 Reuch.
2226 3724 2264 3761 5.

57 3795 64 3811 ¹
100 3779 222 3839 ‚ma
250 3800 292 3840 4.
412 3796 536 3839 loha.
560 3795 750 3839 Pfeffer.
775 3799 816 3837 5.
934 3792 971 3821 ²²
1002 3793 1192 3836 Pfeffer.
1215 3797 1255 3837 5.
1353 3789 1391 3818 ²³
1422 3823 1432 3834 .
1456 3793 1580 3844 Quia
1611 3795 1652 3835 4.
1749 3807 1773 3846 e
1809 3795 1846 3833 4.
1881 3806 1904 3833 e
1937 3796 1976 3835 5.
2074 3789 2111 3815 ²⁴
2142 3789 2263 3829 ‹lele-

87 3910 89 3917 ,
177 3897 190 3919 ,
221 3868 264 3909 4.
349 3866 386 3893 ²⁶
419 3865 577 3922 quam]
615 3879 645 3923 q
672 3866 717 3919 (i.
741 3881 778 3908 c.
804 3866 934 3921 quod)
968 3867 1061 3908 4.5.
1150 3862 1187 3890 ²⁷
1217 3878 1243 3919 e
1277 3866 1318 3905 4.
1353 3878 1376 3905 e
1410 3867 1449 3904 5.
1540 3862 1576 3890 ²⁵³
1611 3863 1869 3904 colun-rere.
1897 3865 1936 3902 4.
2034 3859 2068 3885 ²⁰
2102 3859 2202 3899 l‘fo.
2225 3862 2264 3896 5.

103 3930 143 3963 ⁸
168 3936 369 3990 occulte,
401 3938 586 3981 dicctes.
611 3939 651 3978 4.
739 3936 776 3963 ³⁵
805 3936 1000 3979 Iohfines
1033 3938 1072 3977 4.
1106 3934 1263 3978 Iohan.
1287 3934 1475 3978 Pseffer.
1500 3937 1540 3974 5.

1797 4008 1859 4056 13
1876 4003 1899 4029 *
