2456 4264
276 263 392 319 164
568 286 662 314 10A.
687 285 1001 313 PEPERICORNI
1025 281 1252 311 DEFENSIO
1278 280 1458 308 CONTRA
1480 280 1688 308 FAMOSAS
1713 280 1754 307 0.
1776 280 1821 308 V.
1844 278 2111 307 EPISTOLAS.

269 431 367 465 non
404 418 730 475 confitentur:
770 417 972 475 possent
1017 413 1147 459 enim
1194 413 1287 458 tali
1329 411 1476 458 modo
1512 415 1559 457 et
1595 411 1646 456 in
1681 422 1922 457 summum
1950 409 2241 469 pontificem
2277 413 2326 455 et
2360 410 2413 456 in

270 502 531 558 Cesaream
572 499 881 545 Maiestatem
920 508 1182 555 omnesque
1219 496 1344 542 alios
1379 495 1556 542 mundi
1579 494 1845 554 principes
1888 493 2190 552 nequissima
2236 493 2407 553 expui.

268 585 308 630 (Ι
349 584 536 640 Quarto
573 594 670 628 non
708 586 778 627 est
814 582 992 627 mirum
1028 581 1075 627 si
1095 579 1244 636 Iudei
1264 592 1340 626 me
1374 577 1636 636 infamare
1668 581 1926 636 conentur,
1962 568 2078 625 'cum
2104 590 2196 636 eqo
2223 590 2411 624 omnem

263 680 433 715 eorum
470 666 720 712 maliciam
760 664 841 721 (id
876 665 1011 724 quod
1036 663 1332 711 Christianis
1359 662 1494 723 proh
1533 663 1680 710 dolor
1715 660 2010 721 quibusdam
2047 663 2290 709 immerito
2315 662 2412 709 dis·

256 751 457 812 plicuit)
507 751 558 796 in
605 749 725 795 meis
772 749 1025 809 opusculis
1069 753 1116 794 et
1161 749 1363 807 scriptis
1408 747 1659 794 verissime
1699 743 2049 805 patefecerim.
2127 744 2168 791 (Ι
2209 745 2407 804 Quint0‚
2432 758 2453 790 5

255 813 469 900 fuerunt
515 834 614 880 duo
651 833 821 892 Iudei,
874 834 961 892 qui
1003 832 1127 879 milti
1164 831 1307 890 furti
1349 830 1621 889 infamiam
1667 831 1926 890 imponere
1971 830 2259 889 voluerunt,
2309 842 2410 877 non

262 925 426 967 tamen
463 931 519 965 eo
556 918 702 964 modo
741 922 794 964 ut
830 917 1030 964 obscuri
1062 921 1240 964 contra
1279 928 1469 963 omnem
1505 915 1813 962 honestatem
1857 915 2173 973 coqitarunt,
2220 914 2313 961 sed
2345 926 2412 961 ex

261 1004 452 1051 invidia
491 1003 761 1049 dumtaxat
796 1006 843 1048 et
877 1001 1158 1048 execrabili
1190 1002 1409 1048 malicia.
1489 998 1701 1047 Nomine
1737 1000 1895 1058 iqitur
1930 1011 2045 1070 meo.
2063 998 2132 1045 ad
2156 1011 2409 1046 cameram

260 1087 565 1148 imperialem
602 1087 749 1133 citati
781 1087 993 1145 triyinta
1030 1085 1154 1132 mibi
1187 1098 1370 1133 aureos
1388 1087 1696 1146 florenorum
1711 1096 1815 1143 pro
1839 1084 2073 1143 expensis
2097 1083 2226 1129 dare
2248 1083 2415 1130 coacti

258 1176 372 1219 sunt
421 1175 469 1218 et
507 1171 760 1230 publicam
802 1169 986 1228 facere
1030 1171 1418 1227 revocationem,
1469 1169 1621 1215 sicuti
1655 1180 1756 1228 per
1801 1168 1937 1228 ipsos
1983 1167 2173 1215 iudices
2208 1180 2406 1225 camere
2423 1175 2456 1210 11

261 1255 536 1315 imperialis
567 1254 790 1314 probare
817 1267 1037 1314 possum.
1115 1253 1156 1300 (Ι
1194 1253 1363 1312 Sexto,
1404 1266 1480 1300 me
1516 1258 1691 1300 natum
1724 1253 1969 1312 profiteor
2004 1264 2070 1300 ex
2107 1253 2297 1312 optima
2322 1251 2407 1299 Iu-

261 1341 464 1405 deorum
492 1339 740 1398 proyenie
775 1342 823 1384 et
862 1339 923 1385 ab
962 1339 1082 1398 ipsis
1118 1342 1222 1385 tum
1260 1338 1429 1395 Iudeis
1465 1337 1611 1385 valde
1648 1341 1871 1384 amatum
1912 1333 2103 1396 fuisse,
2153 1337 2308 1384 veluti
2341 1342 2407 1384 te-

257 1424 411 1471 stibus
448 1423 638 1469 idoneis
672 1435 868 1482 semper
898 1422 1123 1482 probare
1149 1435 1355 1482 possum
1394 1426 1441 1468 et
1476 1421 1695 1469 maxime
1718 1422 1918 1469 illorum
1945 1421 2036 1481 qui
2056 1421 2196 1468 intra
2211 1433 2409 1481 paucos

260 1520 418 1554 annos
440 1510 556 1554 sunt
579 1506 843 1565 baptizati.
910 1505 950 1552 (Ι
976 1505 1210 1567 Septimo.
1278 1506 1394 1554 Cum
1421 1505 1607 1564 Iudeus
1630 1518 1797 1565 essem,
1827 1506 1938 1553 vixi
1956 1505 2228 1563 Iudeorum
2252 1517 2404 1564 more,

251 1589 364 1649 feci
397 1604 488 1650 que
526 1590 619 1637 alii
643 1588 904 1649 fecerunt,
956 1604 1149 1651 semper
1185 1596 1350 1638 tamen
1396 1591 1527 1638 citra
1572 1591 1911 1650 cuiuscunque
1955 1588 2168 1648 infamie
2213 1601 2403 1650 nevum,
2423 1600 2456 1636 u

258 1660 377 1735 quia
415 1678 467 1721 ut
503 1675 554 1721 in
584 1674 853 1733 proverbio
901 1675 1110 1734 dicitur,
1164 1677 1296 1722 inter
1340 1676 1486 1735 lupos
1531 1679 1911 1722 conversantem
1958 1674 2158 1722 ululare
2194 1677 2404 1735 oportet.

249 1763 429 1819 postea
465 1770 581 1805 vero
619 1757 704 1804 ubi
739 1757 1053 1807 Christianus
1087 1773 1193 1807 sum
1224 1758 1429 1818 factus,
1485 1771 1562 1805 me
1605 1759 1658 1805 in
1700 1758 1803 1816 fide
1838 1757 2093 1806 catholica
2130 1762 2179 1805 et
2214 1759 2265 1805 in
2303 1759 2407 1806 vita

255 1847 302 1888 et
338 1844 388 1888 in
424 1841 641 1888 moribus
676 1845 723 1888 et
759 1843 813 1888 in
852 1844 1077 1891 omnibus
1112 1826 1250 1890 meis*
1277 1843 1423 1890 rebus
1466 1843 1662 1900 fidelem
1701 1854 1764 1889 ac
1810 1843 1992 1890 iustum
2041 1843 2104 1890 ab
2151 1843 2288 1890 omni
2331 1843 2405 1890 in-

247 1924 410 1983 famie
447 1925 646 1972 macula
674 1929 995 1985 preservavi‚
1048 1928 1460 1987 quemadmodum
1506 1927 1688 1974 litteris
1723 1927 2025 1974 serenissimi
2058 1928 2221 1975 nostri
2255 1928 2404 1988 impe-

250 2010 440 2057 ratoris
476 2013 523 2056 et
561 1999 775 2057 aliorum
805 2012 1126 2071 principum,
1182 2016 1466 2059 nostrorum
1513 2012 1662 2059 etiam
1709 2014 1756 2058 et
1799 2016 2087 2059 senatorum
2134 2017 2182 2059 et
2226 2016 2456 2060 consu-n

250 2095 366 2152 lum,
410 2094 807 2154 optimorumque
841 2096 948 2142 sine
984 2109 1191 2143 numero
1217 2097 1441 2159 virorum
1467 2095 1746 2143 testimonio
1761 2094 1989 2154 probare
2009 2108 2227 2155 possum.
2291 2096 2403 2144 Hoc
2435 2091 2456 2158 1,

250 2178 450 2224 tandem
489 2178 730 2225 adiiciam
769 2191 869 2226 non
907 2193 1010 2227 esse
1037 2180 1377 2228 Christianum
1414 2181 1466 2228 in
1505 2180 1672 2238 terris,
1714 2179 1804 2239 qui
1825 2191 2068 2239 expresso
2092 2194 2182 2228 suo
2206 2181 2406 2228 nomine
2451 2190 2456 2229 ·.

249 2262 371 2308 mibi
393 2261 605 2321 aliquod
626 2263 815 2310 crimen
852 2265 979 2311 iuste
1016 2269 1105 2312 aut
1140 2277 1255 2312 vere
1291 2266 1549 2325 imponere
1584 2263 1788 2312 audeat.
1867 2262 1969 2322 Que
2005 2265 2163 2323 iqitur
2200 2266 2251 2312 in
2278 2266 2403 2313 dua·

249 2346 337 2393 bus
373 2346 469 2393 illis
505 2347 728 2406 epistolis
762 2353 945 2395 contra
981 2362 1058 2396 me
1093 2353 1141 2396 et
1176 2353 1360 2397 contra
1398 2361 1607 2397 uxorem
1643 2360 1801 2395 meam
1847 2348 2164 2407 scribuntur,
2217 2350 2401 2410 turpis·
2435 2338 2456 2403 J!-

248 2432 367 2477 sime
401 2435 518 2477 sunt
553 2435 600 2477 et
633 2433 1013 2481 mendacissime
1045 2435 1366 2493 excoqitata,
1410 2446 1442 2479 a
1478 2432 1649 2490 Iudeis
1682 2432 1916 2480 libentius
1951 2445 2102 2493 quam
2139 2445 2172 2479 a
2199 2396 2456 2499 pseudond

249 2514 538 2579 christianis
567 2513 808 2572 ferenda.
887 2516 929 2563 (Ι
969 2516 1157 2566 Octavo
1193 2516 1253 2565 Si
1296 2518 1468 2577 aliqua
1506 2529 1724 2577 unquam
1770 2515 1986 2575 infamie
2029 2518 2236 2565 malicia
2282 2518 2406 2566 mihi
2421 2508 2456 2561 1(

251 2611 364 2645 vere
400 2599 629 2657 imposita
667 2606 755 2648 aut
791 2615 1013 2661 unquam
1050 2604 1102 2649 in
1139 2615 1216 2649 me
1251 2603 1330 2650 vel
1365 2615 1397 2648 a
1434 2602 1618 2650 nostris
1641 2602 1720 2650 vel
1745 2601 1809 2648 ab
1835 2602 1950 2649 aliis
1973 2603 2179 2661 coqnita
2197 2601 2395 2662 fuisset,

250 2695 505 2741 nunquam
544 2685 850 2732 venerabiles
887 2687 1079 2735 domini
1120 2687 1338 2734 civitatis
1377 2685 1682 2734 Coloniensis
1726 2690 1775 2733 et
1819 2687 2077 2746 equissimi
2109 2688 2401 2747 provisores
2434 2660 2456 2764 ξ

250 2778 325 2812 me
372 2767 422 2813 in
470 2767 859 2827 hospitalarium
904 2772 1112 2820 maioris
1157 2771 1420 2833 hospitalis
1456 2770 1769 2830 deleqissent.
1846 2769 1889 2816 (Ι
1926 2770 2011 2819 Ex
2046 2771 2125 2818 liis
2160 2772 2318 2831 iqitur
2353 2775 2400 2818 et
2439 2774 2456 2819 ἑ

138 2859 232 2913 *maj
256 2851 370 2897 aliis
405 2864 505 2897 non
543 2851 666 2898 bene
699 2855 847 2901 sentit
881 2854 1102 2902 Ioannes
1126 2849 1148 2920 ΙΙ
1175 2854 1453 2914 Reucblin,
1502 2867 1662 2914 neque
1697 2854 2037 2913 Reucbliniste
2073 2855 2279 2915 quidam
2314 2842 2456 2931 εει-ἦέ

242 2936 443 2993 pienter
478 2936 773 2996 loquuntur,
815 2951 892 2985 me
928 2952 1028 2987 non
1065 2952 1169 2986 esse
1206 2939 1413 2998 diqnum
1452 2951 1562 2986 cum
1600 2952 1698 2998 quo
1734 2940 1839 2987 iuri
1870 2943 2011 2987 stare
2047 2939 2239 3000 debeat,
2281 2952 2397 2988 nam
2419 2935 2456 3008 ’ξι

250 3023 434 3077 quanto
463 3021 612 3079 peior
648 3022 754 3081 ipse
783 3021 977 3082 forem,
1028 3027 1170 3071 tanto
1200 3021 1416 3081 facilius
1451 3036 1528 3071 me
1555 3027 1727 3084 posset
1762 3025 2063 3072 convincere
2097 3030 2146 3072 et
2182 3025 2398 3073 iuridice
2432 3012 2439 3046 ³
2453 3044 2456 3045 ⁷

248 3104 523 3151 convictum
562 3110 741 3163 postea
788 3107 1086 3167 diffamare,
1138 3108 1194 3154 id
1238 3108 1375 3167 quod
1418 3107 1636 3155 Ioannes
1670 3107 1916 3157 Reucblin
1963 3109 2017 3156 in
2062 3109 2197 3157 bunc
2245 3120 2398 3170 usque
2428 3115 2451 3176 ς·

249 3183 376 3231 diem
414 3200 667 3247 nunquam
707 3194 959 3238 attentare
995 3196 1067 3239 est
1103 3205 1268 3240 ausus,
1356 3193 1539 3240 Verum
1575 3192 1676 3240 hac
1713 3193 1776 3240 de
1810 3206 1869 3240 re
1902 3194 2042 3241 satis,

2420 3264 2436 3284 Ἰ

805 3316 1211 3366 Exclamatio
1249 3319 1330 3365 ad
1364 3320 1824 3380 imperatorem.
1917 3315 1922 3321 '
2404 3283 2451 3403 ἑ

392 3421 430 3469 0
467 3424 783 3485 inclytissime
821 3442 883 3476 ac
919 3431 1290 3478 clementissime
1325 3433 1617 3493 imperator,
1660 3433 1748 3493 qui
1781 3433 1949 3480 omnia
1985 3433 2104 3481 iura
2128 3434 2180 3481 in
2206 3433 2393 3481 scrinio
2412 3419 2431 3439 ”’

238 3508 466 3566 pectoris
502 3509 577 3554 tui
610 3512 846 3558 conclusa
872 3518 1006 3560 tenes
1031 3520 1079 3561 et
1102 3516 1233 3562 nulli
1254 3529 1474 3575 unquam
1491 3518 1583 3577 pio
1608 3517 1857 3565 iusticiam
1883 3518 2157 3577 deneqasti,
2199 3518 2393 3566 intuere

248 3590 450 3637 obsecro
475 3604 621 3650 quam
646 3594 809 3653 impie,
840 3609 987 3654 quam
1011 3599 1321 3646 scandaloze
1345 3612 1408 3647 ac
1425 3601 1585 3659 plane
1607 3601 1915 3649 mendaciter
1937 3615 2016 3649 me
2037 3614 2231 3650 servum
2256 3607 2392 3650 tuum
2413 3610 2417 3614 “

243 3673 435 3731 fidelem
474 3674 554 3732 (ut
588 3677 742 3736 nosti)
782 3678 833 3724 in
871 3681 1064 3727 cunctis
1098 3683 1473 3729 sollicitatorem
1521 3682 1780 3741 infamare
1822 3687 1997 3734 conati
2041 3691 2182 3747 sunt,
2232 3696 2392 3747 neque

357 3867 373 3892 ⁹
403 3869 499 3919 flozr
527 3871 570 3910 2.
660 3868 696 3895 ²⁹
727 3871 893 3912 Ioanes
924 3874 963 3912 1.
