2456 4264
237 254 357 311 252
826 275 1062 304 EPISTOLAE
1084 275 1390 304 OBSCVRORVM
1411 274 1624 303 VIRORVM
1645 275 1792 303 NOVAE.

1259 453 1350 512 42.

611 580 652 627 (i
696 567 1073 648 Magister
1117 567 1493 628 Achatius
1539 566 1992 649 Lampirius

838 679 1170 747 Magistro
1209 679 1496 732 Ortvino
1535 678 1773 732 Gratio

965 778 1182 828 Salutem
1220 777 1482 843 plurimam
1520 779 1648 828 dicit.

375 894 525 944 Valde
563 892 742 949 miror,
781 892 853 940 vir
890 890 1208 950 honorabiliS‚
1248 892 1378 956 quod
1417 891 1630 941 scribitis
1668 891 1896 941 omnibus
1932 892 2075 942 sociis
2114 898 2162 942 et
2198 892 2415 944 Amicisr»

238 981 410 1029 vestris
448 978 652 1027 Romam
693 992 884 1034 versuS‚
935 982 982 1025 et
1030 975 1189 1025 solum
1237 976 1356 1025 mihi
1403 990 1503 1025 non
1552 975 1786 1034 scribitiS,
1836 990 1946 1026 cum
1995 974 2181 1025 dixistis
2216 981 2381 1027 tamen

238 1064 365 1128 quod
404 1062 547 1112 vultis
584 1076 778 1125 semper
815 1060 1033 1110 scribere
1070 1061 1203 1110 mihi.
1279 1060 1374 1110 Sed
1412 1059 1629 1110 intellexi
1666 1047 1864 1110 ab'uno
1903 1060 1985 1125 qui
2022 1062 2155 1110 venit
2193 1076 2252 1111 ex
2291 1060 2380 1110 Co-

236 1148 364 1196 lonia
413 1146 542 1211 quod
590 1145 742 1195 velitis
790 1144 999 1194 libenter
1046 1145 1230 1195 habere
1278 1144 1406 1193 illam
1457 1149 1612 1193 artem
1661 1144 1722 1193 de
1769 1159 1862 1208 qua
1903 1145 2003 1193 dixi
2039 1144 2176 1193 vobis
2213 1145 2379 1204 semel,

236 1231 460 1281 videlicet
495 1236 549 1279 ut
586 1231 771 1280 faciatis
810 1230 939 1294 quod
988 1244 1082 1278 una
1128 1228 1304 1279 mulier
1351 1228 1561 1278 maxime
1609 1233 1739 1277 amat
1775 1242 1942 1278 unum.
2019 1227 2245 1286 Quamvis
2282 1230 2378 1278 iam

232 1331 331 1365 non
369 1316 631 1379 scripsistis
668 1315 809 1371 mihi,
849 1320 1012 1363 tamen
1053 1312 1159 1361 volo
1197 1314 1388 1362 mittere
1426 1311 1591 1370 vobiS,
1640 1317 1694 1362 ut
1729 1313 1935 1378 potestis
1971 1313 2136 1362 videre
2174 1312 2380 1378 qualiter
2397 1330 2437 1366 ιο

234 1399 379 1464 diligo
418 1414 517 1448 vos.
594 1399 712 1457 Quia
761 1414 860 1447 non
908 1396 1016 1446 volo
1055 1396 1233 1461 aliquid
1272 1398 1320 1446 in
1359 1403 1548 1446 secreto
1587 1396 1774 1447 habere
1810 1412 1899 1461 pre
1936 1397 2099 1454 vohis,
2149 1398 2235 1448 sed
2272 1395 2381 1447 volo
2404 1447 2426 1474 u

230 1500 316 1534 vos
354 1484 533 1533 docere

2428 1443 2440 1476 ¹

626 1567 745 1630 ‘Que
783 1571 973 1616 ‘veteres
1011 1567 1155 1615 sociis
1264 1565 1498 1615 nolebant
1533 1565 1751 1630 pandere
1790 1564 1984 1614 charis’.

234 1654 319 1702 Est
356 1657 516 1701 autem
555 1650 664 1700 talis
700 1650 792 1699 Ars
829 1650 924 1699 illa.
1002 1649 1098 1700 Sed
1125 1665 1236 1699 non
1275 1650 1462 1700 debetis
1508 1649 1722 1713 aliquem
1760 1648 1967 1699 docere:
2019 1651 2130 1714 quia
2171 1652 2232 1700 ita
2272 1650 2382 1700 abs·
2441 1659 2448 1667 ⁶

234 1737 393 1786 condo
432 1735 589 1790 illam,
631 1735 761 1799 quod
802 1750 899 1782 non
938 1734 1111 1784 vellem
1149 1734 1330 1784 docere
1367 1733 1570 1783 fratrem
1610 1748 1802 1783 meum:
1850 1733 1962 1798 quia
2002 1733 2113 1798 plus
2150 1749 2260 1791 amo
2299 1751 2382 1785 vos
2401 1750 2437 1790 ιε

234 1837 379 1886 quam
418 1819 639 1868 Fratrem
690 1835 871 1868 meum.
948 1818 1080 1881 Ergo
1128 1818 1236 1867 volo
1285 1818 1582 1882 participare
1627 1816 1896 1867 vobiscum.
1970 1818 2030 1867 Et
2068 1818 2251 1868 faciatis
2288 1820 2440 1894 sicz„

232 1903 436 1962 Quando
484 1904 653 1952 amatis
700 1918 847 1951 unam
897 1902 1178 1960 mulierem,
1227 1908 1346 1952 tunc
1395 1902 1583 1952 debetis
1631 1917 1840 1967 querere
1889 1903 2136 1966 quomodo
2184 1909 2384 1954 vocatur
2415 1888 2439 1899 '⁶

231 1990 336 2053 ipsa
384 1994 430 2037 et
477 1986 724 2052 quomodo
773 1991 973 2036 vocatur
1010 1987 1167 2036 Mater
1216 1988 1334 2036 eius.
1411 1986 1471 2035 Et
1514 2001 1756 2051 ponamus
1802 2001 1969 2036 casum
2027 1987 2155 2053 quod
2213 1989 2386 2038 amatis
2435 1993 2441 1995 '

231 2088 376 2122 unam
416 2087 511 2136 que
548 2076 749 2120 vocatur
775 2070 992 2120 Barbara
1033 2077 1081 2120 et
1118 2076 1273 2120 mater
1311 2072 1418 2120 eius
1441 2075 1645 2119 vocatur
1671 2069 1807 2120 Elsa:
1847 2076 1964 2120 tunc
1991 2073 2205 2136 queratis
2230 2088 2383 2123 unum

233 2157 427 2207 Crinem
465 2155 524 2204 de
563 2156 720 2219 capite
758 2155 908 2218 ipsius
946 2154 1163 2219 Barbare
1204 2161 1251 2205 et
1288 2155 1483 2220 quando
1522 2154 1711 2204 habetis
1747 2153 1882 2204 illum
1923 2154 2147 2214 Crinem,
2198 2148 2456 2239 debetisaeol

233 2257 338 2291 esse
386 2241 622 2289 contritus
670 2244 717 2289 et
765 2239 1019 2289 confessus
1066 2239 1138 2289 vel
1179 2240 1239 2289 ad
1278 2241 1440 2289 minus
1479 2238 1644 2289 dicere
1681 2238 2045 2290 Confessionem
2084 2239 2408 2304 generalem,

232 2325 415 2375 Deinde
442 2324 626 2373 faciatis
652 2339 799 2372 unam
827 2324 1090 2387 Imaginem
1132 2323 1191 2373 de
1219 2324 1340 2373 Cera
1378 2325 1591 2387 virginea
1631 2328 1679 2373 et
1714 2324 1904 2373 faciatis
1941 2323 2108 2388 legere
2144 2331 2246 2376 tres
2271 2326 2383 2375 mis·

232 2425 309 2459 sas
335 2410 546 2473 desuper
584 2408 780 2471 ligando
807 2407 941 2457 illum
970 2408 1166 2460 Crinem
1206 2409 1391 2458 circum
1432 2406 1612 2457 collum
1650 2409 1816 2473 ipsius,
1891 2409 2066 2459 Postea
2104 2424 2203 2458 uno
2242 2425 2383 2461 mane
2442 2443 2445 2447 >

232 2494 437 2543 audiatis
474 2494 610 2556 prius
649 2494 871 2548 missam,
914 2493 1090 2542 deinde
1128 2494 1378 2556 accipiatis
1404 2491 1560 2542 Ollam
1602 2508 1776 2542 novam
1815 2494 2068 2544 viti-eatam
2109 2509 2221 2543 cum
2259 2509 2384 2560 aqua

234 2583 280 2626 et
317 2577 501 2626 faciatis
528 2578 694 2639 Ignem
733 2578 782 2624 in
821 2592 917 2626 una
946 2579 1147 2627 Camera
1188 2576 1349 2626 clausa
1391 2576 1604 2640 undique
1643 2583 1691 2626 et
1727 2578 1913 2627 faciatis
1938 2578 2126 2627 fumum
2155 2579 2215 2628 de
2242 2578 2437 2634 thurea

233 2668 280 2710 et
315 2661 589 2727 incendatis
624 2676 771 2710 unam
813 2661 1067 2710 candelam
1106 2661 1166 2709 de
1205 2676 1318 2710 cera
1357 2676 1505 2718 nova,
1545 2662 1592 2710 in
1633 2677 1727 2726 qua
1767 2667 1840 2712 est
1875 2662 2122 2712 modicum
2163 2663 2222 2713 de
2261 2663 2425 2732 Can-„4

233 2745 340 2795 dela
377 2745 608 2809 paschali.
684 2745 870 2795 Deinde
909 2745 1080 2794 dicatis
1116 2746 1259 2794 istam
1288 2745 1685 2795 Coniurationem
1721 2760 1871 2810 super
1908 2746 2201 2811 Imaginem:
2243 2732 2407 2807 ‘Con-‘j

231 2830 340 2878 iuro
378 2834 425 2878 te
453 2829 573 2879 Cera
613 2844 702 2893 per
740 2830 967 2878 virtutem
1007 2829 1085 2879 dei
1122 2830 1485 2892 omnipotentiS,
1524 2834 1614 2894 per
1651 2845 1826 2880 novem
1865 2830 2046 2880 choros
2079 2831 2400 2896 angelorum„

233 2928 320 2976 per
351 2908 586 2971 vvirtutem
625 2913 869 2962 Cosdriel:
920 2912 1202 2962 boldriach:
1250 2914 1444 2963 tornab.
1496 2914 1666 2964 Lissiel
1711 2915 1915 2964 farnach
1965 2916 2127 2981 pitrax
2166 2921 2213 2965 et
2251 2902 2388 2985 Star-'‚

231 2997 343 3053 nial,
384 2998 513 3062 quod
551 2997 669 3047 velis
706 2997 825 3045 mihi
862 3003 1203 3061 representare
1240 2999 1290 3046 in
1330 2999 1462 3047 omni
1500 2997 1769 3048 substantia
1809 3004 1857 3048 et
1882 2999 2236 3063 corporalitate
2261 2995 2434 3051 Bar-'³⁰

232 3080 402 3129 baram
439 3081 574 3146 Else‚
626 3086 680 3131 ut
717 3080 914 3131 obediat
950 3082 1071 3130 mihi
1107 3082 1158 3129 in
1197 3081 1426 3131 omnibus
1465 3097 1558 3146 que
1596 3081 1737 3132 volo'.
1812 3084 1987 3133 Postea
2027 3083 2255 3133 scribatis
2293 3072 2386 3133 cir·⁵<

234 3179 345 3212 cum
383 3171 528 3228 caput
573 3167 804 3230 imaginis
851 3166 942 3230 hec
988 3166 1186 3214 nomina
1235 3180 1346 3214 cum
1396 3165 1506 3214 stilo
1554 3172 1791 3228 argenteo
1838 3166 2030 3217 ‘Astrah
2069 3166 2107 3234 †
2143 3167 2309 3217 Arnod
2345 3165 2384 3234 †

234 3246 433 3295 Bildron
470 3247 507 3313 †
544 3248 696 3313 Sydra
734 3248 786 3316 †’
825 3250 885 3298 Et
922 3251 991 3298 sic
1028 3251 1221 3313 ponatis
1268 3249 1527 3311 imaginem
1576 3251 1625 3298 in
1665 3250 1810 3324 ollam
1849 3256 1897 3301 et
1933 3265 2127 3315 aquam.
2200 3252 2260 3301 Et
2296 3266 2390 3316 po·

234 3331 332 3378 nite
386 3330 446 3378 ad
500 3332 681 3393 ignem.
755 3334 815 3382 Et
872 3333 1040 3383 dicatis
1098 3334 1238 3382 istam
1299 3333 1696 3383 Coniurationem
1754 3333 1983 3384 ‘Coniuro
2034 3340 2108 3392 te,
2166 3335 2381 3399 Barbara

234 3412 370 3476 Else,
422 3429 511 3476 per
558 3416 784 3465 virtutem
835 3416 912 3466 dei
950 3418 1322 3482 omnipotentis,
1373 3433 1463 3482 per
1501 3434 1676 3468 novem
1715 3418 1895 3468 choros
1933 3418 2245 3482 angelorum,
2293 3430 2430 3492 perhas

234 3497 460 3546 virtutem
500 3497 716 3547 Cosdriel
753 3499 1008 3550 boldriach
1046 3500 1222 3550 tornab
1259 3501 1426 3558 lissiel,
1467 3502 1667 3552 fornach
1707 3504 1867 3567 pitrax
1895 3508 1943 3552 et
1968 3503 2182 3561 starnial,
2223 3508 2270 3553 et
2294 3515 2382 3567 per
2443 3566 2456 3590 ,

241 3688 245 3690 ,
347 3649 364 3675 ²
394 3651 453 3691 M.
478 3652 519 3698 4,
532 3653 572 3690 5.
661 3649 679 3675 3
708 3651 768 3691 M.
794 3654 886 3694 4.5.
975 3651 993 3678 4
1025 3654 1069 3695 S.
1091 3655 1142 3694 P.
1165 3655 1222 3694 D.
1247 3655 1287 3694 4.
1300 3658 1340 3695 5.
1428 3654 1445 3679 ⁶
1476 3655 1650 3696 Rhome]
1670 3659 1710 3697 5.
1798 3656 1938 3697 michi
1957 3658 1999 3698 5.
2031 3662 2075 3698 et
2092 3658 2155 3698 sic
2173 3661 2201 3698 2
2221 3671 2314 3711 sqq.
2335 3657 2380 3697 11.
2433 3651 2456 3708 'il

232 3719 249 3745 ⁹
284 3748 296 3760 .
316 3718 514 3770 Videlie3
548 3721 589 3759 4.
603 3723 643 3760 5.
734 3718 769 3745 ¹5
801 3752 810 3761 .
835 3721 956 3771 Quia
985 3724 1026 3763 5.
1114 3723 1226 3763 Amo
1258 3726 1298 3764 4.
1386 3722 1422 3750 ¹⁸
1451 3722 1527 3777 Et]
1562 3724 1652 3764 Sed
1683 3729 1723 3766 5.
1813 3724 1846 3751 ¹⁹
1879 3738 1965 3779 que
1988 3728 2029 3769 4.
2120 3757 2130 3767 .
2154 3727 2254 3768 Tfic
2285 3726 2378 3766 45.
2407 3735 2456 3766 ,υ

231 3788 269 3816 ²⁷
299 3787 624 3830 Coniuratioue
654 3792 693 3832 5.
810 3788 847 3815 ³⁰
876 3790 1016 3831 michi
1045 3795 1085 3832 5.
1202 3790 1238 3817 31
1268 3792 1386 3833 Else.
1411 3794 1452 3833 4.
1559 3793 1699 3834 miehi
1730 3798 1771 3836 5.
1879 3797 1905 3848 ἴ]
1931 3798 1972 3836 4.
2080 3794 2117 3821 ³²
2145 3795 2309 3849 Astrap
2337 3796 2378 3839 5.
2431 3792 2456 3818 ³⁵

231 3859 267 3885 ³5
299 3858 403 3901 Else
436 3861 476 3902 4.
564 3857 600 3885 ³⁸
629 3858 879 3900 Boldriaeh
909 3861 1090 3903 Toznab
1121 3861 1283 3902 Lissiel
1313 3860 1521 3905 Foznaeh
1550 3863 1710 3904 Pitrax
1742 3868 1787 3905 et
1818 3864 2038 3906 Starnial.
2060 3868 2103 3909 5.
