2456 4264
252 265 372 324 266
491 305 494 310 ·
827 291 1063 318 Eris'roLAE
1089 290 1394 319 OBSCVRORVM
1415 290 1626 318 VIRORVM
1649 291 1797 319 NOVAE.

250 422 342 484 vite
379 422 709 470 innocentum.
784 418 843 466 Et
880 419 948 466 sic
984 433 1074 482 per
1113 425 1298 483 septem
1335 420 1429 468 iam
1468 433 1621 468 annos
1659 426 1927 484 rapuerunt
1964 426 2012 469 et
2060 425 2387 469 tractaverunt

249 505 475 553 hincinde
514 505 745 552 miserum
784 517 950 551 senem
979 502 1243 552 Iohannem
1270 503 1509 553 Reuchlin
1531 521 1540 551 :
1582 509 1629 552 et
1654 505 1746 553 nisi
1772 506 2078 569 omnipotens
2105 504 2224 553 deus
2249 520 2385 553 aver-

247 590 385 638 tisset
422 587 538 636 illud
576 586 772 643 malum,
814 587 1014 635 omnino
1036 587 1369 650 ‘devorassent
1407 603 1534 637 eum.
1609 587 1668 636 Et
1705 603 1802 636 non
1839 594 1998 652 potest
2025 590 2215 652 exponi,
2256 589 2384 653 quod

246 671 484 722 Reuchlin
522 672 583 720 sit
618 671 698 721 ille
735 672 879 734 lupus
916 686 1091 734 rapax:
1132 672 1242 735 quia
1280 674 1327 721 in
1366 678 1463 721 tota
1504 673 1594 721 vita
1633 687 1718 721 sua
1746 673 1988 722 nerninem
2028 674 2201 736 rapuit,
2241 672 2288 721 id
2315 677 2387 722 est

248 757 492 806 neminem
531 755 650 805 falso
690 757 935 806 accusavit
970 755 1045 805 vel
1084 762 1251 805 contra
1292 757 1436 805 vitam
1463 762 1544 806 aut
1569 757 1748 806 famam
1787 759 1888 806 eius
1928 758 2066 806 dictis
2093 757 2166 806 vel
2191 758 2426 821 scriptiss

249 842 360 906 egit.
435 842 527 891 Sed
570 841 850 898 attendatiS,
891 841 1005 905 quid
1045 847 1221 890 sonant
1257 843 1508 906 sequentia
1549 841 1723 890 verba:
1766 841 2017 891 “Introivit
2057 843 2104 890 in
2144 841 2265 891 ovile
2306 857 2384 891 ve-

249 925 449 976 strum'’.
491 925 612 984 Quia
638 925 717 974 ille
737 925 895 974 honus
915 924 1154 975 Reuchlin
1176 941 1427 989 nunquam
1447 927 1640 975 intravit
1660 927 1874 976 studium
1895 925 2210 976 Coloniense:
2238 928 2385 975 immo

249 1027 497 1076 nunquam
536 1011 704 1060 habuit
742 1026 910 1060 curam
950 1011 1009 1060 de
1035 1010 1298 1074 Theologis
1326 1010 1698 1060 Coloniensibus
1735 1011 1810 1061 vel
1848 1011 2051 1061 ecclesia
2089 1009 2384 1066 Coloniensi,

247 1097 329 1146 sed
370 1096 540 1146 hahuit
576 1094 666 1144 alia
705 1109 851 1158 agere
888 1097 1084 1145 maioris
1131 1095 1376 1146 utilitatis:
1428 1096 1559 1160 Ergo
1607 1097 1710 1161 ipse
1756 1112 1855 1145 non
1903 1101 2064 1161 potest
2115 1095 2211 1144 dici
2259 1110 2386 1145 unus

248 1198 304 1231 ex
344 1180 436 1230 illis
473 1181 601 1245 lupis
639 1180 913 1245 rapacibuS,
954 1180 1013 1229 de
1052 1180 1228 1245 quibus
1254 1180 1639 1244 Lichtenherger
1677 1182 1837 1238 sentit,
1878 1182 1960 1246 qui
1997 1180 2142 1230 debet
2180 1195 2285 1230 esse
2325 1196 2441 1231 exio

249 1266 357 1315 ovili
385 1265 672 1316 Coloniensi.
714 1266 1112 1330 Consequenter:
1155 1266 1311 1315 “Nam
1352 1265 1654 1330 temporibus
1692 1267 1864 1316 vestris
1902 1271 2142 1330 exurgent
2178 1280 2300 1315 nova
2340 1272 2387 1314 et
2445 1323 2449 1327 ¹

248 1351 515 1401 inaudita'':
564 1351 697 1400 Bene
748 1359 903 1400 “nova
945 1356 991 1399 et
1030 1348 1287 1407 inaudita”,
1338 1351 1458 1409 Quia
1498 1366 1658 1416 neque
1696 1350 1867 1401 oculus
1904 1351 2021 1400 vidit
2058 1366 2218 1415 neque
2256 1351 2387 1399 auris
2444 1386 2447 1389 ι

246 1437 446 1494 audivit,
498 1451 655 1500 neque
703 1438 753 1484 in
792 1451 878 1485 cor
916 1436 1128 1485 hominis
1167 1435 1441 1492 descendit,
1492 1436 1622 1500 quod
1670 1437 1733 1485 ita
1772 1436 1944 1485 doctus
1992 1443 2038 1485 et
2074 1434 2260 1500 probus
2296 1436 2384 1490 vir,

247 1522 329 1585 qui
366 1526 461 1568 tam
502 1519 663 1569 multis
700 1520 886 1585 profuit
925 1527 970 1570 et
1010 1521 1190 1571 nemini
1228 1535 1442 1585 unquam
1482 1523 1660 1577 nocuit,
1700 1523 1749 1570 in
1788 1537 1974 1570 summa
2013 1525 2262 1570 senectute
2300 1535 2384 1569 sua

248 1605 393 1654 dehet
429 1605 490 1653 ita
532 1604 794 1654 crudeliter
834 1611 881 1655 et
918 1605 1103 1668 perfide
1143 1606 1302 1654 vexari
1341 1612 1388 1654 et
1425 1605 1709 1655 conturbari
1748 1612 1794 1655 et
1830 1607 2225 1670 persecutionem
2269 1606 2383 1669 pati.
2405 1623 2456 1657 ιε,

248 1691 305 1738 Et
345 1705 462 1753 ergo
501 1691 720 1754 sequitur
759 1690 841 1738 “in
882 1690 1099 1739 ecclesiis
1139 1690 1365 1739 vestris”:
1406 1697 1705 1755 quapropter
1743 1705 1842 1738 non
1869 1695 2028 1754 potest
2066 1691 2124 1740 de
2149 1688 2387 1740 Reuchlin

247 1773 468 1837 allegari,
512 1776 621 1837 quia
661 1776 763 1838 ipse
801 1775 1147 1838 benignissime
1178 1775 1295 1841 *vivit
1334 1779 1469 1823 extra
1510 1774 1766 1824 ecclesiam
1805 1774 2162 1832 Coloniensem,
2202 1773 2389 1825 scilicet
2430 1770 2433 1775 ‘

245 1860 295 1906 in
332 1859 627 1923 Episcopatu
668 1859 1037 1908 constantiensi.
1115 1860 1208 1908 “Et
1256 1860 1325 1907 sic
1371 1874 1519 1924 spero
1570 1859 1699 1923 quod
1750 1861 1943 1909 venient
1981 1859 2181 1915 Canes'‘,
2230 1859 2277 1908 id
2317 1866 2390 1908 est

244 1943 411 1993 fideles
450 1943 686 1994 Custodes
725 1946 912 2001 ovium,
953 1947 1038 2008 qui
1075 1946 1178 1993 sine
1216 1943 1398 1993 Invidia
1439 1950 1486 1993 et
1523 1943 1860 1994 malevolentia
1898 1944 2145 1994 humiliter
2184 1950 2231 1995 et
2267 1944 2387 1994 fide·
2455 1962 2456 1966 ¹

244 2027 351 2076 liter
390 2035 589 2092 pascent
629 2044 742 2078 oves
781 2028 984 2085 Christi,
1035 2030 1079 2078 id
1131 2035 1202 2078 est
1250 2027 1486 2094 populum
1528 2029 1878 2086 Christianum,
1930 2035 2013 2080 “et
2050 2014 2456 2104 dilacerabuntaoi}

243 2111 349 2161 illos
387 2112 529 2177 lupos
569 2115 651 2176 qui
690 2120 998 2163 vastaverunt
1036 2113 1157 2163 ovile
1197 2114 1299 2171 dei,
1345 2120 1399 2163 ‘et
1434 2113 1717 2177 purgabunt
1754 2114 2021 2164 Ecclesiam
2060 2113 2184 2171 dei'',
2231 2115 2279 2164 id
2318 2119 2391 2164 est
2454 2112 2456 2192 j

245 2198 436 2247 elicient
486 2197 594 2246 iilos
642 2199 865 2248 sordidos
915 2208 961 2248 et
1008 2198 1277 2263 feculentos
1325 2198 1583 2263 theologos
1632 2200 1712 2264 qui
1760 2199 1878 2249 nihil
1926 2201 2087 2249 sciunt
2134 2206 2181 2249 et
2229 2201 2388 2249 omnia
2454 2193 2456 2226 ¹

243 2283 367 2332 scire
405 2283 735 2346 pretendunt’.
812 2284 1075 2348 Postquam
1116 2284 1227 2334 talia
1266 2285 1398 2342 dixit,
1436 2286 1616 2335 recessi
1655 2284 1715 2334 ab
1755 2300 1828 2342 6ο,
1870 2292 1917 2334 et
1953 2285 2108 2334 iuravi
2134 2284 2194 2334 ad
2222 2290 2388 2334 sancta
2419 2340 2421 2342 ,

243 2373 523 2417 sanctorum
579 2368 708 2432 quod
761 2368 869 2418 volo
920 2369 1138 2418 scribere
1187 2370 1245 2419 ad
1286 2368 1551 2419 Coloniam.
1627 2370 1747 2419 Peto
1797 2384 1915 2432 ergo
1962 2368 2211 2419 humiliter
2258 2369 2386 2434 quod

243 2451 395 2501 velitis
444 2454 530 2501 ista
572 2453 736 2502 dicere
775 2454 1016 2517 Magistris
1064 2454 1257 2503 Nostris
1306 2460 1352 2503 et
1398 2454 1600 2503 Iohanni
1642 2454 1951 2504 Pfefferkorn
1999 2456 2080 2519 qui
2128 2460 2200 2504 est
2248 2455 2439 2519 quasiw

243 2538 454 2600 scriptor
493 2537 855 2587 Coloniensium
906 2545 953 2588 et
1003 2540 1092 2588 scit
1138 2539 1424 2588 mirabiliter
1472 2554 1796 2604 componere,
1854 2544 1908 2587 ut
1953 2538 2082 2589 hene
2130 2546 2268 2589 vexet
2305 2554 2388 2589 eos

243 2622 434 2685 scriptis
471 2623 586 2671 suiS.
662 2621 748 2672 Ille
796 2624 876 2688 qui
925 2623 1044 2672 dixit
1091 2626 1206 2680 ista,
1258 2630 1331 2672 est
1375 2630 1519 2674 natus
1567 2640 1626 2674 ex
1663 2623 1843 2674 Perlin.
1918 2625 1968 2674 Si
2016 2623 2158 2674 vultis
2209 2638 2406 2687 nomenx

244 2707 346 2755 eius
385 2708 534 2763 scire,
583 2713 702 2755 tunc
741 2707 965 2757 scribatis
1004 2708 1146 2766 mihi,
1196 2715 1243 2758 et
1281 2709 1437 2758 dicam
1478 2708 1630 2759 vobis,
1704 2709 1815 2774 Ipse
1852 2711 1983 2759 stetit
2019 2709 2265 2773 Bononie,
2305 2708 2393 2773 ubi

243 2791 330 2839 fuit
366 2790 491 2840 bene
542 2793 825 2854 castigatus:
873 2793 958 2841 sed
1010 2800 1172 2843 tamen
1222 2793 1381 2843 adhuc
1427 2792 1643 2859 loquitur
1692 2800 1863 2844 contra
1900 2793 2177 2858 Theologos
2226 2800 2273 2844 et
2318 2799 2389 2843 est

242 2874 366 2924 male
405 2875 733 2926 Christianus:
775 2882 822 2926 et
859 2885 1023 2927 manet
1059 2879 1108 2926 in
1148 2879 1380 2941 pravitate
1419 2893 1521 2935 sua,
1563 2884 1611 2928 et
1647 2894 1766 2944 ergo
1804 2881 2044 2929 morietur
2069 2880 2117 2928 in
2145 2878 2443 2943 gehennam)

242 2976 268 3008 a
307 2976 401 3024 qua
449 2961 676 3011 dominus
725 2962 845 3011 deus
893 2969 1151 3013 conservet
1199 2972 1280 3012 vos
1330 2968 1377 3012 et
1416 2963 1692 3027 Theologos
1742 2971 1789 3013 et
1835 2964 2013 3013 fratres
2050 2963 2388 3028 Predicatores
2436 2984 2437 2987 ¹

242 3059 331 3107 per
379 3046 539 3094 omnia
580 3046 741 3110 secula
782 3046 1062 3110 seculorum
1139 3049 1306 3096 Amen.
1385 3047 1557 3096 Datum
1599 3047 1950 3112 Franckfordie
1990 3049 2117 3112 apud
2157 3048 2386 3098 Oderam.

359 3269 369 3295 ¹
401 3270 493 3309 vite
528 3274 617 3310 4.5⁴
709 3251 1001 3314 traci-auerfit
1032 3276 1072 3313 4.
1162 3274 1178 3299 ‘2
1210 3276 1274 3315 Io.
1299 3287 1394 3317 reu.
1425 3276 1486 3315 Et
1515 3280 1555 3316 5.
1646 3275 1662 3300 ⁴
1693 3277 1804 3316 Reu.
1829 3281 1870 3319 5.
1977 3307 1987 3316 .
2012 3277 2131 3327 Quia
2162 3281 2199 3321 5.
2308 3278 2384 3319 sua

242 3340 337 3379 vita
368 3344 406 3381 5.
495 3339 512 3363 5
545 3340 639 3394 aut]
678 3343 749 3383 vel
781 3347 822 3386 5.
911 3344 1047 3383 dictis
1078 3345 1246 3386 omis.5.
1336 3344 1352 3369 ⁶
1384 3345 1627 3398 sequeneia
1650 3350 1689 3386 5.
1777 3346 1795 3371 ⁷
1826 3377 1836 3387 .
1859 3348 2000 3388 Immo
2033 3349 2073 3388 4.
2086 3351 2126 3387 5.
2206 3347 2222 3373 ⁸
2253 3347 2382 3388 Colo-

243 3409 423 3450 niensis.
456 3408 544 3450 Sed
566 3415 603 3453 5.
722 3410 754 3436 ¹3
783 3443 795 3452 .
818 3424 925 3466 neq3
959 3424 1029 3456 002
1059 3415 1107 3454 in
1139 3414 1290 3455 homie
1322 3419 1362 3455 5.
1483 3415 1515 3440 ¹⁹
1547 3431 1556 3456 ε
1582 3429 1667 3469 que
1700 3419 1739 3457 4.
1774 3430 1893 3470 :que
1925 3421 1967 3458 5.
2082 3417 2120 3443 ²⁰
2149 3418 2382 3459 delacera-

243 3479 354 3519 bunt
387 3481 425 3518 4.
459 3479 757 3522 delacerabfit
789 3486 828 3522 5.
908 3483 943 3508 ²²
975 3485 1171 3527 so2didas
1204 3488 1243 3525 4.
1257 3490 1296 3526 5.
1375 3483 1410 3510 ²3
1444 3499 1466 3525 e
1500 3488 1541 3525 4.
1572 3499 1597 3539 e
1629 3490 1669 3526 5.
1748 3487 1902 3527 Iuraui
1925 3489 1962 3528 4.
2040 3485 2078 3513 ²⁴
2105 3486 2320 3528 humilter
2340 3488 2383 3531 4

242 3547 278 3574 ²5
307 3549 434 3589 Ioani
463 3549 649 3589 Pfeffer.
673 3554 711 3590 5.
800 3550 835 3576 2⁸
867 3566 889 3592 6
914 3555 953 3595 4.
986 3567 1011 3608 e
1034 3558 1073 3597 5.
1161 3553 1197 3580 ³²
1228 3569 1251 3595 e
1284 3558 1324 3599 4.
1356 3570 1381 3609 e
1413 3560 1454 3596 5.
1478 3563 1556 3596 ter.
