2456 4264
244 308 362 364 364
634 330 1015 358 LAMENTATIONES
1041 330 1340 358 OBSCVRORVM
1361 329 1804 359 REVCHLINISTARVM
1825 331 1972 360 NOVAE.

1137 579 1139 581 ‚
1155 599 1442 660 Sequuntur

888 697 1479 746 LAMENTATIONES
1513 697 1709 760 NOVE

768 794 1171 835 OBSCVRORVM
1210 795 1833 836 REVGHLJNJSTARVM.

1281 959 1326 1018 1.

822 1087 862 1133 11
913 1079 1139 1136 Simon
1197 1078 1782 1138 Lutzbubularius
2382 1110 2402 1142 5

863 1197 1087 1254 totusque
1123 1193 1445 1242 obscurorum
1481 1194 1734 1242 exercitus

740 1294 905 1354 Goqo
940 1303 1026 1342 ‘ac
1082 1292 1228 1353 May
1245 1305 1358 1354 090
1404 1293 1508 1342 suis
1548 1292 1870 1355 principibus

1178 1391 1248 1440 .S.
1276 1393 1332 1440 P.
1361 1391 1423 1440 D.

376 1507 716 1567 Coqitantibus
738 1505 893 1566 nobis,
926 1507 1188 1567 principes
1213 1507 1421 1566 eqreqii,
1462 1518 1583 1566 quos
1618 1506 1814 1554 tandem
1848 1510 2091 1567 patronos
2115 1507 2260 1554 rebus
2284 1520 2367 1555 no-

233 1595 348 1642 stris
383 1606 568 1640 summo
604 1593 655 1639 in
683 1592 915 1653 periculo
944 1585 1226 1639 ‘constitutis
1262 1592 1612 1650 deliqeremus,
1653 1604 1737 1639 vos
1765 1592 2074 1652 potissimum
2112 1605 2176 1640 ex
2214 1593 2425 1639 omni-10

234 1679 337 1735 buS,
379 1677 634 1724 velut‘duo
659 1677 940 1724 clarissima
966 1676 1234 1733 Iudeorum
1271 1677 1460 1723 lumina
1499 1676 1731 1736 (quorum
1766 1677 1854 1724 sub
1891 1677 2047 1724 tutela
2083 1677 2372 1736 iniquitates

193 1799 196 1802 .
235 1768 399 1820 nostre
438 1774 600 1809 omnes
636 1762 930 1821 militarent)
970 1761 1113 1819 diqni
1159 1761 1458 1808 occurristis.
1534 1760 1777 1819 Maqnum
1823 1764 1896 1808 est
1941 1761 2072 1808 enim
2120 1765 2169 1808 et
2211 1774 2372 1820 qrave
2433 1784 2438 1798 ι

234 1851 281 1894 et
307 1846 658 1907 permolestum
696 1850 843 1906 atque
881 1845 1264 1904 acerbissimum,
1310 1845 1445 1904 quod
1481 1844 1752 1905 Capnionis
1774 1845 1936 1893 nostri
1954 1846 2372 1907 contemplatione

233 1946 394 1993 nuper
431 1944 594 1979 omnes
629 1931 806 1978 vulnus
842 1931 1137 1990 accepimus.
1216 1929 1487 1977 Maledixit
1522 1929 1661 1977 nobis
1694 1942 1908 1978 summus
1930 1929 2172 1991 pontifex
2197 1934 2244 1978 et
2267 1934 2371 1979 tota

237 2017 420 2064 Christi
454 2016 619 2063 illudit
656 2016 881 2062 ecclesia.
959 2015 1121 2062 Pauci
1163 2016 1311 2062 etiam
1357 2016 1710 2075 reperiuntur,
1762 2017 1851 2075 qui
1894 2029 1984 2063 nos
2030 2015 2109 2073 (ut
2154 2015 2216 2062 ab
2255 2017 2370 2064 aliis
2390 2012 2456 2058 ¹5s

235 2101 539 2161 accepimus)
579 2101 743 2147 vivere
778 2100 830 2147 in
868 2101 1015 2147 terris
1045 2101 1326 2160 patiantur.
1403 2099 1530 2159 Heu,
1572 2099 1682 2160 heu,
1724 2100 1882 2160 iqitur
1917 2112 2008 2148 nos
2044 2098 2272 2158 infelices
2298 2105 2370 2148 at-

235 2200 329 2246 que
364 2183 726 2243 infortunatos‚
781 2185 870 2244 qui
915 2185 972 2232 ob
1019 2186 1327 2244 sinqularem
1363 2189 1587 2234 nostram
1625 2186 1676 2232 in
1713 2185 1866 2233 bonos
1886 2171 2065 2233 ‘omnes
2102 2184 2371 2234 audaciam

235 2276 281 2318 et
316 2271 533 2330 insiqnia
570 2271 622 2317 in
662 2269 906 2317 Christum
939 2269 1208 2328 faci,nora
1250 2270 1376 2318 nihil
1411 2270 1617 2318 honoris
1652 2271 1905 2318 consecuti
1936 2283 2117 2318 sumus.
2197 2267 2235 2317 O
2265 2268 2370 2328 fal-

235 2357 370 2403 laces
406 2356 740 2414 nequitiarum
777 2355 1059 2414 blanditias,
1103 2355 1277 2414 quibus
1315 2355 1486 2403 allecti
1510 2368 1610 2416 per
1646 2355 1814 2403 varios
1851 2355 2106 2415 aqitamur
2142 2356 2372 2403 errores!
2438 2339 2456 2420 ξ

125 2436 217 2490 tijb
239 2439 276 2488 Ο
312 2442 487 2488 inanes
521 2440 771 2499 coqitatus
808 2444 1025 2498 nostros,
1064 2434 1085 2505 Η
1111 2440 1197 2499 qui
1237 2440 1468 2487 secundis
1513 2441 1567 2487 in
1614 2439 1760 2487 rebus
1806 2452 1863 2488 eo
1908 2440 2070 2499 maqis
2105 2452 2194 2488 nos
2227 2440 2371 2488 sedu·
2385 2426 2456 2485 2⁰³

235 2529 378 2583 cunt,
441 2538 536 2585 quo
583 2525 798 2572 certiore
841 2537 931 2584 spe
975 2525 1196 2584 quadam
1242 2525 1382 2572 nobis
1427 2524 1788 2572 blandiuntur!
1842 2523 1974 2581 Quas
2019 2525 2125 2586 ipse
2167 2538 2370 2585 sepenu-

236 2623 370 2657 mero
407 2609 739 2670 blasphemias
775 2610 826 2656 in
863 2610 1081 2670 epistolis
1118 2610 1302 2657 nostris
1338 2610 1737 2670 conscripsimu3‚
1775 2609 1919 2657 bonis
1956 2609 2178 2657 omnibus
2213 2614 2261 2657 et
2286 2611 2377 2657 toti
2441 2612 2453 2676 '1

238 2694 315 2751 (ut
353 2694 604 2754 audimus)
642 2694 1005 2742 christianitati
1028 2695 1303 2755 plurimum
1342 2695 1656 2754 displicuere.
1736 2693 1857 2751 Quis
1891 2695 2045 2755 iqitur
2077 2700 2295 2742 nostrum
2322 2696 2372 2764 in

240 2782 380 2826 tanta
425 2780 503 2826 rei
547 2779 845 2838 indiqnitate
889 2792 988 2826 non
1036 2780 1260 2837 mereat?
1309 2793 1407 2827 non
1455 2779 1726 2827 audaciam
1773 2766 2001 2839 deploret
2046 2780 2223 2827 suam?
2269 2792 2369 2827 non

235 2876 340 2911 sese
374 2862 638 2922 mortifero
674 2865 909 2922 conficiat
946 2865 1153 2912 dolore?
1202 2863 1332 2921 Quid
1372 2865 1564 2912 multa?
1612 2865 1788 2912 Actum
1826 2868 1897 2911 est
1943 2862 2222 2924 nobiscum,
2274 2866 2373 2913 nisi
2385 2852 2456 2926 ²⁶5?

233 2948 414 2996 litteris
448 2950 626 2996 vestris
661 2949 873 2997 animati
899 2947 1168 3007 fuerimus.
1244 2949 1417 2996 Valete
1455 2950 1526 2996 ad
1559 2950 1734 3009 lonqos
1759 2949 1988 2997 Platonis
2023 2962 2198 2997 annos.
2261 2950 2370 2999 Mo-
2435 2933 2456 3012 ῗ

232 3034 405 3091 quntie
441 3046 506 3081 ex
545 3033 767 3094 Corona,
810 3035 1050 3082 tutissimo
1093 3031 1425 3081 Obscurorum
1463 3034 1617 3096 asylo.
2430 3000 2447 3049 ἒ

1273 3211 1324 3267 2.

993 3338 1034 3385 «1
1091 3330 1232 3405 Goq
1275 3310 1348 3386 *et
1385 3329 1636 3405 Maqoq

895 3441 1186 3490 Obscuris
1239 3442 1702 3491 Reuchlinistis
2381 3458 2438 3495 ω·

1184 3541 1256 3590 .S.
1285 3542 1339 3590 P.
1369 3543 1430 3590 D.

385 3647 515 3705 Quid
550 3661 634 3696 vos
670 3652 838 3697 miseri
864 3650 1174 3708 feminarum
1211 3667 1349 3702 more
1385 3656 1617 3702 eiulatis?
1667 3653 1923 3715 Numquid
1971 3667 2087 3702 sera
2123 3655 2368 3703 vobiscum

247 3736 298 3781 in
337 3732 504 3791 fundo
549 3738 621 3780 est
657 3735 1011 3794 parsimonia?
1068 3736 1304 3785 Ascendit
1351 3739 1543 3786 clamor
1587 3743 1748 3786 vester
1793 3741 1845 3786 in
1893 3741 2046 3787 altum
2091 3742 2138 3786 et
2183 3742 2369 3787 montes

356 3871 390 3897 ¹⁰
421 3872 680 3926 diligerem
701 3875 741 3912 2.
765 3874 843 3913 sed
869 3874 959 3925 ipse
984 3873 1176 3913 Ortvinus
1206 3880 1248 3914 in
1273 3875 1571 3915 ‘Correctorz‘o’
1602 3878 1845 3916 emendavit.
1913 3876 1950 3902 3³
1979 3876 2296 3930 parcimonia?
2324 3879 2365 3918 2.
2430 3875 2432 3878 ’

244 3943 313 3984 Cf.
337 3943 483 3984 Senec.
509 3956 576 3996 ep.
603 3943 640 3983 1.
2011 3939 2013 3942 ⁴
