2456 4264
217 261 331 319 154
505 284 603 313 10A.
626 284 937 314 PEPERICOBNI
959 283 1188 312 DEFENSIO
1210 280 1392 310 CONTRA
1411 280 1621 309 FAMOSAS
1645 281 1687 309 Ο.
1709 281 1753 310 V·
1776 280 2045 309 Ems'ronAs.

1073 412 1479 460 ProtestatiO.

284 537 285 540 ’
349 528 390 574 (Ι
428 529 682 574 Protestor
717 526 873 584 iqi'tur
909 525 1002 571 hoc
1037 525 1171 582 loco,
1224 524 1406 570 dehinc
1450 524 1630 569 iterum
1677 513 1826 581 atque
1869 523 2048 569 iterum
2089 526 2348 582 protestor

209 627 271 660 ac
307 613 478 672 quoad
511 611 685 657 vixero
713 608 1063 667 protestabor,
1105 620 1181 653 me
1217 620 1316 654 non
1353 606 1686 666 composuisse
1720 605 1852 653 hunc
1887 606 2067 653 librum
2104 606 2176 653 ad
2198 606 2347 653 Ioan-

208 709 317 743 nem
364 694 610 742 Reuchlin
656 698 743 739 aut
789 692 1007 751 quemvis
1052 691 1208 737 alium
1257 690 1613 750 offendendum
1657 672 1749 742 sed
1787 690 1954 750 potius
1999 690 2070 736 ad
2114 690 2349 750 optimum

206 791 446 839 quemque
481 776 873 836 informandum,
915 779 969 822 ut
1005 774 1216 821 veritate
1239 774 1444 821 huiusce
1468 773 1667 831 neqocii
1687 776 1736 819 et
1750 776 2025 833 perspecta
2049 777 2098 820 et
2120 773 2344 832 coqnita,
2364 785 2406 823 ε,
2451 822 2456 824 ,

207 863 345 910 nobis
383 863 462 919 (in
499 862 675 922 quibus
712 862 892 908 iustam
928 871 1136 906 causam
1173 858 1430 915 habemus)
1470 868 1570 902 non
1607 857 1770 903 minus
1794 857 2031 916 equitatis
2054 869 2202 916 quam
2227 855 2352 914 bone

206 947 408 994 tandem
439 944 583 1004 fame
618 958 794 992 munus
830 944 1159 990 administret.
1240 940 1563 1001 Quapropter
1599 944 1654 987 ut
1688 940 1779 996 hec
1814 940 1933 988 boni
1976 941 2241 988 consulant
2283 939 2350 986 le-

204 1034 367 1078 ctores
401 1043 595 1091 semper
628 1033 828 1090 exopta
889 1022 911 1093 ΙΙ

96 1203 180 1256 gub
457 1197 868 1245 Summarium
916 1196 1107 1243 totius
1159 1195 1416 1253 neqocii
1456 1193 1594 1240 tituli
1627 1193 1940 1254 principalis
1975 1181 2115 1241 Pro?

459 1284 679 1340 testati0,
736 1283 788 1328 in
835 1293 931 1340 quo
968 1279 1186 1327 Ioannes
1222 1277 1470 1326 Reuchlin
1517 1277 1644 1325 duce
1689 1278 1901 1325 veritate
1948 1290 2097 1326 accu-
2364 1273 2456 1315 ¹⁰

454 1372 598 1415 satur
633 1366 934 1413 iniuriarum
970 1368 1019 1411 et
1054 1364 1190 1424 quod
1213 1361 1472 1410 Silentium
1498 1362 1562 1409 ab
1588 1362 1805 1420 Cesarea
1831 1361 2100 1409 Maiestate
2444 1347 2456 1357 f

574 1451 714 1498 nobis
750 1449 1031 1511 impositum
1066 1447 1413 1507 multipliciter
1448 1446 1555 1506 ipse
1583 1447 1733 1507 prius
1768 1444 2058 1505 infreqerit.

346 1562 388 1609 (Ι
425 1563 628 1611 Possent
663 1563 783 1610 boni
814 1562 914 1609 viri
949 1561 1132 1618 dicere,
1179 1559 1355 1619 ‘quare
1391 1562 1444 1606 tu
1466 1559 1514 1606 si
1535 1558 1733 1620 aliquid
1756 1558 1909 1606 habes
1934 1558 2175 1606 adversus
2198 1558 2350 1607 Ioan-

203 1661 312 1696 nem
339 1647 607 1706 Reuchlin,
649 1647 837 1694 iudicio
873 1645 1003 1693 illud
1026 1644 1233 1705 publico
1270 1656 1370 1691 non
1409 1644 1534 1703 aqis,
1577 1647 1632 1690 ut
1667 1641 1943 1701 diffinitiva
1980 1644 2111 1691 inter
2146 1655 2231 1691 vos
2269 1644 2350 1691 de·
2437 1701 2446 1713 ρ

203 1734 389 1781 cisione
415 1745 516 1793 per
552 1732 767 1792 aliquem
805 1729 1016 1778 iudicem
1055 1729 1373 1776 ordinarium
1403 1725 1604 1785 factam
1632 1738 1817 1787 pacem
1854 1728 2130 1787 aliquando
2167 1727 2352 1775 habere
2368 1726 2406 1760 ¹⁵
2431 1739 2438 1790 ἢ

194 1817 399 1878 possitis
411 1814 450 1863 ?’
507 1815 831 1875 Respondeo,
892 1826 969 1860 me
1012 1813 1204 1861 cunctis
1255 1812 1428 1859 diebus
1473 1812 1569 1868 vite
1615 1823 1718 1868 mee
1763 1810 1891 1859 nihil
1934 1811 2080 1859 aliud
2122 1812 2347 1860 voluisse.
2447 1808 2449 1810 ’

203 1899 438 1959 Adiunqo
475 1901 623 1947 etiam
661 1911 737 1946 me
773 1902 826 1945 ut
864 1910 1032 1945 verum
1072 1896 1409 1944 Christianum
1448 1908 1608 1955 neque
1644 1895 1792 1943 verbo
1828 1909 1986 1956 neque
2017 1893 2164 1955 facto
2200 1896 2351 1944 Ioan-

202 1997 310 2031 nem
353 1984 601 2031 -Reuchlin
649 1983 943 2044 offendisse,
1002 1981 1101 2029 nisi
1136 1979 1362 2038 fortasse
1409 1981 1516 2040 ipse
1561 1980 1685 2027 mihi
1726 1992 1888 2041 supra
1932 1993 2080 2040 quam
2130 1981 2353 2041 oportuit
2430 1995 2434 1998 ·

203 2069 505 2116 iniuriarum
543 2079 717 2115 ansam
756 2068 890 2114 ultro
926 2067 1045 2114 meis
1082 2065 1334 2112 demeritis
1369 2066 1568 2112 minime
1595 2065 1985 2125 precedentibus
2012 2067 2346 2126 porrexisset,
2423 2058 2430 2065 ”

201 2153 353 2201 veluti
386 2166 519 2201 nunc
552 2152 731 2213 paucis
766 2150 1147 2213 explicabimus,
1188 2150 1282 2197 etsi
1309 2150 1499 2210 passim
1535 2150 1768 2211 superius
1804 2149 2026 2197 delibata
2064 2150 2346 2210 videantur,
2365 2150 2409 2184 ²⁰
2427 2150 2455 2161 ”

202 2243 255 2286 ut
292 2251 455 2286 omnes
483 2237 759 2285 Christiani
783 2240 903 2297 post
938 2235 1074 2282 mille
1112 2247 1274 2282 annos
1310 2234 1544 2282 iudicare
1569 2235 1787 2300 possint,
1829 2246 1979 2295 quam
2006 2235 2158 2296 impie
2182 2248 2351 2296 quam-

202 2336 296 2383 que
333 2323 625 2370 indecenter
660 2325 708 2368 et
743 2324 924 2369 contra
961 2319 1205 2368 catholici
1236 2317 1450 2366 hominis
1484 2331 1669 2366 morem
1694 2322 1972 2379 contraque
1995 2319 2113 2367 boni
2134 2320 2354 2369 doctoris
2415 2358 2419 2362 .

191 2405 562 2468 professionem
607 2419 796 2454 mecum
845 2404 1188 2452 ambulaverit.
1265 2402 1307 2448 (Ι
1363 2402 1536 2451 Primo
1583 2404 1740 2463 iqitur
1783 2416 1896 2451 cum
1941 2403 2032 2451 sub
2079 2404 2209 2452 bona
2251 2405 2355 2463 fide
2406 2391 2433 2459 f

203 2492 282 2548 (ut
324 2503 481 2551 supra
527 2490 713 2538 dictum
749 2491 843 2549 est)
891 2487 1111 2536 Ioannes
1146 2487 1396 2535 Reuchlin
1443 2500 1520 2534 me
1567 2488 1619 2535 in
1665 2501 1758 2536 sua
1803 2489 2170 2536 consultatione
2203 2489 2356 2550 ‘apud

203 2575 466 2632 Cesaream
505 2573 822 2621 Maiestatem
859 2574 1004 2621 nimis
1047 2572 1390 2620 inhumaniter
1435 2573 1647 2632 lesisset,
1699 2567 1857 2620 silere
1898 2585 1991 2632 eqo
2039 2586 2139 2621 non
2186 2574 2346 2633 debui,
2365 2572 2406 2605 ²⁵

201 2660 350 2706 etiam
389 2658 515 2705 duce
550 2661 754 2705 natura.
832 2657 917 2705 Ex
955 2657 1125 2705 oblata
1162 2656 1321 2716 iqitur
1356 2660 1407 2702 et
1441 2656 1567 2703 mihi
1599 2660 1648 2704 et
1694 2658 1809 2704 aliis
1857 2656 1921 2704 ab
1957 2655 2353 2719 Archiepiscopo

200 2743 565 2791 consultatione
599 2742 875 2801 leqitimam
912 2741 1069 2789 habui
1103 2741 1438 2799 occasionem,
1490 2745 1545 2788 ut
1593 2755 1687 2802 que
1725 2741 1971 2803 privatim
2017 2746 2066 2789 et
2094 2740 2238 2800 falso
2273 2756 2352 2790 su·

201 2830 465 2885 surrarat,
517 2838 611 2886 eqo
652 2825 857 2886 publice
901 2826 952 2873 in
997 2838 1104 2872 meo
1147 2825 1349 2884 speculo
1396 2827 1628 2873 manuali
1668 2824 1975 2884 refellerem.
2055 2825 2199 2883 Quod
2241 2839 2352 2875 cum

201 2911 516 2971 aqqrederer
551 2911 712 2970 ipsius
747 2911 1160 2957 consultationem
1196 2910 1398 2956 minime
1434 2911 1757 2970 nominando,
1800 2911 2015 2959 omnium
2051 2924 2130 2958 me
2161 2912 2350 2972 princi-

190 3008 315 3055 pum
353 2998 635 3043 nostrorum
671 2994 871 3042 iudiciis
907 3007 970 3041 ac
1015 2994 1324 3041 diversorum
1365 3006 1463 3054 per
1499 2993 1814 3042 Alemaniam
1860 2994 2189 3043 tribunalium
2235 3008 2349 3044 cen·
2365 2995 2408 3032 ³⁰

200 3092 316 3135 sure
352 3079 552 3126 subieci.
630 3076 672 3123 (Ι
713 3077 844 3134 Quid
880 3076 1011 3136 fecit
1047 3077 1267 3125 Ioannes
1302 3077 1588 3126 Reuchlin?
1626 3082 1900 3140 postquam
1947 3079 2195 3127 intellexit
2240 3092 2354 3127 suos

201 3175 401 3209 errores
430 3175 527 3223 per
563 3161 970 3224 Archipresulem
1010 3161 1361 3222 Moquntinum
1408 3162 1522 3223 (qui
1563 3176 1711 3210 verus
1757 3176 1790 3211 a
1830 3164 2049 3222 Cesarea
2087 3163 2354 3212 Maiestate

202 3247 571 3294 commissarius
608 3246 677 3293 ad
714 3247 931 3294 omnium
967 3247 1357 3295 consultationes
1394 3247 1704 3308 aperiendas
1740 3261 1803 3297 ac
1832 3248 2227 3310 perlustrandas
2273 3261 2351 3296 or-

203 3330 406 3377 dinatus
450 3331 587 3389 erat)
634 3329 922 3390 patefactos
967 3343 1095 3390 esse,
1148 3343 1307 3391 neque
1351 3331 1449 3379 sibi
1492 3332 1747 3390 confidens
1791 3345 1951 3394 neque
1995 3331 2356 3381 consultationi

200 3427 302 3472 suc,
345 3414 489 3460 immo
525 3414 673 3461 etiam
709 3415 1036 3463 considerans
1066 3428 1254 3476 parum
1290 3428 1343 3462 se
1380 3420 1467 3463 aut
1504 3415 1634 3463 nihil
1667 3416 1794 3464 iuris
1828 3421 2009 3465 contra
2044 3429 2121 3463 me
2144 3416 2344 3473 habere,
2363 3397 2406 3450 ⁹25

201 3498 248 3544 si
282 3496 360 3553 (ut
395 3509 487 3555 eqo
524 3499 682 3558 volui)
716 3512 792 3546 me
827 3503 1002 3547 co'ram
1040 3513 1335 3560 quocunque
1371 3501 1537 3549 iudice
1572 3502 1895 3560 convenisset,
1937 3501 2134 3561 accepit
2157 3499 2351 3548 consul-

202 3581 441 3628 tationem
478 3593 620 3628 suam
648 3588 1027 3643 preposteram,
1079 3584 1256 3644 quibus
1303 3585 1677 3632 declarationes
1714 3586 1961 3645 quasdam
1997 3589 2047 3632 et
2082 3584 2352 3633 invectivas

202 3664 465 3712 mendaces
502 3665 705 3724 adiecit,
749 3667 944 3727 duplici
969 3665 1010 3724 f
1009 3681 1107 3727 uqa
1146 3680 1178 3714 a
1214 3681 1308 3715 sua
1335 3669 1488 3727 prole
1514 3668 1764 3726 deficiens.
1818 3651 1955 3730 quod
1977 3682 2127 3730 quam
2158 3667 2352 3731 puerile

318 3870 357 3897 ⁸⁷
388 3871 551 3925 quibus
580 3874 642 3913 sic
673 3875 712 3912 1.
