2456 4264
777 294 1114 323 HOGHS'I'BA'I'VS
1137 293 1286 324 OVANS
1310 294 1563 324 DIALOGVS.
2123 268 2245 327 487

416 425 528 474 Octo
567 433 615 474 et
649 428 809 488 viginti
843 441 968 475 nunc
1003 435 1282 476 sacramenta
1315 428 1456 476 Leoni

531 497 719 546 Patrum
755 514 840 562 pro
877 498 1006 547 nullo
1043 499 1246 561 pondere
1281 508 1436 562 spreta
1474 500 1581 554 tihi;

413 568 624 617 Pontifici
659 570 804 632 Spirae
839 584 924 618 nec
959 571 1187 632 parcitur,
1224 572 1422 634 inclytus
1458 572 1536 619 ille

350 649 394 683 24
534 640 603 687 Sit
638 643 842 703 quamvis
879 655 1068 703 genere,
1106 649 1154 690 et
1189 643 1442 704 relligionis
1479 645 1654 690 honor:

415 712 600 760 Scilicet
635 720 688 759 ut
723 713 888 773 vulgus
924 714 1141 760 Beruensi
1179 713 1400 762 obnoxius
1438 715 1533 776 igni

528 782 745 846 Quosque
781 799 864 831 sua
901 784 1025 831 rabie
1062 787 1327 848 saevitiaque
1364 792 1565 848 premat,

416 854 506 903 Nec
542 856 735 917 posthac
775 862 922 902 tutum
961 858 1021 903 sit
1059 871 1168 903 voce
1205 871 1447 918 capessere
1485 857 1736 909 Christum,

536 926 627 973 Seu
665 926 766 973 fidei
805 927 1001 988 ingenue
1038 927 1093 974 de
1132 930 1308 974 ratione
1346 927 1498 989 loqui:

412 997 469 1044 Ut
506 1006 695 1059 pereant
732 1000 898 1044 iterum
936 998 1105 1060 linguae
1142 998 1279 1060 paulo
1317 1006 1422 1045 ante
1460 1005 1654 1051 renatae,

523 1068 613 1115 Nec
649 1083 824 1116 merces
863 1069 1028 1116 studiis
1066 1084 1195 1131 aequa
1233 1070 1294 1115 sit
1331 1068 1423 1116 ulla
1466 1070 1620 1122 bonis,

409 1139 465 1187 Et
501 1140 664 1202 perdat
698 1141 908 1187 reducem
945 1155 1141 1188 moerens
1178 1141 1381 1188 ecclesiae
1420 1142 1563 1188 solem

346 1219 389 1269 32
530 1213 709 1264 Denuo,
747 1219 794 1258 et
831 1219 1004 1259 aeterno
1043 1226 1133 1258 nox
1170 1218 1297 1273 tegat
1333 1219 1455 1259 astra
1494 1213 1610 1265 situ,

295 1281 299 1285 ’
407 1281 465 1329 Et
499 1285 591 1329 veri
628 1285 813 1330 omnino
853 1285 1069 1330 restincta
1105 1283 1206 1330 luce
1245 1284 1450 1330 serantur

525 1354 681 1400 Omnia
718 1368 819 1401 cum
858 1368 982 1402 caeco
1020 1369 1142 1402 caeca
1179 1354 1331 1401 Leone
1369 1369 1477 1406 suo,

407 1423 465 1472 Et
503 1433 677 1472 tantum
714 1425 1019 1472 Hochstratos
1056 1440 1192 1474 cruce
1230 1426 1394 1486 dignos
1434 1427 1598 1474 saecula
1634 1434 1796 1475 nostra

343 1503 386 1539 36
526 1496 584 1543 Et
619 1485 972 1559 Pepericornos',
1011 1498 1190 1559 perdita
1228 1505 1459 1550 monstra,
1498 1505 1704 1559 gemant,

402 1567 545 1629 Inque
585 1576 664 1614 tuo
703 1567 934 1615 Ortwinos
973 1571 1179 1630 genitos,
1217 1569 1476 1624 Daventria‚
1516 1577 1671 1616 monte

519 1639 559 1685 A
595 1639 827 1686 Monachis
865 1655 1008 1702 quos,
1047 1642 1164 1692 scis,
1204 1639 1306 1687 alba
1345 1640 1522 1688 cuculla
1560 1641 1699 1702 tegit:

401 1710 684 1758 Gondemnas
722 1726 858 1773 prave
898 1708 1036 1774 (videt
1072 1712 1118 1759 id
1154 1711 1245 1759 Leo
1284 1710 1438 1776 Talpa)
1478 1712 1678 1759 libellum

338 1789 381 1823 40
522 1782 618 1830 Hoc
654 1782 775 1830 sacto
814 1783 943 1830 suriis
979 1783 1275 1844 gratificando
1315 1785 1430 1836 tuis,

400 1852 602 1911 Quarum
640 1868 778 1916 opera
816 1855 1033 1902 adversus
1070 1855 1233 1902 doctos
1269 1862 1424 1908 utare,
1464 1858 1677 1918 piosque,

513 1924 719 1982 Quorum
756 1926 942 1973 libertas
980 1934 1052 1973 est
1087 1926 1245 1974 odiosa
1282 1926 1379 1974 tibi.

399 1996 592 2045 Haecine
628 2004 680 2043 tu
717 1997 881 2044 Christi
920 1997 985 2044 vis
1023 1998 1175 2044 fronte
1212 1997 1414 2045 Vicarius
1452 2012 1578 2051 esse,

337 2076 380 2111 44
520 2068 712 2116 Haecine
747 2084 988 2117 successor
1023 2068 1366 2132 consimilisque
1402 2071 1555 2117 Petri?

399 2139 520 2193 Hoc,
557 2153 747 2202 precor,
785 2148 856 2188 est
892 2141 1086 2189 animam
1122 2141 1367 2188 commisso
1407 2142 1668 2204 impendere
1706 2142 1839 2190 ovili?

515 2212 636 2265 Hoc,
674 2226 815 2274 rogo,
854 2212 1090 2260 Pastorem
1128 2220 1199 2260 est
1235 2228 1291 2260 an
1331 2214 1473 2274 magis
1512 2227 1613 2260 esse
1647 2213 1855 2276 Lupum?

397 2282 590 2332 Pascere
625 2298 719 2331 non
756 2285 842 2332 hoc
879 2291 973 2337 est,
1013 2284 1101 2332 hoc
1139 2291 1211 2331 est
1245 2285 1490 2346 depascere
1527 2285 1720 2337 Christi.

333 2362 376 2397 48
519 2354 595 2402 Sic
630 2368 813 2408 vexare,
851 2355 943 2403 Leo
981 2356 1250 2417 Relligiose,
1288 2370 1489 2418 gregem.

396 2425 485 2474 Sed
524 2434 701 2474 taceant
737 2441 919 2480 omnes,
961 2435 1035 2474 tua
1073 2434 1384 2474 consummata
1421 2435 1626 2490 potestas

510 2499 614 2548 Haec
651 2506 723 2546 est
757 2506 810 2545 ut
845 2499 973 2546 nullo
1012 2513 1141 2547 more
1177 2500 1405 2561 modoque
1443 2514 1572 2551 ruas,

394 2569 485 2618 Nec
522 2585 717 2633 superos
753 2578 961 2618 metuens
998 2571 1118 2618 ullos
1154 2585 1240 2618 nec
1276 2572 1461 2636 Tartara
1498 2571 1625 2617 solus

329 2650 373 2684 5²
513 2641 735 2689 Blandiris
771 2644 956 2689 nimium
994 2643 1091 2696 hic,
1132 2643 1188 2690 ah
1224 2642 1340 2695 Leo,
1381 2649 1478 2689 tute
1515 2641 1615 2692 tibi.

395 2711 690 2776 Supprimere
727 2713 919 2766 iniuste,
958 2716 1122 2761 summi
1160 2715 1258 2761 haec
1294 2721 1365 2761 est
1401 2714 1527 2761 nulla
1564 2719 1771 2775 potestas

507 2784 767 2838 Pontificis‚
806 2799 959 2832 verum
997 2786 1097 2832 haec
1132 2787 1199 2832 vis
1236 2785 1437 2838 furiosa,
1476 2785 1590 2838 Leo,
1629 2792 1713 2832 est.

934 2899 1059 2935 vlvn
1097 2898 1335 2934 GAPNION.

617 3051 1169 3096 INTERLOCVTORES
1199 3053 1281 3094 AD
1313 3051 1665 3095 LECTOREM.

392 3140 645 3189 Ambitiosa
682 3142 808 3189 rudis
846 3142 1104 3190 dominatur
1141 3142 1288 3205 gloria
1325 3142 1473 3203 vulgi,

504 3213 701 3275 Imperat
738 3213 837 3276 ipsa
875 3215 1009 3261 simul
1046 3214 1181 3261 nobis
1217 3214 1428 3267 avaritia,

391 3284 582 3332 Pectora
618 3284 735 3331 livor
771 3287 889 3346 agit,
928 3285 1088 3333 Veneri
1126 3284 1467 3348 procumbimus
1505 3286 1652 3339 ultr0;

347 3365 370 3399 4
511 3354 581 3402 Nil
619 3363 790 3404 nostrae
827 3356 914 3403 nisi
953 3364 1062 3404 sunt
1099 3356 1232 3404 verba
1270 3357 1475 3417 neglecta
1512 3371 1687 3419 preces.

390 3427 582 3489 Insuper
618 3441 722 3475 ecce
759 3427 975 3490 frequens
1013 3427 1179 3476 buccas
1217 3428 1324 3491 gula
1361 3430 1507 3475 nutrit
1543 3428 1726 3482 obesas,

505 3498 560 3545 Et
596 3498 758 3561 procul
796 3515 820 3546 a
858 3507 1017 3547 nostra
1054 3507 1125 3546 est
1162 3498 1401 3560 relligione
1439 3498 1564 3547 fides.

388 3570 586 3631 Ingeniis
625 3570 802 3618 tandem
840 3585 940 3618 cum
980 3571 1097 3618 desit
1132 3571 1278 3632 gratia
1314 3571 1515 3624 nostris,

348 3650 369 3685 8
513 3641 751 3689 Miscemus
789 3641 932 3689 claris·
962 3642 1107 3704 iurgia
1145 3641 1304 3690 crebra
1343 3642 1463 3690 viris.

164 3792 203 3821 ⁸⁷
232 3793 483 3837 Ortuuinos
512 3797 554 3838 2.
586 3794 656 3837 Cf.
689 3794 776 3850 Ep.
810 3794 866 3838 Ο.
897 3795 950 3838 V.
972 3795 1032 3838 11.
1054 3795 1125 3838 62.
1149 3795 1269 3851 (quae
1300 3796 1465 3839 ultima
1496 3801 1567 3840 est
1595 3797 1643 3839 in
1674 3798 1882 3853 principe
1915 3798 2102 3839 alterius
2135 3811 2209 3838 vo-

51 3864 238 3908 luminis
280 3865 518 3919 editione.)
634 3864 671 3891 ⁸⁹
700 3864 867 3921 Talpa]
910 3866 1057 3909 oculis
1097 3871 1281 3923 captus,
1323 3881 1495 3920 caecus,
1538 3868 1700 3910 iudicii
1731 3882 1819 3910 non
1849 3869 1966 3910 sani.
2007 3871 2207 3910 ceterum

52 3937 258 3979 Leonem
287 3937 342 3979 X.
364 3937 479 3992 ipsis
509 3936 655 3980 oculis
686 3937 923 3981 laborasse
955 3943 1153 3982 constat.
1177 3939 1238 3985 cf.
1259 3938 1350 3982 vol.
1372 3940 1427 3981 V.
1450 3953 1558 3996 pag.
1585 3938 1678 3982 169.
1701 3940 1740 3990 §-
1762 3939 1802 3981 4.
