2456 4264
623 288 658 319 2.
682 291 911 320 minutus
934 291 1099 320 GBAPP.
1179 285 1215 321 3.
1241 293 1472 322 srnruAm
1496 294 1871 325 noussnnnan'ms.
2163 275 2279 333 189

368 422 572 472 Doctior
608 419 945 487 philosopbiS,
1091 423 1143 471 in
1179 421 1532 473 subtilitatibus
1568 425 1687 473 istis,

452 506 585 570 Ergo
622 522 710 556 vos
747 505 930 564 valete,
1074 521 1270 556 necnon
1310 507 1487 558 bonam
1526 515 1724 559 noctem
1760 510 1956 561 habete.

1025 591 1126 641 Deo
1162 593 1372 643 Gratias.

251 676 473 726 Parcatis
518 677 639 726 mibi
687 677 728 726 si
775 678 873 726 sint
917 678 1039 727 vicia
1086 678 1137 726 in
1185 679 1291 727 istis
1337 679 1672 734 Carminibus,
1724 681 1834 745 quia
1884 681 2153 732 humanum
2207 693 2281 734 est

70 775 285 838 {arare
333 761 611 835 secundum
658 761 1038 828 Philosophum,
1099 770 1149 812 et
1193 763 1382 813 debetis
1431 766 1575 813 etiam
1626 764 1807 830 aliquid
1857 781 2037 815 novum
2083 767 2144 817 ad
2199 785 2278 820 me

108 846 345 900 scribere.

362 931 542 982 Datum
579 934 629 981 in
670 932 794 982 urbe
830 932 1013 990 Roma,
1160 933 1245 983 ubi
1283 939 1398 982 sunt
1434 933 1675 983 mirabilia
1713 950 1885 999 poma,

364 1014 470 1081 Que
507 1019 679 1067 rustici
716 1017 783 1067 ibi
821 1018 1063 1075 vendunt,
1210 1025 1258 1068 et
1295 1033 1385 1082 per
1423 1017 1598 1067 libram
1639 1018 1767 1068 bene
1804 1020 2051 1083 pendunt,

363 1102 503 1152 Sicut
539 1117 632 1166 ego
670 1103 791 1160 vidi,
937 1109 985 1152 et
1021 1118 1113 1167 per
1151 1103 1504 1168 experientiam
1544 1103 1705 1153 didici.

36 1196 100 1236 a·
1109 1188 1283 1238 Amen.

1167 1410 1235 1470 3..

381 1537 424 1586 ί
477 1529 862 1611 Magister
903 1528 1350 1611 Stephanus
1396 1527 2001 1591 Romedelantis

709 1641 1044 1713 Magistro
1084 1642 1379 1696 Ortvino
1419 1641 1660 1695 Gratio

1065 1743 1301 1796 Salutem.

50 1880 93 1916 ιε
249 1858 491 1910 Celeriter
535 1873 637 1908 non
686 1858 817 1909 sacto
863 1857 1155 1923 preambulo
1205 1857 1382 1908 habeat
1423 1858 1691 1908 dominatio
1740 1863 1900 1908 vestra
1947 1860 2103 1918 scire,
2152 1874 2273 1923 quo·

103 1944 253 1995 modo
289 1945 481 1994 noviter
518 1945 648 1994 venit
685 1943 783 1993 huc
821 1958 951 1994 unus
990 1944 1164 1993 doctor
1201 1942 1497 2007 Theologie‚
1539 1944 1621 2008 qui
1659 1949 1862 1992 vocatur
1900 1943 2115 1994 Thomas
2140 1945 2274 1994 Mur-

38 2055 59 2091 ρ
103 2045 224 2080 ner:
274 2030 383 2095 ipse
420 2034 496 2080 est
531 2028 593 2078 de
630 2028 808 2078 ordine
844 2030 1003 2079 sancti
1040 2028 1317 2085 Francisci,
1366 2027 1427 2077 Et
1476 2035 1549 2077 est
1586 2029 1930 2092 superiorista‚
1982 2035 2028 2078 et
2065 2044 2272 2094 presup-

40 2136 42 2140 ·
103 2116 245 2180 ponit
280 2113 535 2165 itamulta
573 2114 703 2179 quod
743 2129 843 2163 non
892 2114 1105 2164 creditis,
1182 2113 1356 2163 Dicunt
1409 2113 1539 2177 quod
1591 2113 1705 2163 facit
1742 2113 1934 2170 Cartas,
1986 2121 2032 2163 et
2079 2116 2161 2179 qui
2200 2114 2271 2163 lu·

40 2190 45 2235 ἶ
103 2200 229 2253 dunt
263 2201 313 2250 in
352 2198 447 2250 illis
484 2200 647 2257 cartis,
688 2200 884 2249 discunt
920 2200 1290 2264 grammaticam
1331 2204 1379 2248 et
1415 2197 1644 2263 logicam.
1719 2198 1780 2247 Et
1817 2201 2094 2263 composuit
2120 2215 2270 2248 unum

45 2284 279 2337 nlndnm
316 2285 470 2342 scaci,
508 2286 559 2334 in
597 2300 697 2350 quo
734 2283 1001 2334 trahuntur
1038 2285 1341 2343 Quantitates
1367 2283 1691 2348 Syllabarum.
1767 2283 1828 2332 Et
1865 2284 2108 2347 pretendit
2145 2285 2272 2334 scire

102 2369 424 2428 hebraicum,
472 2375 523 2420 et
569 2371 824 2435 componit
870 2384 1042 2419 versus
1087 2371 1134 2418 in
1175 2370 1464 2418 Teutonico.
1542 2368 1603 2417 Et
1648 2368 1770 2417 dixit
1817 2368 1936 2417 mihi
1975 2384 2101 2418 unus
2140 2369 2270 2433 quod

42 2485 72 2509 ,υ
102 2454 213 2506 talis
248 2455 424 2506 doctor
460 2455 511 2505 in
550 2454 782 2504 omnibus
819 2454 1008 2504 artibus
1046 2456 1138 2503 scit
1175 2453 1377 2518 aliquid.
1453 2453 1594 2503 Tunc
1633 2468 1724 2517 ego
1772 2453 1976 2503 audiens
2025 2454 2149 2503 dixi:
2201 2454 2270 2502 ‘ln

101 2540 334 2592 mnibus
368 2539 577 2606 aliquid,
626 2541 674 2589 in
713 2546 818 2590 toto
856 2539 1006 2589 nibil'.
1083 2539 1143 2588 Et
1180 2544 1426 2590 steterunt
1463 2538 1529 2587 ibi
1569 2537 1718 2602 aliqui
1756 2539 1839 2603 qui
1876 2539 2110 2588 riserunt.
2188 2539 2273 2589 Est

45 2619 60 2625 ⁸
103 2630 269 2683 antem
306 2624 390 2676 ille
427 2625 601 2676 doctor
639 2639 851 2690 magnus
888 2626 1077 2675 amicus
1115 2624 1347 2674 Iohannis
1385 2622 1644 2674 Reucblin.
1721 2622 1955 2673 Diabolus
2006 2624 2273 2674 confundat

46 2721 238 2763 nuum.
309 2710 416 2776 Ego
452 2710 603 2760 timeo
641 2711 771 2776 quod
800 2711 944 2760 l'aciet
970 2710 1050 2760 hic
1078 2726 1191 2760 cum
1218 2709 1479 2760 Canonicis
1506 2715 1553 2759 et
1579 2708 1683 2758 aliis
1710 2707 1927 2766 ClericiS,
1968 2709 2099 2774 quod
2128 2716 2272 2758 erunt

103 2810 197 2863 pro
231 2794 492 2848 Reuchlin.
566 2795 695 2846 Dixit
732 2811 891 2860 nuper
927 2795 1094 2847 multis
1131 2794 1460 2852 audientibuS,
1500 2795 1632 2859 quod
1673 2809 1800 2844 unus
1838 2809 1963 2859 puer
1990 2800 2152 2859 potest
2190 2810 2271 2844 co-

43 2906 76 2938 e:
103 2879 633 2945 gnoscere-stultitiam
672 2888 720 2931 et
757 2881 991 2932 fantasias
1040 2887 1088 2932 et
1134 2880 1340 2931 malitias
1378 2880 1745 2944 Theologorum
1785 2878 2175 2938 Coloniensium‚
2225 2888 2273 2929 et

102 2979 309 3020 morum
344 2966 711 3032 coherentium.
789 2967 850 3016 Et
895 2969 1073 3017 iuravit
1119 2967 1179 3016 ad
1229 2971 1398 3016 sancta
1448 2966 1771 3022 Sanctorum,
1826 2963 1956 3029 quod
2008 2965 2097 3013 nisi
2146 2979 2268 3029 papa

104 3049 252 3103 tuba
284 3051 638 3103 advertentiam
676 3059 724 3102 ct
762 3053 966 3117 corrigit
1004 3068 1090 3102 cos
1128 3052 1189 3103 de
1229 3051 1307 3101 illa
1357 3052 1703 3116 perversitate,
1757 3049 1886 3114 quod
1929 3049 2021 3098 erit
2058 3048 2269 3098 schisma

47 3136 158 3187 ..in
190 3135 410 3190 Ecclesia
458 3143 507 3188 et
553 3137 650 3188 fide
688 3137 977 3187 Christiana.
1054 3138 1178 3198 Quia
1228 3138 1270 3187 si
1319 3152 1446 3202 papa
1492 3136 1730 3200 permittit
1778 3133 1884 3184 illos
1934 3134 2099 3183 facere
2138 3133 2268 3190 talia,

51 3255 53 3258 ·
103 3234 252 3277 nomo
284 3227 459 3287 postea
495 3222 714 3274 studebit
751 3229 800 3273 et
837 3223 992 3273 Nemo
1033 3222 1265 3288 cogitabit
1301 3222 1406 3271 fieri
1447 3221 1635 3270 doctus,
1712 3219 1773 3268 Et
1819 3234 1969 3284 super
2018 3218 2113 3269 hoc
2153 3218 2272 3268 dixit

46 3305 502 3387 *quodneuchlin
538 3322 640 3358 uno
678 3307 758 3358 die
795 3306 909 3374 plus
946 3312 1108 3373 potest
1144 3307 1384 3372 prodesse
1411 3305 1630 3370 Ecclesie
1670 3305 1747 3354 dei
1786 3320 1932 3369 quam
1972 3305 2049 3354 isti
2087 3305 2269 3354 inimici

50 3390 236 3452 m
243 3392 296 3445 in
331 3398 533 3444 centum
569 3394 728 3443 annis.
803 3393 866 3442 Et
912 3392 1055 3443 dixit:
1106 3394 1165 3442 ‘si
1212 3399 1329 3443 sunt
1376 3391 1494 3441 boni
1533 3396 1616 3440 aut
1652 3390 1775 3440 recti
1814 3390 1925 3448 viri,
1974 3389 2048 3439 vel
2086 3389 2271 3439 babent

49 3474 278 3532 amm
315 3494 514 3529 cansam
554 3483 725 3528 contra
750 3477 1019 3534 Reuchlin,
1060 3492 1214 3543 quare
1254 3492 1354 3526 non
1392 3483 1546 3540 agunt
1581 3490 1671 3540 per
1709 3476 1793 3526 se?
1831 3474 1995 3534 Quale
2034 3490 2122 3539 per
2150 3474 2269 3537 bap-

105 3539 302 3613 tiletum
340 3562 545 3628 ludeum
585 3562 752 3611 volunt
790 3563 1024 3627 expedire
1063 3563 1265 3626 negocia
1306 3577 1419 3618 sua,
1470 3567 1518 3610 et
1556 3561 1741 3610 faciunt
1778 3559 1933 3609 libros
1971 3558 2267 3609 scandaliza-

215 3716 236 3745 ⁴
262 3719 404 3761 michi
435 3724 476 3761 5.
564 3718 583 3745 ⁷
612 3719 849 3774 Sequenles
880 3723 922 3760 3.
956 3733 1103 3761 verens
1132 3720 1176 3760 in
1206 3722 1247 3759 4.
1272 3724 1313 3759 et
1345 3723 1384 3760 5.
1408 3730 1491 3759 non
1521 3723 1719 3772 tanquam
1753 3718 1929 3768 ‘'metr-a,
1962 3718 2042 3756 secl
2069 3721 2265 3767 tumsutm

63 3818 66 3819 ν
101 3788 332 3843 fpmsaica’
363 3793 569 3844 eaepresei
592 3796 705 3832 eunt.
792 3791 994 3832 Rhoma:
1026 3791 1119 3832 Ubi
1149 3795 1191 3831 5.

219 3858 252 3887 ¹⁸
282 3860 344 3905 Μ.
366 3866 408 3904 6.
517 3859 552 3887 ¹⁴
580 3861 643 3905 Μ.
666 3866 708 3902 5.
817 3860 851 3887 ¹⁹
882 3861 1063 3903 loicam.
1087 3866 1128 3902 5.
1226 3859 1262 3888 ²⁴
1294 3861 1484 3902 Ioannis
1514 3865 1556 3903 5.
1645 3860 1679 3886 ²⁹
1713 3873 1804 3906 eos,
1838 3859 1892 3898 de
1927 3860 1966 3897 4.
2003 3870 2101 3896 eos:
2136 3855 2189 3894 de
2222 3857 2261 3893 5.

105 3924 144 3955 ⁸¹
169 3929 346 3987 Eccl'iq
377 3934 418 3974 4.
452 3932 648 3974 ecclesie
680 3938 721 3974 5.
810 3931 846 3959 ³⁴
877 3934 1019 3987 ludet]
1053 3935 1093 3974 4.
1182 3931 1219 3958 ³⁵
1249 3933 1439 3986 negotia
1470 3936 1511 3972 5.
1602 3931 1708 3971 sua?
1742 3931 1800 3969 Et
1832 3932 1926 3968 45.
