2456 4264
252 238 371 294 222
840 259 1078 286 EPISTOLAE
1101 256 1408 285 onscvnonvm
1429 255 1638 284 vmonvu
1659 256 1808 286 novAE.

251 391 309 438 de
347 387 597 437 sodalitate
637 392 799 434 nostra
840 400 983 449 quam
1022 383 1283 432 habuimus
1309 383 1515 432 invicem
1544 397 1654 431 cum
1681 384 1905 431 stetimus
1930 382 2202 446 Daventrie.
2266 382 2397 445 Ergo

251 488 406 536 nuper
454 470 532 520 ille
580 471 773 519 Beanus
820 470 1018 516 veniens
1066 467 1163 514 huc
1213 473 1271 515 et·
1304 473 1507 531 portans
1554 466 1673 514 mihi
1719 456 1835 515 illud
1887 473 2098 515 vestrum
2153 467 2395 515 dictamen

249 557 365 604 dixit
402 555 529 617 quod
570 554 753 602 dixistis
804 553 847 599 ei
887 551 942 599 ‘O
982 550 1060 599 ille
1099 550 1312 599 Iodocus·
1342 566 1433 615 pro
1472 565 1603 599 nunc
1642 555 1715 599 est
1750 551 1799 597 in
1837 551 1992 614 patria
2034 556 2082 599 et
2126 550 2274 599 habet
2309 550 2396 598 bo·

250 653 338 685 nos
364 638 466 685 dies
493 643 540 685 et
565 651 666 683 non
695 641 834 684 curat
870 650 960 698 pro
1001 633 1110 682 me'.
1186 634 1289 697 Ego
1327 633 1605 697 respondeo
1643 634 1774 697 quod
1812 633 1933 682 nihil
1971 639 2059 682 est.
2135 635 2255 692 Quia
2295 649 2393 682 non

247 737 352 769 sum
393 721 452 769 de
491 719 690 775 talibuS‚
732 725 776 768 et
817 719 976 767 adhuc
1015 717 1140 767 bene
1178 719 1279 767 scio
1319 718 1564 782 quomodo
1603 733 1800 782 semper
1838 717 2094 782 Daventrie
2133 719 2433 782 scripsistiS5

246 805 302 853 ad
343 806 600 870 parietem:

499 887 589 944 Qui
629 886 803 951 procul
843 893 911 936 est
952 885 1131 944 oculiS‚
1241 885 1415 949 procul
1455 892 1527 935 est
1563 901 1588 935 a
1630 885 1792 935 cordis
1831 884 2030 935 lumine.

246 975 305 1023 Et
341 989 431 1038 per
469 973 642 1028 deum,
689 972 796 1020 heri
834 972 1028 1035 quando
1069 971 1248 1020 suimus
1288 972 1334 1018 in
1375 969 1502 1028 Cena
1544 976 1591 1019 et
1628 970 1890 1019 habuimus
1927 970 1988 1019 de
2036 969 2130 1019 illis
2178 970 2395 1034 piscibus

247 1058 306 1106 de
354 1058 507 1120 patria
558 1071 664 1104 mea
704 1058 787 1119 qui
827 1062 1063 1104 vocantur
1102 1056 1247 1118 Ame,
1298 1056 1406 1119 quia
1458 1061 1599 1118 pater
1649 1069 1789 1104 meus
1835 1055 2046 1118 portavit
2082 1054 2225 1112 mihi,
2276 1062 2394 1104 tunc

246 1142 406 1205 optavi
443 1156 527 1189 vos
566 1146 613 1189 et
649 1140 774 1188 dixi:
817 1139 871 1188 ‘O
910 1141 950 1187 si
987 1140 1214 1203 Magister
1253 1139 1482 1188 Ortvinus
1520 1138 1724 1188 deberet
1760 1153 1867 1187 esse
1903 1153 2106 1202 presens
2144 1144 2192 1188 et
2229 1154 2391 1188 come·
2409 1151 2450 1186 ιο

247 1226 362 1274 dere
401 1225 461 1273 de
498 1223 676 1273 talibus
714 1223 955 1287 piscibuS,
1005 1229 1123 1273 tunc
1172 1238 1259 1271 cor
1298 1222 1499 1272 deberet
1539 1222 1659 1271 mihi
1705 1221 1873 1286 letari’.
1948 1223 2220 1287 Respondit
2256 1229 2395 1288 pater

246 1325 383 1358 meus
432 1309 566 1367 ‘Quis
615 1314 686 1356 est
731 1309 820 1356 iste
858 1307 1134 1357 Ortvinus?’
1180 1314 1297 1357 tunc
1347 1308 1445 1356 dixi
1495 1308 1538 1356 ei
1576 1306 1706 1371 quod
1744 1308 1860 1356 estis
1898 1308 2061 1356 socius
2097 1323 2236 1357 meus
2273 1309 2393 1357 anti-

245 1409 384 1457 quim,
425 1398 472 1442 et
509 1393 664 1442 fuistis
703 1407 895 1442 mecum
925 1392 1195 1456 Daventrie,
1236 1399 1283 1441 et
1321 1391 1514 1455 quando
1553 1406 1644 1455 ego
1682 1390 1750 1440 fui
1787 1406 1954 1441 secum
1994 1390 2141 1449 domi,
2180 1391 2277 1441 Vos
2302 1392 2392 1441 l'ui-

244 1478 328 1526 stis
364 1478 649 1540 primarius;
701 1483 747 1525 et
797 1483 962 1540 postea
1000 1478 1050 1524 in
1089 1477 1399 1526 universitate
1439 1474 1714 1525 Coloniensi
1754 1475 1910 1526 fuistis
1949 1476 2200 1540 depositor
2237 1491 2392 1533 meuS,

244 1561 439 1624 quando
478 1560 679 1624 deposui
718 1560 972 1618 beanium,
1022 1562 1131 1624 quia
1171 1575 1255 1608 vos
1291 1561 1488 1610 venistis
1526 1576 1677 1609 unum
1716 1575 1898 1610 annum
1935 1566 2047 1609 ante
2085 1575 2164 1609 me
2201 1560 2261 1610 ad
2301 1560 2448 1618 (Σο-15

242 1644 447 1702 Ioniam,
498 1651 544 1715 et
590 1650 755 1707 postea
806 1645 915 1693 steti
964 1644 1213 1694 vobiscum
1255 1659 1408 1707 usque
1457 1645 1516 1694 ad
1566 1645 1772 1709 gradum
1824 1643 2227 1694 baculaureatus:
2276 1650 2393 1694 tunc

244 1743 326 1777 vos
364 1729 620 1791 accepistis
669 1728 1015 1791 magisterium.
1093 1729 1185 1777 Sed
1237 1743 1326 1792 ego
1375 1734 1633 1793 promotus
1679 1729 1728 1777 in
1776 1716 2081 1779 bacularium
2130 1728 2190 1777 (16
2239 1729 2391 1791 gratia

242 1813 319 1861 dei
370 1813 554 1861 recessi
606 1811 663 1860 ad
705 1812 1067 1862 universitatem
1107 1813 1610 1876 Wittenpergensem:
1659 1818 1777 1862 tunc
1824 1812 1892 1862 fui
1939 1812 2213 1875 scholirega
2252 1812 2390 1862 hinc—

238 1896 378 1944 inde:
430 1902 477 1945 et
522 1897 591 1945 sic
640 1911 737 1944 non
786 1897 880 1945 vidi
928 1912 1028 1946 vos.
1103 1897 1162 1945 Et
1210 1897 1307 1945 dixi
1358 1897 1400 1947 ei
1438 1895 1587 1946 multa
1629 1897 1689 1946 (16
1725 1895 1879 1947 vobis.
1954 1897 2015 1945 Et
2053 1897 2150 1946 dixi
2189 1898 2232 1946 ei
2269 1912 2389 1962 quo-

239 1979 383 2028 modo
421 1978 571 2028 semel
609 1981 702 2029 seci
741 1996 823 2030 vos
861 1981 1023 2029 ridere
1062 1980 1256 2045 quando
1295 1979 1497 2046 allegavi
1534 1980 1670 2031 vobis
1707 1979 1825 2031 illud
1863 1986 2098 2031 metrum:
2405 1997 2448 2030 2⁰

524 2064 643 2113 Veni
683 2066 925 2129 Spandaw
963 2080 1170 2129 aggere,
1282 2071 1399 2115 tunc
1436 2066 1756 2129 inspexerunt
1793 2080 1871 2114 me
1908 2065 2042 2130 Arne.

238 2154 285 2197 et
322 2148 418 2197 dixi
456 2148 594 2197 vobis
633 2150 879 2213 quomodo
920 2150 1070 2200 Beani
1118 2150 1166 2198 in
1206 2149 1446 2214 Spandaw
1494 2155 1881 2215 composuerunt
1929 2149 2021 2199 tale
2069 2155 2280 2200 metrum
2329 2138 2389 2200 (16

238 2234 484 2281 teutonico
523 2234 573 2280 in
610 2233 839 2292 latinum,
881 2235 992 2299 quia
1031 2235 1332 2284 teutonicum
1372 2234 1442 2283 sic
1479 2241 1643 2284 sonat:
2180 2241 2182 2245 ’

713 2317 797 2366 Ick
835 2317 945 2367 kam
986 2332 1115 2381 genn
1156 2318 1399 2384 Spandaw
1438 2334 1536 2384 opp
1575 2319 1671 2369 den
1710 2318 1844 2375 dam,

712 2403 809 2452 Dar
846 2417 995 2467 segen
1035 2402 1161 2452 mick
1201 2403 1261 2452 de
1299 2403 1560 2467 plontzgen
1598 2418 1712 2452 ann.
1984 2394 1990 2401 ’
2398 2415 2442 2450 25

238 2485 295 2532 Et
332 2500 422 2548 pro
460 2491 578 2534 tunc
617 2486 800 2536 dixistis
837 2487 954 2535 mihi
994 2487 1121 2551 quod
1171 2489 1309 2552 prius
1357 2487 1629 2537 nescivistis
1677 2488 1805 2552 quod
1861 2487 1938 2538 ille
1985 2488 2156 2551 piscis,
2204 2488 2388 2538 scilicet

236 2568 486 2631 plotzken,
537 2569 683 2619 latine
732 2577 932 2620 vocatur
969 2572 1112 2636 Arne:
1165 2578 1212 2621 et
1258 2570 1459 2636 allegavi
1506 2570 1599 2621 tale
1648 2577 1859 2622 metrum
1899 2578 1946 2622 et
1981 2587 2068 2621 vos
2104 2573 2278 2622 risistis
2314 2574 2385 2622 in·
2423 2619 2427 2623 .

237 2653 376 2708 time,
427 2659 474 2702 et
520 2657 879 2718 consequenter
927 2655 1024 2704 dixi
1073 2655 1208 2704 vobis
1258 2655 1468 2720 qualiter
1512 2655 1595 2705 ille
1641 2658 1787 2720 piscis
1836 2662 1910 2707 est
1945 2658 1993 2706 in
2033 2671 2208 2721 magna
2247 2658 2385 2722 copia

236 2736 362 2799 apud
402 2752 512 2786 nos:
564 2744 611 2786 et
656 2754 783 2789 unus
832 2740 914 2803 qui
966 2745 1039 2788 est
1086 2741 1146 2789 ita
1199 2739 1374 2804 longus
1411 2741 1538 2790 sicut
1575 2740 1831 2790 brachium
1882 2757 2071 2798 meum,
2122 2743 2199 2790 vix
2247 2740 2386 2791 solvit

237 2834 384 2868 unum
424 2836 663 2884 grossum.
739 2824 799 2872 Et
837 2823 1047 2873 dixistis:
1090 2823 1146 2873 ‘O
1185 2824 1320 2881 deuS,
1362 2826 1403 2873 si
1442 2839 1662 2874 essemus
1699 2824 1803 2874 ihi!'
1845 2831 1892 2875 et
1929 2841 2048 2890 ergo
2086 2826 2195 2875 heri
2221 2826 2439 2890 optaviso

235 2904 365 2966 quod
422 2906 588 2955 essetis
638 2923 847 2956 mecum.
923 2908 1048 2957 Dixit
1094 2914 1256 2958 autem
1306 2916 1446 2972 pater
1493 2924 1632 2959 meus
1681 2908 1867 2959 ‘Credis
1913 2910 2042 2974 quod
2092 2911 2235 2959 etiam
2285 2925 2381 2959 non

234 2987 381 3037 habet
417 2990 575 3051 pisces
614 2990 855 3055 Colonie‘?’
906 2992 1011 3040 Dixi
1060 2993 1103 3041 ei
1154 2993 1401 3056 quomodo
1439 2994 1598 3057 pisces
1636 2992 1832 3059 Colonie
1870 3001 1983 3044 sunt
2018 2995 2067 3043 in
2106 3009 2221 3047 caro
2258 2995 2380 3043 foro.

236 3071 330 3120 Sed
368 3074 628 3136 scripsistis
665 3075 783 3123 mihi
822 3076 950 3140 quod
990 3077 1250 3140 negocium
1291 3083 1503 3126 vestrum
1543 3092 1643 3126 non
1690 3077 1818 3128 bene
1868 3084 1964 3128 stat
2011 3086 2058 3128 et
2104 3077 2230 3128 male
2268 3093 2380 3143 pro-

236 3155 361 3202 cedit
397 3156 533 3204 vobis
570 3159 619 3205 in
659 3158 781 3208 urbe
818 3160 989 3217 Roma,
1030 3166 1077 3209 et
1115 3161 1243 3226 quod
1283 3161 1500 3212 fautores
1536 3162 1766 3212 Iohannis
1802 3162 2042 3213 Reuchlin
2084 3163 2264 3212 faciunt
2301 3178 2405 3212 vo-.
2455 3197 2456 3230 3

234 3236 308 3285 bis
346 3254 546 3302 magnas
582 3242 847 3293 instantias,
922 3244 1119 3294 Debetis
1156 3245 1274 3294 mihi
1312 3246 1515 3296 credere
1554 3247 1684 3311 quod
1722 3249 1787 3296 ita
1826 3247 1968 3297 doleo
2007 3247 2067 3297 de
2093 3246 2230 3297 vobis
2255 3235 2456 3297 sicutas'

235 3325 403 3371 essetis
439 3329 593 3374 mater
630 3341 753 3376 mea.
829 3328 925 3378 Sed
973 3343 1119 3393 spero
1170 3330 1300 3393 quod
1350 3331 1576 3381 dominus
1615 3332 1738 3382 deus
1776 3331 1910 3382 dabit
1946 3331 2295 3395 benignitatem
2334 3337 2381 3380 et
2452 3323 2456 3411 ᾗ

234 3411 363 3454 terra
404 3412 568 3455 nostra
607 3408 739 3458 dabit
774 3411 988 3461 fructum
1027 3428 1186 3478 suum,
1225 3414 1275 3463 id
1303 3420 1376 3464 est
1401 3430 1485 3464 vos
1512 3415 1826 3466 Colonienses
1851 3415 2087 3479 Theologi
2123 3422 2378 3482 postquam
2451 3415 2456 3479 l

234 3488 566 3540 combussistis
602 3491 754 3543 libros
790 3495 1094 3560 hereticaleS,
1134 3498 1488 3548 fructificabitis
1526 3501 1573 3549 in
1615 3499 1818 3551 ecclesia
1846 3500 1924 3550 dei
1949 3501 2262 3565 predicando,
2301 3514 2377 3549 ar·
2450 3557 2456 3564 ¹

234 3586 569 3593 ———
2448 3587 2453 3608 l

347 3643 358 3669 ¹
395 3658 418 3685 e
441 3646 482 3686 4.
514 3659 539 3697 (ξ
562 3649 601 3685 5.
662 3645 679 3671 ²
709 3646 846 3687 michi
877 3651 916 3689 5.
950 3656 990 3689 et
1018 3651 1081 3690 sie
1109 3652 1226 3703 infra
1257 3654 1283 3691 4
1314 3654 1429 3694 loeis.
1489 3653 1507 3677 ⁷
1539 3653 1680 3696 cozdis
1711 3654 1895 3695 lumine.
1918 3656 1980 3695 sic·
2001 3657 2094 3695 4.5.
2155 3654 2172 3679 9
2201 3654 2312 3695 Ame
2333 3655 2375 3695 4.
2448 3688 2450 3690 .

234 3711 269 3740 ¹⁰
298 3714 359 3754 M.
383 3715 424 3754 4.
439 3719 478 3755 5.
569 3714 603 3740 ¹²
634 3715 711 3755 ille
733 3720 774 3759 5.
814 3727 818 3730 ”
863 3716 897 3742 ¹³
927 3718 988 3757 Et
1017 3722 1057 3758 4.
1149 3752 1159 3762 .
1180 3722 1239 3760 Et
1270 3725 1309 3761 5.
1398 3735 1424 3774 Q
1456 3725 1495 3763 4.
1529 3735 1552 3762 e
1583 3727 1623 3764 5.
1712 3723 1747 3750 ¹⁸
1776 3723 2095 3778 wittenpergfl:
2128 3729 2169 3765 5.
2200 3725 2375 3765 Vitten-

232 3781 397 3838 pergfi:
429 3788 469 3824 5.
529 3783 561 3810 2¹
595 3785 721 3825 Ame.
746 3788 787 3825 4.
846 3785 883 3811 ²5
913 3787 1128 3840 plotzgen
1151 3792 1190 3829 4.
1223 3790 1437 3844 plotzgen
1459 3795 1498 3831 5.
1561 3805 1634 3834 an.
1657 3796 1696 3834 5.
1755 3793 1790 3819 ³³
1821 3827 1832 3837 .
1856 3795 1930 3835 sed
1951 3799 1990 3836 5.
2052 3793 2087 3820 ³⁴
2117 3795 2312 3835 Rhoma:
2334 3796 2374 3833 ⁵.

232 3855 417 3894 Ioannis
449 3858 488 3895 5.
577 3854 613 3879 ³5
642 3856 706 3895 mi
735 3860 776 3896 5.
862 3856 900 3882 3⁶
929 3888 940 3899 .
963 3858 997 3909 s3
1027 3862 1066 3898 5.
1154 3858 1189 3883 3⁷
1224 3890 1232 3899 .
1257 3859 1376 3899 Idest
1406 3863 1447 3900 4.
1481 3891 1491 3900 .
1514 3862 1564 3900 Id
1596 3863 1660 3902 est
1690 3867 1728 3903 5.
