2456 4264
267 226 382 284 106
551 249 647 281 ΙΟΔ.
666 249 979 279 PEPERICORNI
1002 246 1232 277 DEFENSIO
1255 244 1438 275 CONTRA
1460 243 1671 273 FAuOSAS
1694 245 1738 273 Ο.
1758 245 1802 274 V.
1826 242 2099 274 EPISTOLAS.

258 381 455 431 brachii
484 381 726 439 secularis
751 379 1056 438 officialium,
1091 377 1276 425 scilicet
1301 375 1555 424 consulum
1589 377 1682 422 etc.
1713 387 1745 420 a
1770 373 1940 433 Iudeis
1973 374 2223 434 predictos
2253 374 2404 422 libros

257 479 414 527 supra
450 466 775 526 specificatos‚
813 462 1038 509 videlicet
1077 460 1308 508 Thalmut
1340 460 1591 520 recipiant
1618 471 1681 506 ac
1715 459 1891 506 tollant
1923 463 1972 506 et
2009 457 2098 506 sub
2131 463 2271 506 certa
2302 471 2401 519 po-

259 559 381 598 nant
416 547 656 597 custodia.
728 545 795 593 Et
827 549 882 593 ut
915 548 1074 592 vestra
1108 545 1436 604 imperatoria
1471 544 1702 590 maiestas
1739 543 1911 591 melius
1941 542 2245 602 faciliusque
2271 555 2401 603 pos-

255 635 318 681 sit
354 631 623 689 certificari
668 629 731 676 de
778 628 916 676 libris
961 629 1169 688 receptis
1218 640 1250 673 a
1293 626 1466 685 Iudeis
1502 640 1564 674 ac
1609 627 1728 686 ipsis
1774 625 2010 685 dimissis,
2058 631 2174 687 quot
2218 628 2404 675 scilicet

257 718 343 777 qui
369 720 417 763 et
452 715 623 774 quales
661 714 781 772 sint,
818 712 891 760 ad
917 711 1289 773 precavendum
1325 711 1474 758 etiam
1511 710 1675 758 dolum
1708 714 1756 757 et
1785 708 2031 769 fraudem
2045 748 2057 770 ,
2106 712 2403 759 consulimus
2419 727 2439 758 5

256 806 310 849 ut
343 812 505 848 omnes
544 798 673 846 libri'
693 802 793 845 tam
831 797 1021 858 recepti
1049 808 1196 856 quam
1232 795 1421 842 dimissi
1447 808 1547 855 per
1590 795 1836 843 notarium
1868 794 2122 855 publicum
2157 808 2268 844 cum
2301 797 2404 843 suis

253 884 474 946 propriis
509 882 782 931 nominibus
818 881 1036 929 distincti
1065 881 1116 927 in
1152 879 1338 927 duobus
1371 880 1597 939 registris
1629 878 1846 928 eiusdem
1872 881 2054 928 tenoris
2074 880 2421 928 conscriban-

257 974 351 1029 tur,
389 980 595 1029 quorum
631 979 780 1015 unum
814 970 1015 1014 maneat
1047 977 1159 1013 cum
1192 964 1332 1012 libris
1358 965 1570 1025 receptis
1596 964 1647 1011 in
1671 964 1790 1022 low,
1827 963 1912 1012 ubi
1932 964 2051 1012 libri
2070 965 2259 1026 recepti
2276 969 2402 1024 sunt,

255 1056 467 1103 alterum
505 1056 659 1111 vestre
698 1051 903 1110 Cesaree
938 1050 1186 1098 maiestati
1215 1050 1461 1108 mittatur,
1498 1052 1547 1097 et
1576 1049 1648 1097 ita
1679 1049 1773 1108 fiat
1803 1049 1854 1097 in
1887 1048 2107 1098 omnibus
2142 1054 2190 1097 et
2223 1051 2402 1109 sinqu-

252 1140 314 1188 lis
349 1139 467 1187 locis
503 1137 588 1185 ubi
613 1135 763 1194 Iudei
797 1134 1031 1183 habitant.
2424 1148 2456 1182 ω

398 1222 439 1270 ([
478 1221 634 1280 Quum
671 1224 829 1268 autem
865 1219 982 1268 libri
1014 1217 1293 1280 recipiendi
1314 1219 1492 1279 plures
1537 1218 1656 1277 sint,
1702 1223 1751 1266 et
1789 1230 1887 1266 non
1925 1218 1988 1267 de
2016 1217 2171 1277 facili
2199 1223 2407 1280 possunt

257 1308 477 1357 discerni
514 1307 627 1354 boni
660 1319 692 1352 a
722 1305 889 1363 malis,
930 1304 976 1351 si
1002 1304 1090 1364 qui
1118 1307 1279 1351 tamen
1314 1302 1607 1351 tollerabiles
1637 1304 1765 1351 inter
1798 1305 1922 1352 tales
1953 1304 2174 1365 reperiri
2192 1307 2403 1364 possent,

257 1393 329 1440 ad
357 1390 700 1453 precavendas
736 1390 880 1438 etiam
915 1389 1144 1448 querelas
1178 1387 1448 1447 Iudeorum
1462 1424 1474 1446 ,
1521 1387 1716 1435 videtur
1756 1387 1894 1436 nobis
1937 1388 2073 1449 quod
2114 1395 2226 1450 post
2259 1401 2403 1436 rece-

254 1478 467 1539 ptionem
504 1476 600 1524 hac
637 1474 964 1534 descriptione
998 1472 1236 1521 librorum
1250 1510 1262 1533 ,
1300 1476 1356 1519 ut
1375 1472 1693 1532 premittitur,
1729 1477 1891 1521 vestra
1924 1472 2138 1532 Cesarea
2175 1474 2405 1521 maiestas

255 1563 521 1610 committat
550 1558 793 1620 aliquibus
829 1559 949 1606 viris
976 1559 1156 1619 peritis
1191 1558 1243 1606 in
1278 1556 1532 1606 Hebraica
1569 1569 1632 1605 ac
1662 1555 1847 1606 Latina
1881 1557 2070 1618 linqua,
2102 1557 2312 1605 honestis
2338 1570 2401 1605 ac
2422 1575 2456 1608 ιε

254 1647 400 1696 deum
437 1644 729 1704 timentibus,
767 1644 856 1704 qui
879 1649 1101 1704 receptos
1130 1642 1461 1703 repositosque
1493 1640 1645 1690 libros
1675 1641 1938 1703 ditiyenter
1971 1642 2231 1691 lustrando
2263 1644 2402 1691 revi·

255 1733 430 1795 deant,
477 1737 523 1779 et
567 1730 612 1778 si
651 1729 928 1777 invenirent
959 1729 1152 1788 aliquos
1191 1729 1243 1776 in
1276 1725 1613 1789 philosophia,
1661 1727 1713 1774 in
1755 1726 2013 1775 medicinis
2047 1732 2095 1776 et
2133 1729 2186 1775 in
2218 1731 2401 1789 septem

256 1816 444 1864 artibus
487 1813 770 1863 liberalibus
812 1825 876 1861 ac
917 1813 1178 1871 similibus,
1230 1814 1467 1861 immunes
1512 1817 1679 1860 tamen
1735 1823 1767 1858 a
1801 1811 2050 1872 predictis
2101 1810 2403 1861 Talmudicis

253 1900 583 1961 blasphemiis,
617 1898 966 1961 impietatibus,
1006 1897 1257 1946 erroribus
1286 1902 1335 1945 et
1356 1896 1629 1957 heresibuS,
1666 1898 1790 1945 tales
1812 1901 2023 1958 possunt
2049 1910 2120 1946 ex,
2149 1897 2270 1958 ipsis
2305 1895 2402 1944 Iu-

255 1985 358 2043 deis
391 1998 457 2032 ex
502 1985 836 2032 commissione
875 1987 1032 2042 vestre
1071 1967 1279 2041 Cesaree
1323 1983 1593 2031 maiestatis
1626 1982 1841 2038 restitui,
1870 1978 2010 2042 'quos
2045 1981 2194 2042 Iudei
2220 1981 2403 2031 habere
2419 1997 2456 2032 2ss

247 2074 446 2130 possent
484 2081 595 2117 cum
632 2069 805 2128 viqinti
832 2072 1046 2128 quatuor
1082 2067 1221 2116 libris
1259 2068 1330 2116 eis
1363 2081 1397 2116 a
1424 2068 1683 2136 principio
1715 2066 1942 2116 dimissis.

335 2169 339 2172 ·
396 2153 438 2201 (Ι
479 2154 552 2202 De
577 2153 791 2202 residuis
818 2166 932 2200 vero
963 2152 1102 2201 libris
1135 2152 1439 2201 damnandis
1472 2153 1771 2202 consulimus
1789 2153 1937 2212 -eleyi
1965 2153 2158 2213 aliquos
2193 2153 2245 2200 in-
2274 2166 2404 2213 per-

248 2252 459 2300 qameno
492 2240 745 2300 scriptura
781 2251 845 2286 ac
873 2237 1167 2286 charactere
1197 2239 1409 2298 meliore,
1446 2243 1500 2286 ut
1531 2237 1894 2287 distribuantur
1929 2238 1983 2285 in
2006 2237 2227 2285 librariis
2252 2236 2403 2285 Chri-

253 2326 549 2383 stianorum,
587 2323 748 2384 ibique
783 2323 941 2383 liqari
972 2322 1193 2371 cathenis
1223 2321 1425 2383 ferreis,
1461 2336 1524 2371 ne
1556 2321 1934 2382 subtrahantur,
1966 2326 2021 2370 ut
2052 2323 2150 2370 sint
2181 2323 2232 2370 in
2265 2335 2406 2370 usum

258 2409 648 2457 Christianorum
692 2407 1020 2456 studiosorum
1073 2413 1121 2455 et
1167 2409 1217 2456 in
1258 2412 1556 2469 perpetuum
1610 2407 1932 2456 testimonium
1985 2411 2158 2456 contra
2203 2406 2399 2471 Iudeos.
2419 2424 2456 2458 25

254 2506 365 2542 cum
412 2494 556 2541 etiam
583 2493 660 2549 his
701 2493 927 2541 convinci
950 2497 1163 2554 possunt
1207 2493 1269 2541 de
1308 2492 1649 2554 blasphemiis,
1686 2491 2036 2554 impietatibus,
2072 2491 2325 2541 erroribus
2359 2495 2408 2541 et

254 2577 525 2637 heresibus,
554 2582 765 2639 propter
798 2592 890 2638 que
925 2579 996 2626 eis
1031 2579 1153 2626 iuste
1189 2577 1374 2627 sublati
1403 2579 1515 2626 sint.
1540 2573 1562 2645 ΙΙ

142 2670 244 2724 (31⁸4)
396 2661 437 2708 (Ι
469 2661 710 2711 Residuos
743 2667 905 2711 autem
941 2675 1105 2711 omnes
1129 2663 1314 2710 vindex
1348 2675 1584 2712 errorum
1612 2667 1660 2712 et
1692 2663 1992 2727 impietatum
2018 2674 2179 2710 vorax
2196 2628 2405 2721 flamma

256 2754 529 2806 consumat,
567 2747 976 2808 quemadmodum
1000 2747 1417 2796 Reverendissimi
1442 2748 1649 2797 consilia
1683 2747 1869 2796 domini
1877 2746 2265 2808 Archiepiscopi
2285 2746 2404 2801 Mo-

254 2832 558 2891 quntinensis
591 2840 637 2880 et
672 2834 1044 2881 universitatum
1080 2846 1238 2894 supra
1273 2834 1674 2894 specificatarum
1707 2831 2030 2894 persuadent.
2417 2847 2456 2883 aa

394 2915 501 2965 Hoc
535 2922 631 2979 est,
675 2930 913 2977 qenerose
961 2917 1154 2965 domine
1197 2917 1349 2977 Cesar
1381 2921 1574 2978 semper
1609 2917 1850 2977 Auquste,
1897 2917 2151 2966 consilium
2185 2921 2403 2970 nostrum

254 3012 403 3062 super
446 3001 536 3049 hoc
577 3003 778 3062 neqocio
828 3015 861 3049 a
898 3001 1108 3061 Cesarea
1155 3007 1316 3051 vestra
1343 3002 1604 3051 Maiestate
1647 2995 1784 3050 nobis
1830 3003 2102 3062 commissO,
2148 3000 2404 3067 conforme

256 3086 469 3133 consiliis
505 3085 922 3135 Reverendissimi
950 3087 1138 3135 domini
1171 3087 1534 3148 archiepiscopi
1566 3086 1959 3147 Moyuntinensis
1991 3100 2055 3135 ac
2090 3100 2205 3148 sepe
2242 3087 2403 3134 nomi-

256 3173 488 3216 natarum
528 3171 912 3219 universitatum.
987 3171 1130 3229 Quod
1178 3172 1411 3231 diqnetur
1454 3172 1630 3221 eadem
1688 3171 1902 3231 Cesarea
1953 3172 2188 3220 maiestas
2240 3175 2402 3219 vestra
2455 3204 2456 3208 ,

255 3253 620 3302 clementissime
656 3257 849 3304 omnino
881 3257 1132 3318 suscipere
1170 3262 1316 3317 atque
1348 3254 1584 3317 tanquam
1621 3258 1892 3318 imperator
1927 3270 1990 3305 ac
2018 3256 2399 3305 Christianitatis
2454 3238 2456 3244 Α

255 3350 539 3398 supremum
575 3344 752 3399 caput:
792 3340 1193 3395 [Conservator
1218 3347 1472 3402 protector
1506 3355 1651 3390 verus
1681 3341 1906 3390 dominus
1935 3345 2082 3402 atque
2117 3341 2401 3400 advocatus,

253 3435 460 3483 presens
494 3424 745 3481 neqocium
781 3425 970 3473 salubri
998 3426 1147 3474 inicio
1182 3431 1399 3487 ceptum,
1437 3426 1834 3477 convenientibus
1871 3416 2044 3475 mediis
2080 3426 2152 3474 ad
2184 3430 2401 3487 optatum

260 3506 506 3554 deducere
545 3507 717 3566 finem,
767 3508 870 3556 Nec
908 3511 1021 3558 ullis
1054 3511 1462 3572 persuasionibus
1506 3512 1852 3574 imperfectum
1898 3512 2202 3571 relinquere,
2251 3523 2400 3571 quum

256 3592 362 3639 eius
400 3591 679 3638 intercessio
706 3599 819 3651 post
854 3598 954 3640 tam
987 3596 1254 3653 qloriosum
1275 3597 1585 3656 principium
1621 3597 1819 3646 cederet
1853 3597 1903 3643 in
1922 3601 2221 3658 perpetuam
2253 3594 2400 3654 infa-

255 3676 430 3733 miam,
478 3675 819 3734 vilipendium,
870 3689 932 3724 ac
979 3678 1218 3737 derisum,
1262 3679 1723 3740 deroyationemque
1767 3695 1864 3729 non
1900 3686 2087 3731 tantum
2123 3686 2280 3740 vestre
2314 3682 2399 3729 in·-

367 3798 385 3825 4
418 3797 540 3853 quot]
575 3811 619 3852 q²
642 3802 680 3841 1.
762 3799 796 3826 ¹8
820 3799 983 3854 fidictt3
1016 3801 1254 3843 almudicis
1278 3806 1316 3843 1.
1400 3803 1431 3829 ¹⁹
1464 3817 1517 3844 ex
1550 3805 1647 3857 (non
1681 3803 1742 3858 et)
1765 3807 1804 3846 1.
1881 3806 1919 3832 ²⁰
1947 3802 2102 3848 vestra
2133 3805 2212 3848 Ge.
2237 3819 2325 3847 ma.
2358 3801 2397 3848 1.

255 3869 292 3896 ²³
321 3870 663 3912 discribuantur
693 3874 732 3912 1.
