<?xml version="1.0" encoding="UTF-8"?>
<!DOCTYPE html PUBLIC "-//W3C//DTD XHTML 1.0 Transitional//EN"
    "http://www.w3.org/TR/xhtml1/DTD/xhtml1-transitional.dtd">
<html xmlns="http://www.w3.org/1999/xhtml" xml:lang="en" lang="en">
 <head>
  <title>
</title>
<meta http-equiv="Content-Type" content="text/html;charset=utf-8" />
  <meta name='ocr-system' content='tesseract 3.04.00' />
  <meta name='ocr-capabilities' content='ocr_page ocr_carea ocr_par ocr_line ocrx_word'/>
</head>
<body>
  <div class='ocr_page' id='page_1' title='image "./supoperaquaerepe01huttuoft_0108.png"; bbox 0 0 2456 4264; ppageno 0'>
   <div class='ocr_carea' id='block_1_1' title="bbox 201 228 1668 286">
    <p class='ocr_par' dir='ltr' id='par_1_1' title="bbox 201 228 1668 286">
     <span class='ocr_line' id='line_1_1' title="bbox 201 228 1668 286; baseline -0.007 -6"><span class='ocrx_word' id='word_1_1' title='bbox 201 228 278 286; x_wconf 81' lang='grc'><em>68</em></span> <span class='ocrx_word' id='word_1_2' title='bbox 854 245 956 275; x_wconf 72' lang='lat' dir='ltr'><em>Ems</em></span> <span class='ocrx_word' id='word_1_3' title='bbox 991 246 1088 275; x_wconf 83' lang='lat' dir='ltr'><em>OLAE</em></span> <span class='ocrx_word' id='word_1_4' title='bbox 1114 228 1421 274; x_wconf 60' lang='lat' dir='ltr'><em>ohscvnonvm</em></span> <span class='ocrx_word' id='word_1_5' title='bbox 1444 239 1668 271; x_wconf 69' lang='lat' dir='ltr'><em>vmonvm,</em></span> 
     </span>
    </p>
   </div>
   <div class='ocr_carea' id='block_1_2' title="bbox 192 368 2456 1448">
    <p class='ocr_par' dir='ltr' id='par_1_2' title="bbox 192 368 2456 1448">
     <span class='ocr_line' id='line_1_2' title="bbox 194 368 2348 442; baseline -0.006 -14"><span class='ocrx_word' id='word_1_6' title='bbox 194 381 365 442; x_wconf 70' lang='lat' dir='ltr'><em>Lipsiy</em></span> <span class='ocrx_word' id='word_1_7' title='bbox 401 380 471 427; x_wconf 88' lang='lat' dir='ltr'><em>ad</em></span> <span class='ocrx_word' id='word_1_8' title='bbox 500 392 600 426; x_wconf 85' lang='lat' dir='ltr'><em>me:</em></span> <span class='ocrx_word' id='word_1_9' title='bbox 635 390 722 425; x_wconf 80' lang='lat' dir='ltr'><em>nos</em></span> <span class='ocrx_word' id='word_1_10' title='bbox 753 377 987 424; x_wconf 80' lang='lat' dir='ltr'><em>habemus</em></span> <span class='ocrx_word' id='word_1_11' title='bbox 1021 377 1194 423; x_wconf 88' lang='lat' dir='ltr'><em>multos</em></span> <span class='ocrx_word' id='word_1_12' title='bbox 1231 374 1394 422; x_wconf 90' lang='lat' dir='ltr'><em>doctos</em></span> <span class='ocrx_word' id='word_1_13' title='bbox 1428 374 1688 432; x_wconf 71' lang='lat' dir='ltr'><em>maqistros</em></span> <span class='ocrx_word' id='word_1_14' title='bbox 1724 372 1866 432; x_wconf 88' lang='lat' dir='ltr'><em>apud</em></span> <span class='ocrx_word' id='word_1_15' title='bbox 1897 384 1997 431; x_wconf 78' lang='lat' dir='ltr'><em>nos,</em></span> <span class='ocrx_word' id='word_1_16' title='bbox 2035 376 2084 417; x_wconf 92' lang='lat' dir='ltr'><em>et</em></span> <span class='ocrx_word' id='word_1_17' title='bbox 2114 368 2348 416; x_wconf 79' lang='lat' dir='ltr'><em>habemus</em></span> 
     </span>
     <span class='ocr_line' id='line_1_3' title="bbox 196 439 2350 516; baseline -0.006 -3"><span class='ocrx_word' id='word_1_18' title='bbox 196 467 369 513; x_wconf 76' lang='lat' dir='ltr'><em>bouum</em></span> <span class='ocrx_word' id='word_1_19' title='bbox 405 463 659 512; x_wconf 81' lang='lat' dir='ltr'><em>comedere</em></span> <span class='ocrx_word' id='word_1_20' title='bbox 700 463 750 508; x_wconf 77' lang='lat' dir='ltr'><em>in</em></span> <span class='ocrx_word' id='word_1_21' title='bbox 796 461 946 507; x_wconf 89' lang='lat' dir='ltr'><em>bursa</em></span> <span class='ocrx_word' id='word_1_22' title='bbox 995 463 1163 507; x_wconf 78' lang='lat' dir='ltr'><em>nostra</em></span> <span class='ocrx_word' id='word_1_23' title='bbox 1209 463 1257 506; x_wconf 91' lang='lat' dir='ltr'><em>et</em></span> <span class='ocrx_word' id='word_1_24' title='bbox 1295 457 1472 507; x_wconf 87' lang='lat' dir='ltr'><em>cotidie</em></span> <span class='ocrx_word' id='word_1_25' title='bbox 1515 461 1696 516; x_wconf 92' lang='lat' dir='ltr'><em>septem</em></span> <span class='ocrx_word' id='word_1_26' title='bbox 1727 453 1933 513; x_wconf 85' lang='lat' dir='ltr'><em>fercula</em></span> <span class='ocrx_word' id='word_1_27' title='bbox 1970 439 2075 513; x_wconf 71' lang='lat' dir='ltr'><em>bis,</em></span> <span class='ocrx_word' id='word_1_28' title='bbox 2119 466 2264 500; x_wconf 81' lang='lat' dir='ltr'><em>mane</em></span> <span class='ocrx_word' id='word_1_29' title='bbox 2303 458 2350 500; x_wconf 88' lang='lat' dir='ltr'><em>et</em></span> 
     </span>
     <span class='ocr_line' id='line_1_4' title="bbox 195 537 2348 607; baseline -0.007 -10"><span class='ocrx_word' id='word_1_30' title='bbox 195 563 326 607; x_wconf 88' lang='lat' dir='ltr'><em>sero,</em></span> <span class='ocrx_word' id='word_1_31' title='bbox 376 549 558 595; x_wconf 79' lang='lat' dir='ltr'><em>scilicet</em></span> <span class='ocrx_word' id='word_1_32' title='bbox 592 547 813 593; x_wconf 88' lang='lat' dir='ltr'><em>Primum</em></span> <span class='ocrx_word' id='word_1_33' title='bbox 859 543 1044 591; x_wconf 87' lang='lat' dir='ltr'><em>dicitur</em></span> <span class='ocrx_word' id='word_1_34' title='bbox 1081 540 1330 602; x_wconf 71' lang='lat' dir='ltr'><em>‘Semper&#39;‚</em></span> <span class='ocrx_word' id='word_1_35' title='bbox 1378 541 1432 588; x_wconf 91' lang='lat' dir='ltr'><em>id</em></span> <span class='ocrx_word' id='word_1_36' title='bbox 1474 545 1548 588; x_wconf 89' lang='lat' dir='ltr'><em>est</em></span> <span class='ocrx_word' id='word_1_37' title='bbox 1589 540 1826 587; x_wconf 76' lang='lat' dir='ltr'><em>teutonice</em></span> <span class='ocrx_word' id='word_1_38' title='bbox 1861 542 2022 601; x_wconf 84' lang='lat' dir='ltr'><em>grutz,</em></span> <span class='ocrx_word' id='word_1_39' title='bbox 2067 537 2348 585; x_wconf 80' lang='lat' dir='ltr'><em>Secundum</em></span> 
     </span>
     <span class='ocr_line' id='line_1_5' title="bbox 198 618 2344 691; baseline -0.006 -11"><span class='ocrx_word' id='word_1_40' title='bbox 198 628 477 689; x_wconf 75' lang='lat' dir='ltr'><em>‘Contiuue&#39;,</em></span> <span class='ocrx_word' id='word_1_41' title='bbox 517 630 572 677; x_wconf 86' lang='lat' dir='ltr'><em>id</em></span> <span class='ocrx_word' id='word_1_42' title='bbox 602 634 676 676; x_wconf 88' lang='lat' dir='ltr'><em>est</em></span> <span class='ocrx_word' id='word_1_43' title='bbox 709 642 812 691; x_wconf 87' lang='lat' dir='ltr'><em>sop,</em></span> <span class='ocrx_word' id='word_1_44' title='bbox 858 626 1072 674; x_wconf 88' lang='lat' dir='ltr'><em>Tertium</em></span> <span class='ocrx_word' id='word_1_45' title='bbox 1112 622 1364 684; x_wconf 81' lang='lat' dir='ltr'><em>‘Cottidie&#39;,</em></span> <span class='ocrx_word' id='word_1_46' title='bbox 1413 626 1470 672; x_wconf 85' lang='lat' dir='ltr'><em>id</em></span> <span class='ocrx_word' id='word_1_47' title='bbox 1503 633 1574 672; x_wconf 91' lang='lat' dir='ltr'><em>est</em></span> <span class='ocrx_word' id='word_1_48' title='bbox 1610 618 1753 678; x_wconf 83' lang='lat' dir='ltr'><em>muss,</em></span> <span class='ocrx_word' id='word_1_49' title='bbox 1793 622 2032 680; x_wconf 77' lang='lat' dir='ltr'><em>Quartum</em></span> <span class='ocrx_word' id='word_1_50' title='bbox 2071 622 2344 681; x_wconf 81' lang='lat' dir='ltr'><em>‘Frequen-</em></span> 
     </span>
     <span class='ocr_line' id='line_1_6' title="bbox 195 705 2451 775; baseline -0.005 -12"><span class='ocrx_word' id='word_1_51' title='bbox 195 714 297 774; x_wconf 84' lang='lat' dir='ltr'><em>ter&#39;‚</em></span> <span class='ocrx_word' id='word_1_52' title='bbox 331 716 385 763; x_wconf 87' lang='lat' dir='ltr'><em>id</em></span> <span class='ocrx_word' id='word_1_53' title='bbox 419 718 491 761; x_wconf 89' lang='lat' dir='ltr'><em>est</em></span> <span class='ocrx_word' id='word_1_54' title='bbox 526 709 879 775; x_wconf 86' lang='lat' dir='ltr'><em>magersseisch,</em></span> <span class='ocrx_word' id='word_1_55' title='bbox 924 710 1153 767; x_wconf 77' lang='lat' dir='ltr'><em>Quintum</em></span> <span class='ocrx_word' id='word_1_56' title='bbox 1193 707 1377 771; x_wconf 79' lang='lat' dir='ltr'><em>‘Raro&#39;‚</em></span> <span class='ocrx_word' id='word_1_57' title='bbox 1423 709 1479 755; x_wconf 87' lang='lat' dir='ltr'><em>id</em></span> <span class='ocrx_word' id='word_1_58' title='bbox 1512 713 1585 756; x_wconf 93' lang='lat' dir='ltr'><em>est</em></span> <span class='ocrx_word' id='word_1_59' title='bbox 1619 706 1894 771; x_wconf 83' lang='lat' dir='ltr'><em>gebrotteS,</em></span> <span class='ocrx_word' id='word_1_60' title='bbox 1941 705 2144 754; x_wconf 77' lang='lat' dir='ltr'><em>Sextum</em></span> <span class='ocrx_word' id='word_1_61' title='bbox 2183 705 2382 753; x_wconf 76' lang='lat' dir='ltr'><em>‘Nun—5</em></span> <span class='ocrx_word' id='word_1_62' title='bbox 2442 755 2451 769; x_wconf 34' lang='lat'>7</span> 
     </span>
     <span class='ocr_line' id='line_1_7' title="bbox 196 789 2349 859; baseline -0.005 -12"><span class='ocrx_word' id='word_1_63' title='bbox 196 797 374 859; x_wconf 74' lang='lat' dir='ltr'><em>quam,</em></span> <span class='ocrx_word' id='word_1_64' title='bbox 419 799 474 846; x_wconf 84' lang='lat' dir='ltr'><em>id</em></span> <span class='ocrx_word' id='word_1_65' title='bbox 497 803 568 846; x_wconf 88' lang='lat' dir='ltr'><em>cst</em></span> <span class='ocrx_word' id='word_1_66' title='bbox 603 791 752 851; x_wconf 86' lang='lat' dir='ltr'><em>kesse,</em></span> <span class='ocrx_word' id='word_1_67' title='bbox 787 795 1056 857; x_wconf 72' lang='lat' dir='ltr'><em>Septimum</em></span> <span class='ocrx_word' id='word_1_68' title='bbox 1090 792 1422 854; x_wconf 75' lang='lat' dir='ltr'><em>‘Aliquando⁷‚</em></span> <span class='ocrx_word' id='word_1_69' title='bbox 1471 791 1614 856; x_wconf 79' lang='lat' dir='ltr'><em>epffel</em></span> <span class='ocrx_word' id='word_1_70' title='bbox 1663 791 1765 840; x_wconf 88' lang='lat' dir='ltr'><em>und</em></span> <span class='ocrx_word' id='word_1_71' title='bbox 1812 789 1940 838; x_wconf 77' lang='lat' dir='ltr'><em>hit-n.</em></span> <span class='ocrx_word' id='word_1_72' title='bbox 1992 790 2081 851; x_wconf 40' lang='lat' dir='ltr'><em>,Et</em></span> <span class='ocrx_word' id='word_1_73' title='bbox 2115 803 2226 838; x_wconf 92' lang='lat' dir='ltr'><em>cum</em></span> <span class='ocrx_word' id='word_1_74' title='bbox 2258 789 2349 837; x_wconf 77' lang='lat' dir='ltr'><em>hoc</em></span> 
     </span>
     <span class='ocr_line' id='line_1_8' title="bbox 195 875 2353 942; baseline -0.004 -11"><span class='ocrx_word' id='word_1_75' title='bbox 195 884 427 931; x_wconf 80' lang='lat' dir='ltr'><em>habemus</em></span> <span class='ocrx_word' id='word_1_76' title='bbox 457 883 632 930; x_wconf 77' lang='lat' dir='ltr'><em>bonam</em></span> <span class='ocrx_word' id='word_1_77' title='bbox 662 882 964 942; x_wconf 74' lang='lat' dir='ltr'><em>potationem</em></span> <span class='ocrx_word' id='word_1_78' title='bbox 1011 892 1105 941; x_wconf 76' lang='lat' dir='ltr'><em>que</em></span> <span class='ocrx_word' id='word_1_79' title='bbox 1140 879 1320 926; x_wconf 90' lang='lat' dir='ltr'><em>dicitur</em></span> <span class='ocrx_word' id='word_1_80' title='bbox 1360 877 1670 925; x_wconf 76' lang='lat' dir='ltr'><em>Conventum.</em></span> <span class='ocrx_word' id='word_1_81' title='bbox 1744 876 1876 924; x_wconf 91' lang='lat' dir='ltr'><em>Ecce</em></span> <span class='ocrx_word' id='word_1_82' title='bbox 1918 875 2101 934; x_wconf 85' lang='lat' dir='ltr'><em>videte,</em></span> <span class='ocrx_word' id='word_1_83' title='bbox 2148 887 2245 922; x_wconf 78' lang='lat' dir='ltr'><em>non</em></span> <span class='ocrx_word' id='word_1_84' title='bbox 2277 879 2353 928; x_wconf 84' lang='lat' dir='ltr'><em>est</em></span> 
     </span>
     <span class='ocr_line' id='line_1_9' title="bbox 194 958 2456 1025; baseline -0.004 -11"><span class='ocrx_word' id='word_1_85' title='bbox 194 965 350 1016; x_wconf 81' lang='lat' dir='ltr'><em>satis?</em></span> <span class='ocrx_word' id='word_1_86' title='bbox 394 969 531 1016; x_wconf 86' lang='lat' dir='ltr'><em>illum</em></span> <span class='ocrx_word' id='word_1_87' title='bbox 567 967 791 1014; x_wconf 75' lang='lat' dir='ltr'><em>ordinem</em></span> <span class='ocrx_word' id='word_1_88' title='bbox 827 978 1020 1025; x_wconf 79' lang='lat' dir='ltr'><em>semper</em></span> <span class='ocrx_word' id='word_1_89' title='bbox 1055 977 1308 1011; x_wconf 77' lang='lat' dir='ltr'><em>servamus</em></span> <span class='ocrx_word' id='word_1_90' title='bbox 1336 977 1433 1023; x_wconf 92' lang='lat' dir='ltr'><em>per</em></span> <span class='ocrx_word' id='word_1_91' title='bbox 1469 967 1616 1010; x_wconf 90' lang='lat' dir='ltr'><em>totum</em></span> <span class='ocrx_word' id='word_1_92' title='bbox 1655 974 1867 1020; x_wconf 79' lang='lat' dir='ltr'><em>annum,</em></span> <span class='ocrx_word' id='word_1_93' title='bbox 1913 965 1962 1008; x_wconf 92' lang='lat' dir='ltr'><em>et</em></span> <span class='ocrx_word' id='word_1_94' title='bbox 2004 959 2247 1008; x_wconf 80' lang='lat' dir='ltr'><em>laudatur</em></span> <span class='ocrx_word' id='word_1_95' title='bbox 2288 958 2352 1006; x_wconf 89' lang='lat' dir='ltr'><em>ab</em></span> <span class='ocrx_word' id='word_1_96' title='bbox 2448 1015 2456 1018; x_wconf 20' lang='grc' dir='ltr'><strong><em>Δ</em></strong></span> 
     </span>
     <span class='ocr_line' id='line_1_10' title="bbox 192 1044 2456 1100; baseline -0.004 -1"><span class='ocrx_word' id='word_1_97' title='bbox 192 1052 426 1100; x_wconf 80' lang='lat' dir='ltr'><em>omnibus.</em></span> <span class='ocrx_word' id='word_1_98' title='bbox 503 1050 605 1099; x_wconf 85' lang='lat' dir='ltr'><em>Sed</em></span> <span class='ocrx_word' id='word_1_99' title='bbox 648 1056 811 1098; x_wconf 82' lang='lat' dir='ltr'><em>tamen</em></span> <span class='ocrx_word' id='word_1_100' title='bbox 856 1051 907 1097; x_wconf 79' lang='lat' dir='ltr'><em>in</em></span> <span class='ocrx_word' id='word_1_101' title='bbox 950 1047 1333 1096; x_wconf 72' lang='lat' dir='ltr'><em>habitationibus</em></span> <span class='ocrx_word' id='word_1_102' title='bbox 1377 1049 1556 1095; x_wconf 82' lang='lat' dir='ltr'><em>nostris</em></span> <span class='ocrx_word' id='word_1_103' title='bbox 1590 1046 2014 1094; x_wconf 68' lang='lat' dir='ltr'><em>&#39;extraordinarie</em></span> <span class='ocrx_word' id='word_1_104' title='bbox 2056 1057 2154 1092; x_wconf 80' lang='lat' dir='ltr'><em>non</em></span> <span class='ocrx_word' id='word_1_105' title='bbox 2191 1044 2350 1091; x_wconf 80' lang='lat' dir='ltr'><em>kabe-</em></span> <span class='ocrx_word' id='word_1_106' title='bbox 2430 1073 2456 1085; x_wconf 45' lang='grc' dir='ltr'>ψ</span> 
     </span>
     <span class='ocr_line' id='line_1_11' title="bbox 197 1099 2456 1194; baseline -0.004 -11"><span class='ocrx_word' id='word_1_107' title='bbox 197 1150 303 1185; x_wconf 87' lang='lat' dir='ltr'><em>mus</em></span> <span class='ocrx_word' id='word_1_108' title='bbox 333 1138 485 1183; x_wconf 86' lang='lat' dir='ltr'><em>multa</em></span> <span class='ocrx_word' id='word_1_109' title='bbox 522 1136 789 1194; x_wconf 76' lang='lat' dir='ltr'><em>comedere,</em></span> <span class='ocrx_word' id='word_1_110' title='bbox 826 1135 959 1194; x_wconf 81' lang='lat' dir='ltr'><em>quod</em></span> <span class='ocrx_word' id='word_1_111' title='bbox 986 1135 1132 1181; x_wconf 86' lang='lat' dir='ltr'><em>etiam</em></span> <span class='ocrx_word' id='word_1_112' title='bbox 1162 1145 1260 1180; x_wconf 74' lang='lat' dir='ltr'><em>nori</em></span> <span class='ocrx_word' id='word_1_113' title='bbox 1292 1137 1416 1180; x_wconf 89' lang='lat' dir='ltr'><em>esset</em></span> <span class='ocrx_word' id='word_1_114' title='bbox 1443 1132 1634 1191; x_wconf 74' lang='lat' dir='ltr'><em>bonum,</em></span> <span class='ocrx_word' id='word_1_115' title='bbox 1669 1132 1798 1178; x_wconf 86' lang='lat' dir='ltr'><em>alias</em></span> <span class='ocrx_word' id='word_1_116' title='bbox 1828 1131 1957 1178; x_wconf 82' lang='lat' dir='ltr'><em>enim</em></span> <span class='ocrx_word' id='word_1_117' title='bbox 1989 1130 2230 1190; x_wconf 84' lang='lat' dir='ltr'><em>suppositi</em></span> <span class='ocrx_word' id='word_1_118' title='bbox 2250 1132 2349 1176; x_wconf 80' lang='lat' dir='ltr'><em>&#39;uo-</em></span> <span class='ocrx_word' id='word_1_119' title='bbox 2370 1099 2456 1173; x_wconf 69' lang='grc' dir='ltr'><em>1οὲ</em></span> 
     </span>
     <span class='ocr_line' id='line_1_12' title="bbox 196 1214 2351 1279; baseline -0.004 -10"><span class='ocrx_word' id='word_1_120' title='bbox 196 1223 289 1269; x_wconf 87' lang='lat' dir='ltr'><em>stri</em></span> <span class='ocrx_word' id='word_1_121' title='bbox 332 1234 428 1268; x_wconf 78' lang='lat' dir='ltr'><em>nou</em></span> <span class='ocrx_word' id='word_1_122' title='bbox 474 1220 754 1268; x_wconf 80' lang='lat' dir='ltr'><em>studerent.-</em></span> <span class='ocrx_word' id='word_1_123' title='bbox 801 1231 958 1279; x_wconf 82' lang='lat' dir='ltr'><em>quare</em></span> <span class='ocrx_word' id='word_1_124' title='bbox 1004 1229 1094 1277; x_wconf 66' lang='lat' dir='ltr'><em>eqo</em></span> <span class='ocrx_word' id='word_1_125' title='bbox 1132 1218 1313 1278; x_wconf 79' lang='lat' dir='ltr'><em>scripsi</em></span> <span class='ocrx_word' id='word_1_126' title='bbox 1356 1217 1428 1264; x_wconf 87' lang='lat' dir='ltr'><em>ad</em></span> <span class='ocrx_word' id='word_1_127' title='bbox 1468 1216 1791 1264; x_wconf 77' lang='lat' dir='ltr'><em>habitationes</em></span> <span class='ocrx_word' id='word_1_128' title='bbox 1829 1217 2044 1263; x_wconf 74' lang='lat' dir='ltr'><em>omnium</em></span> <span class='ocrx_word' id='word_1_129' title='bbox 2081 1215 2191 1262; x_wconf 90' lang='lat' dir='ltr'><em>illos</em></span> <span class='ocrx_word' id='word_1_130' title='bbox 2230 1214 2351 1262; x_wconf 88' lang='lat' dir='ltr'><em>duos</em></span> 
     </span>
     <span class='ocr_line' id='line_1_13' title="bbox 196 1286 2436 1354; baseline -0.005 -2"><span class='ocrx_word' id='word_1_131' title='bbox 196 1320 392 1354; x_wconf 86' lang='lat' dir='ltr'><em>versus:</em></span> <span class='ocrx_word' id='word_1_132' title='bbox 697 1345 700 1349; x_wconf 88' lang='lat'><strong>.</strong></span> <span class='ocrx_word' id='word_1_133' title='bbox 2427 1286 2436 1299; x_wconf 80' lang='grc'><strong><em>”</em></strong></span> 
     </span>
     <span class='ocr_line' id='line_1_14' title="bbox 532 1387 1748 1448; baseline -0.002 -12"><span class='ocrx_word' id='word_1_134' title='bbox 532 1388 728 1448; x_wconf 70' lang='lat' dir='ltr'><em>Reoula</em></span> <span class='ocrx_word' id='word_1_135' title='bbox 766 1387 979 1435; x_wconf 86' lang='lat' dir='ltr'><em>bursalis</em></span> <span class='ocrx_word' id='word_1_136' title='bbox 1084 1391 1157 1434; x_wconf 86' lang='lat' dir='ltr'><em>est</em></span> <span class='ocrx_word' id='word_1_137' title='bbox 1190 1387 1325 1434; x_wconf 81' lang='lat' dir='ltr'><em>omui</em></span> <span class='ocrx_word' id='word_1_138' title='bbox 1359 1391 1575 1446; x_wconf 89' lang='lat' dir='ltr'><em>tempore</em></span> <span class='ocrx_word' id='word_1_139' title='bbox 1608 1388 1748 1434; x_wconf 86' lang='lat' dir='ltr'><em>talis:</em></span> 
     </span>
    </p>
   </div>
   <div class='ocr_carea' id='block_1_3' title="bbox 676 1471 2015 1530">
    <p class='ocr_par' dir='ltr' id='par_1_3' title="bbox 676 1471 2015 1530">
     <span class='ocr_line' id='line_1_15' title="bbox 676 1471 2015 1530; baseline -0.001 -11"><span class='ocrx_word' id='word_1_140' title='bbox 676 1472 904 1519; x_wconf 81' lang='lat' dir='ltr'><em>Prandia</em></span> <span class='ocrx_word' id='word_1_141' title='bbox 933 1471 1020 1530; x_wconf 87' lang='lat' dir='ltr'><em>fer</em></span> <span class='ocrx_word' id='word_1_142' title='bbox 1055 1476 1233 1530; x_wconf 89' lang='lat' dir='ltr'><em>tecum,</em></span> <span class='ocrx_word' id='word_1_143' title='bbox 1341 1472 1387 1518; x_wconf 92' lang='lat' dir='ltr'><em>si</em></span> <span class='ocrx_word' id='word_1_144' title='bbox 1419 1472 1488 1518; x_wconf 85' lang='lat' dir='ltr'><em>vis</em></span> <span class='ocrx_word' id='word_1_145' title='bbox 1524 1471 1780 1519; x_wconf 88' lang='lat' dir='ltr'><em>comedere</em></span> <span class='ocrx_word' id='word_1_146' title='bbox 1811 1484 2015 1520; x_wconf 91' lang='lat' dir='ltr'><em>mecum.</em></span> 
     </span>
    </p>
   </div>
   <div class='ocr_carea' id='block_1_4' title="bbox 197 1544 2456 1802">
    <p class='ocr_par' dir='ltr' id='par_1_4' title="bbox 197 1544 2456 1802">
     <span class='ocr_line' id='line_1_16' title="bbox 338 1544 2456 1655; baseline -0.002 -35"><span class='ocrx_word' id='word_1_147' title='bbox 338 1572 439 1620; x_wconf 89' lang='lat' dir='ltr'><em>Sed</em></span> <span class='ocrx_word' id='word_1_148' title='bbox 473 1572 563 1619; x_wconf 79' lang='lat' dir='ltr'><em>hoc</em></span> <span class='ocrx_word' id='word_1_149' title='bbox 591 1572 654 1619; x_wconf 90' lang='lat' dir='ltr'><em>sit</em></span> <span class='ocrx_word' id='word_1_150' title='bbox 687 1572 821 1629; x_wconf 82' lang='lat' dir='ltr'><em>satis,</em></span> <span class='ocrx_word' id='word_1_151' title='bbox 861 1570 1032 1617; x_wconf 79' lang='lat' dir='ltr'><em>videtis</em></span> <span class='ocrx_word' id='word_1_152' title='bbox 1068 1570 1200 1629; x_wconf 83' lang='lat' dir='ltr'><em>quod</em></span> <span class='ocrx_word' id='word_1_153' title='bbox 1232 1571 1380 1617; x_wconf 89' lang='lat' dir='ltr'><em>etiam</em></span> <span class='ocrx_word' id='word_1_154' title='bbox 1410 1583 1515 1616; x_wconf 92' lang='lat' dir='ltr'><em>sum</em></span> <span class='ocrx_word' id='word_1_155' title='bbox 1545 1576 1709 1629; x_wconf 87' lang='lat' dir='ltr'><em>poeta,</em></span> <span class='ocrx_word' id='word_1_156' title='bbox 1748 1583 1809 1617; x_wconf 75' lang='lat' dir='ltr'><em>tie</em></span> <span class='ocrx_word' id='word_1_157' title='bbox 1843 1571 2017 1617; x_wconf 84' lang='lat' dir='ltr'><em>videar</em></span> <span class='ocrx_word' id='word_1_158' title='bbox 2052 1570 2350 1630; x_wconf 79' lang='lat' dir='ltr'><em>superfluus.</em></span> <span class='ocrx_word' id='word_1_159' title='bbox 2375 1590 2413 1623; x_wconf 70' lang='grc' dir='ltr'><em>ια</em></span> <span class='ocrx_word' id='word_1_160' title='bbox 2391 1544 2456 1655; x_wconf 44' lang='grc' dir='ltr'><strong><em>ξ</em></strong></span> 
     </span>
     <span class='ocr_line' id='line_1_17' title="bbox 197 1655 2453 1765; baseline -0.002 -60"><span class='ocrx_word' id='word_1_161' title='bbox 197 1658 377 1705; x_wconf 85' lang='lat' dir='ltr'><em>Datum</em></span> <span class='ocrx_word' id='word_1_162' title='bbox 412 1658 596 1717; x_wconf 87' lang='lat' dir='ltr'><em>raptim</em></span> <span class='ocrx_word' id='word_1_163' title='bbox 630 1670 696 1703; x_wconf 76' lang='lat' dir='ltr'><em>ex</em></span> <span class='ocrx_word' id='word_1_164' title='bbox 722 1655 916 1715; x_wconf 52' lang='lat' dir='ltr'><em>Lipsiffi</em></span> <span class='ocrx_word' id='word_1_165' title='bbox 969 1655 1056 1702; x_wconf 88' lang='lat' dir='ltr'><em>sub</em></span> <span class='ocrx_word' id='word_1_166' title='bbox 1089 1655 1252 1702; x_wconf 85' lang='lat' dir='ltr'><em>blauio</em></span> <span class='ocrx_word' id='word_1_167' title='bbox 1282 1656 1410 1718; x_wconf 74' lang='grc' dir='ltr'><strong><em>ειῖο,</em></strong></span> <span class='ocrx_word' id='word_1_168' title='bbox 1447 1660 1494 1701; x_wconf 90' lang='lat' dir='ltr'><em>et</em></span> <span class='ocrx_word' id='word_1_169' title='bbox 1525 1657 1679 1703; x_wconf 82' lang='lat' dir='ltr'><em>valete</em></span> <span class='ocrx_word' id='word_1_170' title='bbox 1713 1667 1826 1702; x_wconf 89' lang='lat' dir='ltr'><em>cum</em></span> <span class='ocrx_word' id='word_1_171' title='bbox 1860 1656 2052 1702; x_wconf 89' lang='lat' dir='ltr'><em>amasia</em></span> <span class='ocrx_word' id='word_1_172' title='bbox 2086 1659 2247 1702; x_wconf 81' lang='lat' dir='ltr'><em>vestra</em></span> <span class='ocrx_word' id='word_1_173' title='bbox 2279 1656 2356 1702; x_wconf 82' lang='lat' dir='ltr'><em>le-</em></span> <span class='ocrx_word' id='word_1_174' title='bbox 2414 1711 2453 1765; x_wconf 58' lang='lat'><em>⁴?</em></span> 
     </span>
     <span class='ocr_line' id='line_1_18' title="bbox 198 1739 2139 1802; baseline -0.003 -12"><span class='ocrx_word' id='word_1_175' title='bbox 198 1744 292 1790; x_wconf 89' lang='lat' dir='ltr'><em>tius</em></span> <span class='ocrx_word' id='word_1_176' title='bbox 327 1755 471 1802; x_wconf 82' lang='lat' dir='ltr'><em>quam</em></span> <span class='ocrx_word' id='word_1_177' title='bbox 510 1743 621 1801; x_wconf 92' lang='lat' dir='ltr'><em>apis</em></span> <span class='ocrx_word' id='word_1_178' title='bbox 655 1742 706 1787; x_wconf 79' lang='lat' dir='ltr'><em>iu</em></span> <span class='ocrx_word' id='word_1_179' title='bbox 744 1740 904 1800; x_wconf 72' lang='lat' dir='ltr'><em>thymo</em></span> <span class='ocrx_word' id='word_1_180' title='bbox 943 1740 1019 1786; x_wconf 86' lang='lat' dir='ltr'><em>vel</em></span> <span class='ocrx_word' id='word_1_181' title='bbox 1041 1740 1200 1799; x_wconf 92' lang='lat' dir='ltr'><em>piscis</em></span> <span class='ocrx_word' id='word_1_182' title='bbox 1237 1740 1286 1786; x_wconf 83' lang='lat' dir='ltr'><em>in</em></span> <span class='ocrx_word' id='word_1_183' title='bbox 1325 1739 1490 1785; x_wconf 78' lang='lat' dir='ltr'><em>undis.</em></span> <span class='ocrx_word' id='word_1_184' title='bbox 1578 1739 1745 1787; x_wconf 87' lang='lat' dir='ltr'><em>Valete</em></span> <span class='ocrx_word' id='word_1_185' title='bbox 1775 1739 1942 1787; x_wconf 75' lang='lat' dir='ltr'><em>adhuc</em></span> <span class='ocrx_word' id='word_1_186' title='bbox 1978 1741 2139 1787; x_wconf 89' lang='lat' dir='ltr'><em>semel.</em></span> 
     </span>
    </p>
   </div>
   <div class='ocr_carea' id='block_1_5' title="bbox 198 1848 2449 2356">
    <p class='ocr_par' dir='ltr' id='par_1_5' title="bbox 198 1848 2438 2356">
     <span class='ocr_line' id='line_1_19' title="bbox 339 1848 2354 1919; baseline -0.001 -18"><span class='ocrx_word' id='word_1_187' title='bbox 339 1852 478 1901; x_wconf 89' lang='lat' dir='ltr'><em>Nunc</em></span> <span class='ocrx_word' id='word_1_188' title='bbox 524 1850 707 1906; x_wconf 85' lang='lat' dir='ltr'><em>videte,</em></span> <span class='ocrx_word' id='word_1_189' title='bbox 758 1850 955 1899; x_wconf 86' lang='lat' dir='ltr'><em>domine</em></span> <span class='ocrx_word' id='word_1_190' title='bbox 993 1850 1223 1913; x_wconf 80' lang='lat' dir='ltr'><em>Magister</em></span> <span class='ocrx_word' id='word_1_191' title='bbox 1262 1849 1485 1905; x_wconf 84' lang='lat' dir='ltr'><em>Ortvine,</em></span> <span class='ocrx_word' id='word_1_192' title='bbox 1537 1850 1591 1919; x_wconf 34' lang='lat' dir='ltr'><em>si·</em></span> <span class='ocrx_word' id='word_1_193' title='bbox 1626 1849 1785 1913; x_wconf 88' lang='lat' dir='ltr'><em>placet</em></span> <span class='ocrx_word' id='word_1_194' title='bbox 1831 1848 1968 1898; x_wconf 89' lang='lat' dir='ltr'><em>vobis</em></span> <span class='ocrx_word' id='word_1_195' title='bbox 2013 1848 2095 1899; x_wconf 86' lang='lat' dir='ltr'><em>illa</em></span> <span class='ocrx_word' id='word_1_196' title='bbox 2134 1849 2354 1916; x_wconf 88' lang='lat' dir='ltr'><em>epistola,</em></span> 
     </span>
     <span class='ocr_line' id='line_1_20' title="bbox 198 1933 2350 1998; baseline -0.001 -13"><span class='ocrx_word' id='word_1_197' title='bbox 198 1944 315 1985; x_wconf 90' lang='lat' dir='ltr'><em>tunc</em></span> <span class='ocrx_word' id='word_1_198' title='bbox 353 1935 460 1984; x_wconf 87' lang='lat' dir='ltr'><em>volo</em></span> <span class='ocrx_word' id='word_1_199' title='bbox 498 1935 634 1984; x_wconf 89' lang='lat' dir='ltr'><em>vobis</em></span> <span class='ocrx_word' id='word_1_200' title='bbox 671 1935 864 1983; x_wconf 80' lang='lat' dir='ltr'><em>mittere</em></span> <span class='ocrx_word' id='word_1_201' title='bbox 904 1940 1056 1982; x_wconf 88' lang='lat' dir='ltr'><em>totum</em></span> <span class='ocrx_word' id='word_1_202' title='bbox 1095 1933 1276 1982; x_wconf 82' lang='lat' dir='ltr'><em>librum</em></span> <span class='ocrx_word' id='word_1_203' title='bbox 1317 1933 1541 1997; x_wconf 89' lang='lat' dir='ltr'><em>plenum,</em></span> <span class='ocrx_word' id='word_1_204' title='bbox 1590 1935 1703 1997; x_wconf 91' lang='lat' dir='ltr'><em>quia</em></span> <span class='ocrx_word' id='word_1_205' title='bbox 1753 1941 1867 1984; x_wconf 88' lang='lat' dir='ltr'><em>sunt</em></span> <span class='ocrx_word' id='word_1_206' title='bbox 1916 1933 2051 1984; x_wconf 87' lang='lat' dir='ltr'><em>valde</em></span> <span class='ocrx_word' id='word_1_207' title='bbox 2096 1934 2227 1998; x_wconf 80' lang='lat' dir='ltr'><em>bone</em></span> <span class='ocrx_word' id='word_1_208' title='bbox 2275 1950 2350 1984; x_wconf 91' lang='lat' dir='ltr'><em>se-</em></span> 
     </span>
     <span class='ocr_line' id='line_1_21' title="bbox 200 2012 2448 2083; baseline -0.001 -14"><span class='ocrx_word' id='word_1_209' title='bbox 200 2021 412 2069; x_wconf 88' lang='lat' dir='ltr'><em>cundum</em></span> <span class='ocrx_word' id='word_1_210' title='bbox 450 2035 615 2069; x_wconf 89' lang='lat' dir='ltr'><em>meum</em></span> <span class='ocrx_word' id='word_1_211' title='bbox 654 2018 815 2068; x_wconf 89' lang='lat' dir='ltr'><em>debile</em></span> <span class='ocrx_word' id='word_1_212' title='bbox 853 2019 1130 2080; x_wconf 77' lang='lat' dir='ltr'><em>ingenium:</em></span> <span class='ocrx_word' id='word_1_213' title='bbox 1172 2018 1288 2067; x_wconf 87' lang='lat' dir='ltr'><em>alias</em></span> <span class='ocrx_word' id='word_1_214' title='bbox 1326 2017 1448 2067; x_wconf 92' lang='lat' dir='ltr'><em>nihil</em></span> <span class='ocrx_word' id='word_1_215' title='bbox 1487 2019 1644 2082; x_wconf 88' lang='lat' dir='ltr'><em>magis</em></span> <span class='ocrx_word' id='word_1_216' title='bbox 1680 2033 1898 2082; x_wconf 85' lang='lat' dir='ltr'><em>possum</em></span> <span class='ocrx_word' id='word_1_217' title='bbox 1925 2019 2058 2070; x_wconf 88' lang='lat' dir='ltr'><em>vobis</em></span> <span class='ocrx_word' id='word_1_218' title='bbox 2096 2021 2192 2068; x_wconf 86' lang='lat' dir='ltr'><em>iam</em></span> <span class='ocrx_word' id='word_1_219' title='bbox 2231 2019 2351 2068; x_wconf 87' lang='lat' dir='ltr'><em>scri·</em></span> <span class='ocrx_word' id='word_1_220' title='bbox 2368 2012 2448 2083; x_wconf 62' lang='grc' dir='ltr'><strong><em>ααξ</em></strong></span> 
     </span>
     <span class='ocr_line' id='line_1_22' title="bbox 198 2082 2449 2181; baseline 0 -29"><span class='ocrx_word' id='word_1_221' title='bbox 198 2104 332 2153; x_wconf 84' lang='lat' dir='ltr'><em>here.</em></span> <span class='ocrx_word' id='word_1_222' title='bbox 408 2103 572 2153; x_wconf 89' lang='lat' dir='ltr'><em>Valete</em></span> <span class='ocrx_word' id='word_1_223' title='bbox 609 2104 659 2152; x_wconf 93' lang='lat' dir='ltr'><em>in</em></span> <span class='ocrx_word' id='word_1_224' title='bbox 698 2119 755 2152; x_wconf 89' lang='lat' dir='ltr'><em>eo</em></span> <span class='ocrx_word' id='word_1_225' title='bbox 796 2104 879 2167; x_wconf 91' lang='lat' dir='ltr'><em>qui</em></span> <span class='ocrx_word' id='word_1_226' title='bbox 920 2109 1096 2152; x_wconf 88' lang='lat' dir='ltr'><em>cuncta</em></span> <span class='ocrx_word' id='word_1_227' title='bbox 1135 2105 1331 2152; x_wconf 79' lang='lat' dir='ltr'><em>creavit.</em></span> <span class='ocrx_word' id='word_1_228' title='bbox 1407 2103 1581 2153; x_wconf 86' lang='lat' dir='ltr'><em>Datum</em></span> <span class='ocrx_word' id='word_1_229' title='bbox 1628 2104 1676 2152; x_wconf 88' lang='lat' dir='ltr'><em>in</em></span> <span class='ocrx_word' id='word_1_230' title='bbox 1715 2102 2030 2160; x_wconf 87' lang='lat' dir='ltr'><em>Eberhurck,</em></span> <span class='ocrx_word' id='word_1_231' title='bbox 2080 2103 2164 2153; x_wconf 88' lang='lat' dir='ltr'><em>ubi</em></span> <span class='ocrx_word' id='word_1_232' title='bbox 2211 2103 2355 2154; x_wconf 86' lang='lat' dir='ltr'><em>velim</em></span> <span class='ocrx_word' id='word_1_233' title='bbox 2411 2082 2449 2181; x_wconf 61' lang='grc' dir='ltr'><em>ἶξ</em></span> 
     </span>
     <span class='ocr_line' id='line_1_23' title="bbox 200 2186 2431 2254; baseline 0 -17"><span class='ocrx_word' id='word_1_234' title='bbox 200 2188 331 2252; x_wconf 89' lang='lat' dir='ltr'><em>quod</em></span> <span class='ocrx_word' id='word_1_235' title='bbox 371 2188 539 2237; x_wconf 87' lang='lat' dir='ltr'><em>essetis</em></span> <span class='ocrx_word' id='word_1_236' title='bbox 577 2202 785 2243; x_wconf 89' lang='lat' dir='ltr'><em>mecum,</em></span> <span class='ocrx_word' id='word_1_237' title='bbox 824 2186 899 2236; x_wconf 91' lang='lat' dir='ltr'><em>vel</em></span> <span class='ocrx_word' id='word_1_238' title='bbox 938 2187 1162 2237; x_wconf 86' lang='lat' dir='ltr'><em>diabolus</em></span> <span class='ocrx_word' id='word_1_239' title='bbox 1200 2187 1470 2236; x_wconf 86' lang='lat' dir='ltr'><em>confundat</em></span> <span class='ocrx_word' id='word_1_240' title='bbox 1507 2202 1601 2236; x_wconf 89' lang='lat' dir='ltr'><em>me.</em></span> <span class='ocrx_word' id='word_1_241' title='bbox 1667 2187 1810 2237; x_wconf 84' lang='lat' dir='ltr'><em>Sexta</em></span> <span class='ocrx_word' id='word_1_242' title='bbox 1848 2189 1970 2238; x_wconf 81' lang='lat' dir='ltr'><em>feria</em></span> <span class='ocrx_word' id='word_1_243' title='bbox 2004 2189 2131 2238; x_wconf 81' lang='lat' dir='ltr'><em>infra</em></span> <span class='ocrx_word' id='word_1_244' title='bbox 2173 2189 2354 2254; x_wconf 84' lang='lat' dir='ltr'><em>pasche</em></span> <span class='ocrx_word' id='word_1_245' title='bbox 2409 2198 2431 2231; x_wconf 69' lang='lat'><em>-3’</em></span> 
     </span>
     <span class='ocr_line' id='line_1_24' title="bbox 203 2253 2438 2356; baseline -0 -35"><span class='ocrx_word' id='word_1_246' title='bbox 203 2279 250 2321; x_wconf 85' lang='lat' dir='ltr'><em>et</em></span> <span class='ocrx_word' id='word_1_247' title='bbox 285 2272 619 2335; x_wconf 80' lang='lat' dir='ltr'><em>penthecoste.</em></span> <span class='ocrx_word' id='word_1_248' title='bbox 2411 2253 2438 2356; x_wconf 56' lang='grc' dir='ltr'>Ξ</span> 
     </span>
    </p>
   </div>
   <div class='ocr_carea' id='block_1_6' title="bbox 2416 1634 2453 2044">
    <p class='ocr_par' dir='ltr' id='par_1_6' title="bbox 2416 1634 2453 2044">
     <span class='ocr_line' id='line_1_25' title="bbox 2416 1634 2453 2044; textangle 90"><span class='ocrx_word' id='word_1_249' title='bbox 2419 1958 2437 2044; x_wconf 55' lang='grc' dir='ltr'><em>’ΝΑ-ν</em></span> <span class='ocrx_word' id='word_1_250' title='bbox 2430 1943 2436 1950; x_wconf 29' lang='grc' dir='ltr'><em>,Α</em></span> <span class='ocrx_word' id='word_1_251' title='bbox 2421 1893 2437 1923; x_wconf 54' lang='lat'><em>-7‘</em></span> <span class='ocrx_word' id='word_1_252' title='bbox 2417 1841 2437 1883; x_wconf 57' lang='lat' dir='ltr'><em>“A</em></span> <span class='ocrx_word' id='word_1_253' title='bbox 2416 1763 2449 1833; x_wconf 48' lang='lat' dir='ltr'><em>Wfflsu·</em></span> <span class='ocrx_word' id='word_1_254' title='bbox 2416 1634 2453 1743; x_wconf 50' lang='grc' dir='ltr'><strong>ἦήῗι-</strong></span> <span class='ocrx_word' id='word_1_255' title='bbox 2428 1649 2434 1655; x_wconf 80' lang='grc'><em>.</em></span> 
     </span>
    </p>
   </div>
   <div class='ocr_carea' id='block_1_7' title="bbox 207 2506 2456 3363">
    <p class='ocr_par' dir='ltr' id='par_1_7' title="bbox 742 2492 2434 2998">
     <span class='ocr_line' id='line_1_26' title="bbox 985 2506 2425 2587; baseline 0.003 -29"><span class='ocrx_word' id='word_1_256' title='bbox 985 2506 1070 2565; x_wconf 81' lang='grc'><em>45.</em></span> <span class='ocrx_word' id='word_1_257' title='bbox 1145 2509 1478 2578; x_wconf 84' lang='lat' dir='ltr'><em>Appendicis</em></span> <span class='ocrx_word' id='word_1_258' title='bbox 1515 2512 1564 2563; x_wconf 87' lang='grc'><em>4.</em></span> <span class='ocrx_word' id='word_1_259' title='bbox 2408 2550 2425 2587; x_wconf 59' lang='lat'>3</span> 
     </span>
     <span class='ocr_line' id='line_1_27' title="bbox 742 2611 2434 2703; baseline 0.003 -23"><span class='ocrx_word' id='word_1_260' title='bbox 742 2620 1140 2682; x_wconf 83' lang='lat' dir='ltr'><em>Arnoldus</em></span> <span class='ocrx_word' id='word_1_261' title='bbox 1199 2621 1286 2682; x_wconf 87' lang='lat' dir='ltr'><em>de</em></span> <span class='ocrx_word' id='word_1_262' title='bbox 1342 2622 1796 2703; x_wconf 79' lang='lat' dir='ltr'><em>Thungaris</em></span> <span class='ocrx_word' id='word_1_263' title='bbox 2056 2638 2064 2645; x_wconf 84' lang='grc'><em>·</em></span> <span class='ocrx_word' id='word_1_264' title='bbox 2369 2611 2434 2703; x_wconf 58' lang='grc' dir='ltr'><em>πεξ</em></span> 
     </span>
     <span class='ocr_line' id='line_1_28' title="bbox 829 2705 2428 2802; baseline 0.004 -19"><span class='ocrx_word' id='word_1_265' title='bbox 829 2737 1059 2797; x_wconf 84' lang='lat' dir='ltr'><em>magister</em></span> <span class='ocrx_word' id='word_1_266' title='bbox 1097 2742 1263 2785; x_wconf 82' lang='lat' dir='ltr'><em>noster</em></span> <span class='ocrx_word' id='word_1_267' title='bbox 1300 2737 1347 2784; x_wconf 91' lang='lat' dir='ltr'><em>in</em></span> <span class='ocrx_word' id='word_1_268' title='bbox 1387 2752 1524 2786; x_wconf 83' lang='lat' dir='ltr'><em>sacra</em></span> <span class='ocrx_word' id='word_1_269' title='bbox 1562 2740 1739 2802; x_wconf 88' lang='lat' dir='ltr'><em>pagina</em></span> <span class='ocrx_word' id='word_1_270' title='bbox 2411 2705 2428 2750; x_wconf 35' lang='grc' dir='ltr'><em>ζ’</em></span> 
     </span>
     <span class='ocr_line' id='line_1_29' title="bbox 1091 2833 1461 2883; baseline 0 0"><span class='ocrx_word' id='word_1_271' title='bbox 1091 2833 1305 2883; x_wconf 83' lang='lat' dir='ltr'><em>Salutem</em></span> <span class='ocrx_word' id='word_1_272' title='bbox 1345 2835 1461 2883; x_wconf 84' lang='lat' dir='ltr'><em>dicit</em></span> 
     </span>
     <span class='ocr_line' id='line_1_30' title="bbox 791 2929 1750 2998; baseline 0.005 -18"><span class='ocrx_word' id='word_1_273' title='bbox 791 2929 1115 2998; x_wconf 83' lang='lat' dir='ltr'><em>Magistro</em></span> <span class='ocrx_word' id='word_1_274' title='bbox 1165 2930 1448 2983; x_wconf 84' lang='lat' dir='ltr'><em>Ortvino</em></span> <span class='ocrx_word' id='word_1_275' title='bbox 1489 2930 1750 2985; x_wconf 79' lang='lat' dir='ltr'><em>Gratio.</em></span> 
     </span>
    </p>

    <p class='ocr_par' dir='ltr' id='par_1_8' title="bbox 207 3011 2456 3363">
     <span class='ocr_line' id='line_1_31' title="bbox 346 3011 2456 3113; baseline 0.005 -23"><span class='ocrx_word' id='word_1_276' title='bbox 346 3041 648 3091; x_wconf 83' lang='lat' dir='ltr'><em>Venerabilis</em></span> <span class='ocrx_word' id='word_1_277' title='bbox 686 3043 880 3092; x_wconf 89' lang='lat' dir='ltr'><em>domine</em></span> <span class='ocrx_word' id='word_1_278' title='bbox 919 3045 1163 3106; x_wconf 82' lang='lat' dir='ltr'><em>magister.</em></span> <span class='ocrx_word' id='word_1_279' title='bbox 1239 3045 1341 3108; x_wconf 90' lang='lat' dir='ltr'><em>Ego</em></span> <span class='ocrx_word' id='word_1_280' title='bbox 1380 3062 1529 3095; x_wconf 83' lang='lat' dir='ltr'><em>vexor</em></span> <span class='ocrx_word' id='word_1_281' title='bbox 1555 3048 1650 3096; x_wconf 79' lang='lat' dir='ltr'><em>iam</em></span> <span class='ocrx_word' id='word_1_282' title='bbox 1678 3064 1825 3112; x_wconf 76' lang='lat' dir='ltr'><em>supra</em></span> <span class='ocrx_word' id='word_1_283' title='bbox 1852 3051 2184 3100; x_wconf 87' lang='lat' dir='ltr'><em>vexationem:</em></span> <span class='ocrx_word' id='word_1_284' title='bbox 2224 3066 2354 3101; x_wconf 90' lang='lat' dir='ltr'><em>nunc</em></span> <span class='ocrx_word' id='word_1_285' title='bbox 2408 3011 2428 3092; x_wconf 48' lang='lat'><em>§³</em></span> <span class='ocrx_word' id='word_1_286' title='bbox 2455 3090 2456 3113; x_wconf 24' lang='grc' dir='ltr'><strong><em>α</em></strong></span> 
     </span>
     <span class='ocr_line' id='line_1_32' title="bbox 207 3122 2456 3195; baseline 0.005 -22"><span class='ocrx_word' id='word_1_287' title='bbox 207 3125 425 3189; x_wconf 83' lang='lat' dir='ltr'><em>intelligo</em></span> <span class='ocrx_word' id='word_1_288' title='bbox 463 3125 579 3174; x_wconf 90' lang='lat' dir='ltr'><em>illud</em></span> <span class='ocrx_word' id='word_1_289' title='bbox 619 3127 872 3176; x_wconf 81' lang='lat' dir='ltr'><em>dicterium</em></span> <span class='ocrx_word' id='word_1_290' title='bbox 923 3134 1175 3191; x_wconf 84' lang='lat' dir='ltr'><em>poetarum</em></span> <span class='ocrx_word' id='word_1_291' title='bbox 1227 3144 1332 3178; x_wconf 89' lang='lat' dir='ltr'><em>esse</em></span> <span class='ocrx_word' id='word_1_292' title='bbox 1382 3146 1574 3180; x_wconf 85' lang='lat' dir='ltr'><em>verum:</em></span> <span class='ocrx_word' id='word_1_293' title='bbox 1618 3131 1828 3182; x_wconf 90' lang='lat' dir='ltr'><em>‘Nullum</em></span> <span class='ocrx_word' id='word_1_294' title='bbox 1880 3134 2111 3184; x_wconf 87' lang='lat' dir='ltr'><em>damnum</em></span> <span class='ocrx_word' id='word_1_295' title='bbox 2162 3134 2349 3192; x_wconf 83' lang='lat' dir='ltr'><em>solum’,</em></span> <span class='ocrx_word' id='word_1_296' title='bbox 2367 3122 2456 3195; x_wconf 54' lang='lat'><em>³1³</em></span> 
     </span>
     <span class='ocr_line' id='line_1_33' title="bbox 210 3209 2352 3281; baseline 0.004 -22"><span class='ocrx_word' id='word_1_297' title='bbox 210 3216 259 3260; x_wconf 87' lang='lat' dir='ltr'><em>et</em></span> <span class='ocrx_word' id='word_1_298' title='bbox 293 3210 389 3258; x_wconf 90' lang='lat' dir='ltr'><em>hoc</em></span> <span class='ocrx_word' id='word_1_299' title='bbox 427 3209 535 3258; x_wconf 89' lang='lat' dir='ltr'><em>volo</em></span> <span class='ocrx_word' id='word_1_300' title='bbox 573 3211 643 3258; x_wconf 89' lang='lat' dir='ltr'><em>sic</em></span> <span class='ocrx_word' id='word_1_301' title='bbox 681 3210 910 3274; x_wconf 81' lang='lat' dir='ltr'><em>probare.</em></span> <span class='ocrx_word' id='word_1_302' title='bbox 986 3213 1089 3276; x_wconf 90' lang='lat' dir='ltr'><em>Ego</em></span> <span class='ocrx_word' id='word_1_303' title='bbox 1128 3215 1223 3262; x_wconf 89' lang='lat' dir='ltr'><em>iam</em></span> <span class='ocrx_word' id='word_1_304' title='bbox 1265 3229 1371 3262; x_wconf 89' lang='lat' dir='ltr'><em>sum</em></span> <span class='ocrx_word' id='word_1_305' title='bbox 1409 3216 1657 3274; x_wconf 79' lang='lat' dir='ltr'><em>infirmuS,</em></span> <span class='ocrx_word' id='word_1_306' title='bbox 1709 3223 1756 3266; x_wconf 90' lang='lat' dir='ltr'><em>et</em></span> <span class='ocrx_word' id='word_1_307' title='bbox 1792 3233 1938 3281; x_wconf 85' lang='lat' dir='ltr'><em>supra</em></span> <span class='ocrx_word' id='word_1_308' title='bbox 1978 3218 2110 3269; x_wconf 91' lang='lat' dir='ltr'><em>illam</em></span> <span class='ocrx_word' id='word_1_309' title='bbox 2150 3220 2352 3268; x_wconf 77' lang='lat' dir='ltr'><em>infirmi·</em></span> 
     </span>
     <span class='ocr_line' id='line_1_34' title="bbox 210 3294 2356 3363; baseline 0.006 -23"><span class='ocrx_word' id='word_1_310' title='bbox 210 3297 355 3342; x_wconf 83' lang='lat' dir='ltr'><em>tatem</em></span> <span class='ocrx_word' id='word_1_311' title='bbox 394 3294 524 3342; x_wconf 88' lang='lat' dir='ltr'><em>venit</em></span> <span class='ocrx_word' id='word_1_312' title='bbox 559 3294 679 3342; x_wconf 91' lang='lat' dir='ltr'><em>mihi</em></span> <span class='ocrx_word' id='word_1_313' title='bbox 717 3294 807 3343; x_wconf 90' lang='lat' dir='ltr'><em>alia</em></span> <span class='ocrx_word' id='word_1_314' title='bbox 844 3298 1033 3345; x_wconf 83' lang='lat' dir='ltr'><em>vexatio</em></span> <span class='ocrx_word' id='word_1_315' title='bbox 1081 3300 1314 3355; x_wconf 81' lang='lat' dir='ltr'><em>maxima,</em></span> <span class='ocrx_word' id='word_1_316' title='bbox 1366 3315 1457 3363; x_wconf 78' lang='lat' dir='ltr'><em>que</em></span> <span class='ocrx_word' id='word_1_317' title='bbox 1506 3306 1579 3349; x_wconf 90' lang='lat' dir='ltr'><em>est</em></span> <span class='ocrx_word' id='word_1_318' title='bbox 1625 3301 1748 3351; x_wconf 84' lang='lat' dir='ltr'><em>talis.</em></span> <span class='ocrx_word' id='word_1_319' title='bbox 1825 3302 2042 3352; x_wconf 73' lang='lat' dir='ltr'><em>Cur-runt</em></span> <span class='ocrx_word' id='word_1_320' title='bbox 2080 3304 2256 3353; x_wconf 90' lang='lat' dir='ltr'><em>cotidie</em></span> <span class='ocrx_word' id='word_1_321' title='bbox 2294 3302 2356 3352; x_wconf 87' lang='lat' dir='ltr'><em>ad</em></span> 
     </span>
    </p>
   </div>
   <div class='ocr_carea' id='block_1_8' title="bbox 209 3375 2415 3450">
    <p class='ocr_par' dir='ltr' id='par_1_9' title="bbox 209 3375 2415 3450">
     <span class='ocr_line' id='line_1_35' title="bbox 209 3375 2415 3450; baseline 0.005 -26"><span class='ocrx_word' id='word_1_322' title='bbox 209 3391 289 3425; x_wconf 91' lang='lat' dir='ltr'><em>me</em></span> <span class='ocrx_word' id='word_1_323' title='bbox 324 3375 546 3426; x_wconf 87' lang='lat' dir='ltr'><em>homines</em></span> <span class='ocrx_word' id='word_1_324' title='bbox 585 3383 631 3426; x_wconf 90' lang='lat' dir='ltr'><em>et</em></span> <span class='ocrx_word' id='word_1_325' title='bbox 669 3380 809 3427; x_wconf 89' lang='lat' dir='ltr'><em>etiam</em></span> <span class='ocrx_word' id='word_1_326' title='bbox 848 3380 1070 3446; x_wconf 79' lang='lat' dir='ltr'><em>scribunt</em></span> <span class='ocrx_word' id='word_1_327' title='bbox 1106 3383 1164 3431; x_wconf 87' lang='lat' dir='ltr'><em>ad</em></span> <span class='ocrx_word' id='word_1_328' title='bbox 1203 3398 1280 3432; x_wconf 89' lang='lat' dir='ltr'><em>me</em></span> <span class='ocrx_word' id='word_1_329' title='bbox 1320 3399 1379 3432; x_wconf 86' lang='lat' dir='ltr'><em>ex</em></span> <span class='ocrx_word' id='word_1_330' title='bbox 1417 3385 1620 3435; x_wconf 81' lang='lat' dir='ltr'><em>diversis</em></span> <span class='ocrx_word' id='word_1_331' title='bbox 1657 3388 1937 3450; x_wconf 84' lang='lat' dir='ltr'><em>provinciiS,</em></span> <span class='ocrx_word' id='word_1_332' title='bbox 1977 3394 2031 3437; x_wconf 92' lang='lat' dir='ltr'><em>ut</em></span> <span class='ocrx_word' id='word_1_333' title='bbox 2067 3396 2211 3437; x_wconf 84' lang='lat' dir='ltr'><em>notus</em></span> <span class='ocrx_word' id='word_1_334' title='bbox 2248 3403 2353 3438; x_wconf 89' lang='lat' dir='ltr'><em>sum</em></span> <span class='ocrx_word' id='word_1_335' title='bbox 2399 3381 2415 3446; x_wconf 55' lang='grc' dir='ltr'><em>’Σὲ</em></span> 
     </span>
    </p>
   </div>
   <div class='ocr_carea' id='block_1_9' title="bbox 210 3460 2415 3622">
    <p class='ocr_par' dir='ltr' id='par_1_10' title="bbox 210 3455 2415 3622">
     <span class='ocr_line' id='line_1_36' title="bbox 210 3460 2353 3532; baseline 0.006 -25"><span class='ocrx_word' id='word_1_336' title='bbox 210 3462 258 3508; x_wconf 83' lang='grc' dir='ltr'><strong>1η</strong></span> <span class='ocrx_word' id='word_1_337' title='bbox 298 3460 525 3510; x_wconf 88' lang='lat' dir='ltr'><em>omnibus</em></span> <span class='ocrx_word' id='word_1_338' title='bbox 563 3463 843 3524; x_wconf 84' lang='lat' dir='ltr'><em>regionibus</em></span> <span class='ocrx_word' id='word_1_339' title='bbox 880 3471 1085 3529; x_wconf 80' lang='lat' dir='ltr'><em>propter</em></span> <span class='ocrx_word' id='word_1_340' title='bbox 1122 3466 1354 3524; x_wconf 89' lang='lat' dir='ltr'><em>libellum,</em></span> <span class='ocrx_word' id='word_1_341' title='bbox 1397 3484 1542 3532; x_wconf 90' lang='lat' dir='ltr'><em>quem</em></span> <span class='ocrx_word' id='word_1_342' title='bbox 1583 3470 1674 3519; x_wconf 81' lang='lat' dir='ltr'><em>feci</em></span> <span class='ocrx_word' id='word_1_343' title='bbox 1712 3478 1878 3520; x_wconf 83' lang='lat' dir='ltr'><em>contra</em></span> <span class='ocrx_word' id='word_1_344' title='bbox 1920 3473 2250 3522; x_wconf 84' lang='lat' dir='ltr'><em>defensorium</em></span> <span class='ocrx_word' id='word_1_345' title='bbox 2278 3472 2353 3521; x_wconf 92' lang='lat' dir='ltr'><em>Io·</em></span> 
     </span>
     <span class='ocr_line' id='line_1_37' title="bbox 210 3537 2415 3622; baseline 0.007 -31"><span class='ocrx_word' id='word_1_346' title='bbox 210 3543 384 3593; x_wconf 89' lang='lat' dir='ltr'><em>hannis</em></span> <span class='ocrx_word' id='word_1_347' title='bbox 420 3543 675 3603; x_wconf 88' lang='lat' dir='ltr'><em>Reuchlin,</em></span> <span class='ocrx_word' id='word_1_348' title='bbox 714 3552 767 3595; x_wconf 91' lang='lat' dir='ltr'><em>ut</em></span> <span class='ocrx_word' id='word_1_349' title='bbox 804 3550 949 3597; x_wconf 87' lang='lat' dir='ltr'><em>scitis.</em></span> <span class='ocrx_word' id='word_1_350' title='bbox 1024 3549 1097 3598; x_wconf 93' lang='lat' dir='ltr'><em>Illi</em></span> <span class='ocrx_word' id='word_1_351' title='bbox 1134 3551 1357 3601; x_wconf 88' lang='lat' dir='ltr'><em>homines</em></span> <span class='ocrx_word' id='word_1_352' title='bbox 1395 3553 1562 3602; x_wconf 87' lang='lat' dir='ltr'><em>dicunt</em></span> <span class='ocrx_word' id='word_1_353' title='bbox 1599 3559 1647 3603; x_wconf 86' lang='lat' dir='ltr'><em>et</em></span> <span class='ocrx_word' id='word_1_354' title='bbox 1672 3554 1892 3604; x_wconf 85' lang='lat' dir='ltr'><em>scribunt</em></span> <span class='ocrx_word' id='word_1_355' title='bbox 1919 3571 2002 3605; x_wconf 90' lang='lat' dir='ltr'><em>eos</em></span> <span class='ocrx_word' id='word_1_356' title='bbox 2027 3558 2196 3606; x_wconf 83' lang='lat' dir='ltr'><em>mirari</em></span> <span class='ocrx_word' id='word_1_357' title='bbox 2223 3537 2415 3622; x_wconf 47' lang='lat' dir='ltr'><em>quodsi</em></span> 
     </span>
    </p>
   </div>
   <div class='ocr_carea' id='block_1_10' title="bbox 314 3671 547 3677">
    <p class='ocr_par' dir='ltr' id='par_1_11' title="bbox 314 3671 547 3677">
     <span class='ocr_line' id='line_1_38' title="bbox 314 3671 547 3677; baseline 0 0"><span class='ocrx_word' id='word_1_358' title='bbox 314 3671 547 3677; x_wconf 95' lang='lat' dir='ltr'><em> </em></span> 
     </span>
    </p>
   </div>
   <div class='ocr_carea' id='block_1_11' title="bbox 323 3744 2246 3867">
    <p class='ocr_par' dir='ltr' id='par_1_12' title="bbox 323 3744 2246 3867">
     <span class='ocr_line' id='line_1_39' title="bbox 323 3744 2246 3849; baseline 0.008 -56"><span class='ocrx_word' id='word_1_359' title='bbox 323 3754 497 3849; x_wconf 54' lang='lat' dir='ltr'><em>Lsatis:</em></span> <span class='ocrx_word' id='word_1_360' title='bbox 533 3759 574 3794; x_wconf 83' lang='lat'><em>3.</em></span> <span class='ocrx_word' id='word_1_361' title='bbox 663 3754 694 3781; x_wconf 93' lang='lat'><em>¹¹</em></span> <span class='ocrx_word' id='word_1_362' title='bbox 727 3756 957 3798; x_wconf 81' lang='lat' dir='ltr'><em>studerent</em></span> <span class='ocrx_word' id='word_1_363' title='bbox 988 3771 1127 3811; x_wconf 86' lang='lat' dir='ltr'><em>quare</em></span> <span class='ocrx_word' id='word_1_364' title='bbox 1162 3761 1203 3801; x_wconf 84' lang='lat'><em>3.</em></span> <span class='ocrx_word' id='word_1_365' title='bbox 1295 3759 1327 3785; x_wconf 70' lang='lat'><em>¹5</em></span> <span class='ocrx_word' id='word_1_366' title='bbox 1359 3761 1468 3802; x_wconf 82' lang='lat' dir='ltr'><em>satis</em></span> <span class='ocrx_word' id='word_1_367' title='bbox 1499 3763 1665 3803; x_wconf 84' lang='lat' dir='ltr'><em>videtis</em></span> <span class='ocrx_word' id='word_1_368' title='bbox 1700 3766 1741 3804; x_wconf 85' lang='lat'><em>3.</em></span> <span class='ocrx_word' id='word_1_369' title='bbox 1831 3764 1867 3790; x_wconf 80' lang='lat'><em>²²</em></span> <span class='ocrx_word' id='word_1_370' title='bbox 1897 3767 2062 3819; x_wconf 83' lang='lat' dir='ltr'><em>pasche</em></span> <span class='ocrx_word' id='word_1_371' title='bbox 2093 3769 2155 3808; x_wconf 87' lang='lat' dir='ltr'><em>sic</em></span> <span class='ocrx_word' id='word_1_372' title='bbox 2187 3744 2246 3808; x_wconf 70' lang='lat'><em>3.⁴</em></span> 
     </span>
     <span class='ocr_line' id='line_1_40' title="bbox 391 3824 572 3867; baseline 0.017 -3"><span class='ocrx_word' id='word_1_373' title='bbox 391 3824 505 3866; x_wconf 80' lang='lat' dir='ltr'><em>S.D.</em></span> <span class='ocrx_word' id='word_1_374' title='bbox 529 3828 572 3867; x_wconf 88' lang='lat'><em>3.</em></span> 
     </span>
    </p>
   </div>
  </div>
 </body>
</html>
