2456 4264
290 320 410 379 432
507 343 800 373 HOCHSTRATI
822 341 1065 371 APOLOGIAE
1086 343 1138 371 11.
1161 341 1307 378 PRAEF,
1325 342 1385 370 An
1406 343 1448 374 D.
1472 343 1772 373 INGEWINKEL
1793 345 1838 374 D.
1858 338 1914 375 12.
1933 344 2042 374 Ave«.
2061 344 2108 373 A.
2127 339 2227 376 1518.

283 478 390 525 vidit
412 488 593 535 pravas
626 485 736 518 suas
761 474 1010 532 positiones
1046 478 1088 517 et
1122 485 1343 518 erroneas
1376 474 1649 529 assertiones
1683 476 1730 519 in
1765 477 1944 521 oculari
1976 489 2058 522 suo
2091 477 2275 537 speculo
2298 490 2407 522 con-

284 554 426 593 tentas
454 545 732 591 sanctissime
761 544 818 588 ab
854 543 1041 598 ecclesie
1075 543 1330 589 doctoribus
1363 545 1646 603 impuqnari,
1687 546 1826 604 finxit
1860 552 1903 592 et
1929 552 2202 594 commentus
2237 555 2317 604 est,
2368 559 2421 594 se

280 620 327 662 in
361 617 598 663 scribendo
621 628 824 674 pravum
857 628 948 659 non
978 613 1189 660 habuisse
1222 627 1421 670 sensum,
1458 617 1538 674 qui
1569 619 1720 661 tamen
1755 629 1811 661 ea
1834 621 2090 677 tempestate
2116 619 2246 665 haud
2265 612 2414 664 dubie

279 688 365 733 sibi
389 687 564 746 fuerat.
637 685 704 730 Ab
750 685 905 740 heresi
946 686 1096 744 itaque
1143 679 1307 747 (utpote
1347 688 1394 730 in
1439 687 1586 731 virum
1627 699 1809 745 semper
1861 690 2068 746 modesti,
2111 696 2153 735 et
2195 696 2414 749 quantum

281 759 389 817 fieri
410 759 555 816 potuit
582 754 874 815 favorabiles)
908 757 1056 814 ipsum
1089 758 1481 814 supportavimus,
1531 771 1563 801 a
1606 759 1839 804 mendacio
1874 772 1980 806 vero
2017 762 2234 820 quomodo
2265 774 2407 807 excu-
2426 775 2446 807 5

282 833 430 884 setur,
468 829 566 887 ipse
600 827 780 884 viderit,
827 828 903 871 cui
929 827 1148 885 palliatas
1177 829 1591 886 terqiversationes‚
1609 883 1614 887 ,
1624 828 1751 887 falso
1787 832 2092 890 excoqitatas,
2128 833 2255 876 clare
2291 833 2411 877 dete—

279 901 449 944 ximus.
523 898 646 944 Hinc
681 899 881 943 diximus
915 909 1015 942 eum
1049 897 1239 952 heretici
1269 897 1554 957 defensorem
1577 899 1722 957 libelli,
1748 902 1832 946 etsi
1852 915 1943 946 non
1963 901 2228 956 hereticum.
2283 902 2415 958 Quod

279 972 322 1015 si
349 982 405 1015 ea
437 971 719 1029 supportatio
749 969 972 1027 Capnioni
990 974 1127 1028 qrata
1161 982 1252 1014 non
1287 971 1344 1013 sit
1376 983 1515 1029 quam
1551 971 1594 1015 ei
1620 971 1932 1030 impendimus,
1969 978 2152 1018 maneat
2186 973 2412 1028 hereticus

277 1043 459 1100 pariter
476 1044 479 1046 ’
494 1045 537 1086 et
571 1040 826 1095 hereticalis
862 1039 992 1085 libelli
1023 1038 1177 1098 falsus
1209 1038 1440 1099 defensor.
1513 1040 1658 1086 Abeat
1691 1042 1855 1088 deinde
1889 1057 1975 1102 quo
2012 1044 2178 1103 diqnus
2213 1050 2293 1100 est,
2324 1057 2410 1090 nec

169 1108 277 1163 &iij
293 1118 442 1157 tamen
479 1112 534 1156 de
580 1112 815 1156 mendacio
841 1104 863 1174 Η
887 1123 970 1156 nos
1009 1123 1206 1170 arquere
1248 1113 1436 1169 poterit,
1476 1116 1874 1172 quantumcunque
1916 1114 2030 1159 illud
2072 1114 2199 1174 falso
2244 1120 2286 1160 et
2317 1128 2406 1174 per
2425 1125 2456 1159 w

278 1182 572 1242 vaframenta
600 1194 686 1227 sua
715 1183 892 1227 indocte
925 1195 983 1226 ac
1019 1182 1198 1227 ruditer
1233 1183 1458 1227 moliatur.
1533 1181 1627 1228 Sed
1659 1184 1806 1229 videat
1839 1184 2060 1243 Capnion,
2094 1198 2152 1230 ne
2179 1187 2290 1244 plus
2326 1201 2405 1230 ra-

278 1256 408 1299 tionis
440 1258 601 1300 contra
632 1265 734 1298 eum
770 1253 1018 1298 habeamus
1051 1265 1150 1298 eum
1185 1251 1431 1307 hereticum
1456 1254 1745 1312 appellando,
1782 1268 1920 1314 quam
1943 1257 2042 1315 ipse
2065 1255 2223 1301 babuit
2245 1262 2406 1302 contra

277 1325 576 1371 venerabilem
589 1360 602 1381 ,
639 1324 862 1370 eruditum
893 1336 1067 1383 quoque
1099 1330 1142 1369 et
1175 1323 1408 1369 honestum
1444 1325 1592 1370 virum
1625 1338 1682 1370 ac
1719 1324 1890 1371 Christi
1920 1326 2202 1373 sacerdotem
2241 1327 2404 1374 Ortwi·

277 1410 385 1442 num
426 1397 630 1442 Gratiam
643 1431 655 1451 ,
691 1396 912 1441 bonarum
936 1396 1102 1440 artium
1130 1394 1443 1455 professorem
1456 1431 1468 1451 ,
1513 1395 1678 1455 tibique
1712 1398 1795 1442 uni
1828 1400 1915 1443 toto
1951 1399 2101 1443 animo
2137 1404 2180 1443 et
2205 1399 2297 1456 fide
2327 1399 2404 1443 de*

277 1468 561 1523 ditissimum,
599 1479 729 1526 quem
761 1467 866 1512 dum
903 1467 1101 1512 convitiis
1145 1470 1188 1511 et
1221 1467 1496 1512 contumeliis
1529 1468 1646 1512 citra
1679 1469 1886 1513 meritum
1925 1470 2145 1528 persequi
2174 1470 2325 1526 vellet,
2364 1475 2407 1514 et
2422 1478 2456 1516 ιε

276 1538 604 1598 apparentibus
640 1538 911 1597 quibusdam
940 1538 1111 1582 cavillis
1158 1533 1546 1600 (quemadmodum
1580 1537 1812 1584 nobiscum
1843 1538 2008 1598 facere
2043 1545 2110 1585 est
2141 1538 2313 1603 solitus)
2359 1543 2406 1586 in

275 1622 361 1655 sua
402 1610 664 1669 defensione
691 1621 781 1667 per
815 1611 1011 1668 quinque
1042 1614 1121 1653 aut
1152 1621 1241 1654 sex
1272 1607 1387 1667 folia
1421 1608 1671 1654 obtundere
1707 1623 1768 1655 ac
1801 1609 2035 1669 infamare
2079 1603 2241 1657 bonum
2281 1612 2407 1657 illum

277 1685 319 1725 et
351 1680 583 1726 honestum
619 1682 767 1725 virum
803 1694 894 1725 non
939 1679 1071 1725 modo
1109 1678 1478 1736 heresiarcham,
1524 1680 1607 1726 sed
1641 1685 1684 1725 et
1716 1680 2106 1740 philodemonem,
2152 1695 2209 1727 ac
2256 1683 2407 1728 multis

275 1752 379 1797 aliis
411 1752 684 1811 turpissimis
713 1750 966 1796 nominibus
1001 1751 1242 1810 appellare
1276 1764 1368 1796 non
1413 1750 1614 1808 erubuit,
1657 1753 1832 1797 nullam
1873 1753 2012 1797 aliam
2055 1754 2277 1799 rationem
2322 1753 2404 1799 ha-

274 1822 408 1879 bens,
455 1836 595 1882 quam
625 1822 748 1881 quod
785 1821 1010 1867 Ortivinus
1044 1823 1092 1866 in
1126 1823 1221 1866 suis
1256 1821 1533 1868 carminibus
1565 1821 1651 1867 hoc
1694 1823 1788 1869 solo
1821 1825 2015 1883 qenitivo
2050 1822 2173 1870 Iovis
2221 1823 2280 1884 (et
2317 1824 2403 1871 ltoc
2419 1834 2456 1869 ²0

266 1898 509 1952 poetarum
545 1889 684 1955 more)
723 1894 770 1938 in
806 1892 968 1938 bonam
999 1891 1092 1951 fuit
1127 1905 1240 1938 usus
1264 1894 1650 1952 siqnificationem.
1700 1907 1838 1953 quam
1872 1906 1972 1939 rem
2004 1895 2244 1940 ridiculam
2279 1893 2406 1955 false

272 1964 558 2020 deducendo,
592 1969 635 2009 et
669 1965 932 2023 turpissima
971 1963 1027 2008 de
1059 1963 1189 2009 beata
1223 1963 1380 2009 Maria
1408 1965 1582 2023 virqine
1617 1963 1883 2024 inferendo,
1914 1977 1965 2011 se
1992 1970 2128 2012 antea
2156 1969 2316 2026 sepius
2343 1968 2406 2012 ita

270 2037 510 2095 scripsisse
544 2048 715 2081 memor
742 2047 840 2080 esse
871 2048 963 2080 non
992 2035 1139 2092 voluit,
1174 2047 1349 2081 omnem
1380 2036 1506 2080 illam
1536 2037 1858 2083 invectivarum
1887 2037 2210 2096 turpitudinem
2244 2039 2291 2082 in
2316 2039 2405 2084 sei-

262 2119 402 2166 psum
435 2107 581 2166 plane
612 2106 930 2165 retorquendo.
1003 2106 1124 2151 Nam
1169 2109 1249 2165 qui
1282 2108 1423 2166 prior
1468 2108 1530 2151 ita
1574 2108 1852 2166 scripserat,
1898 2108 2092 2154 alterum
2122 2114 2293 2168 postea
2327 2121 2404 2154 eo-

271 2178 371 2223 dem
418 2178 549 2223 modo
594 2178 863 2223 scribentem
909 2177 1192 2236 redarquere
1238 2191 1330 2223 non
1369 2179 1535 2237 potuit,
1580 2176 1752 2233 Quodsi
1782 2192 1875 2225 non
1912 2179 2220 2239 redarquere‚
2262 2181 2398 2226 multo
2414 2189 2456 2223 25

270 2251 419 2295 minus
443 2250 713 2308 turpissimis
736 2255 778 2294 et
809 2248 1137 2307 impudentibus
1160 2250 1362 2294 convitiis
1385 2250 1615 2296 lacerare.
1672 2248 1728 2296 Si
1761 2262 1866 2296 vero
1892 2248 2029 2307 Iovis,
2065 2252 2158 2297 sive
2188 2253 2407 2311 qenitivus

270 2322 330 2365 sit
360 2322 452 2366 sive
479 2322 791 2376 nominativa-5⁸,
826 2320 1050 2366 diabolum
1085 2321 1323 2379 siqnificat‚
1359 2325 1409 2366 ut
1429 2320 1633 2379 Capnion
1661 2322 1759 2379 ipse
1795 2321 1948 2367 eodem
1974 2323 2024 2367 in
2053 2322 2148 2368 loco
2182 2324 2407 2382 scriptum

271 2392 475 2452 reliquit,
519 2404 666 2452 quare
700 2391 885 2437 obsecro
921 2394 968 2436 in
999 2393 1094 2437 suis
1129 2393 1338 2450 scriptis,
1388 2397 1430 2436 et
1460 2393 1508 2436 in
1538 2391 1664 2437 libris
1699 2392 1756 2438 de
1789 2392 1924 2438 verbo
1961 2394 2154 2452 mirifico
2182 2396 2296 2439 tanti
2325 2393 2404 2440 Io-

268 2475 366 2509 vem
396 2462 536 2523 fecit?
573 2462 732 2518 Quare
765 2464 897 2508 etiam
931 2477 1023 2508 non
1059 2463 1298 2522 redarquit
1329 2464 1462 2522 prius
1507 2465 1701 2509 amicum
1737 2475 1871 2509 suum
1905 2462 2190 2510 Ioacltimum
2233 2465 2398 2510 Vadia-

269 2548 400 2590 num,
442 2536 524 2594 qui
555 2535 602 2579 in
639 2535 795 2579 litteris
834 2535 929 2579 suis
977 2533 1147 2588 Vienne
1174 2533 1415 2589 Pannonie
1441 2529 1528 2595 ·(ut
1555 2535 1603 2579 in
1637 2535 1833 2593 epistolis
1866 2536 2104 2581 clarorum
2138 2535 2401 2582 Reuchlini·
2416 2543 2456 2579 δυ

268 2609 444 2651 starum
479 2601 683 2667 liabetur)
723 2605 873 2650 Anno.
894 2603 1209 2650 Maccomu.
1234 2605 1366 2662 datis,
1403 2604 1489 2660 hec
1524 2605 1839 2665 subsequentia
1875 2607 1941 2652 ad
1974 2605 2251 2666 Capnionem
2284 2609 2402 2653 scri-

261 2667 357 2735 psit
392 2675 530 2722 verba
566 2675 766 2722 ‘Interea
800 2671 971 2739 (inquit)
998 2677 1060 2721 mi
1092 2676 1372 2722 dilectissime
1400 2675 1621 2736 Capnion,
1658 2689 1761 2722 cum
1798 2678 1863 2723 sis
1889 2677 2193 2738 philosophus
2216 2685 2259 2724 et
2281 2677 2405 2725 Iovis

263 2759 355 2806 per
385 2749 687 2793 secretissima
713 2749 930 2806 mysteria
964 2749 1083 2792 inter
1110 2747 1364 2794 Germanos
1392 2749 1634 2806 interpres'
1667 2753 1749 2796 etc.
1821 2748 1904 2794 Ex
1927 2748 2000 2794 liis
2023 2750 2170 2796 verbis
2197 2749 2403 2809 Capnion

268 2817 366 2876 ipse
380 2854 391 2874 ,
443 2823 487 2864 et
533 2819 621 2865 hoc
670 2818 919 2864 secundum
957 2820 1204 2878 propriam
1249 2831 1381 2864 suam
1424 2820 1772 2878 expositionem,
1820 2821 2051 2879 interpres
2096 2822 2184 2866 erit
2222 2821 2400 2866 diaboli.

270 2888 371 2943 Qua
405 2904 499 2935 una
535 2902 588 2935 re
615 2889 730 2935 nihil
754 2890 838 2935 sibi
866 2891 1049 2948 turpius
1072 2891 1217 2948 potuit
1251 2889 1512 2935 attribuere.
1598 2890 1768 2936 Verum
1803 2892 2028 2937 enimvero
2062 2893 2169 2951 quia
2213 2891 2299 2947 hec
2337 2890 2456 2943 adar·

269 2961 449 3019 lonqum
485 2962 817 3008 declaravimus
850 2962 897 3006 in
925 2963 1086 3020 prima
1118 2966 1276 3006 nostra
1310 2961 1558 3021 Apoloqia,
1602 2960 1717 3007 libro
1747 2962 1970 3020 secundo,
2016 2962 2103 3008 hoc
2132 2963 2228 3008 loco
2263 2965 2404 3008 missa

265 3030 487 3088 facimus,
529 3033 592 3077 ad
629 3032 716 3077 hoc
750 3033 896 3077 solum
926 3033 1211 3091 propositum
1247 3032 1461 3091 predicta
1505 3033 1560 3077 de
1590 3031 1698 3079 Iove
1741 3034 2012 3093 alleqantes,
2056 3040 2106 3079 ut
2150 3034 2404 3080 reverenda

266 3106 345 3145 tua
378 3105 633 3160 paternitas
669 3102 857 3162 bonique
889 3115 1042 3149 omnes
1073 3104 1276 3159 videant,
1319 3102 1482 3162 quibus
1516 3103 1800 3163 ambaqibus,
1846 3105 2021 3150 cavillis
2056 3110 2100 3150 et
2130 3105 2404 3151 diverticulis

272 3177 427 3216 utatur
464 3173 668 3233 Capnion
694 3176 792 3233 ipse
830 3176 878 3219 in
914 3176 988 3220 sui
1010 3176 1164 3234 potius
1197 3175 1467 3219 scandalum
1502 3188 1639 3234 quam
1671 3176 1887 3229 aliorum,
1936 3175 2059 3235 quod
2094 3181 2243 3222 tamen
2279 3180 2402 3230 recte

270 3244 458 3288 rationis
494 3245 649 3289 oblitus
695 3246 989 3291 considerare
1034 3259 1268 3304 nunquam
1310 3246 1460 3292 voluit.
1534 3244 1922 3300 Quemadmodum
1965 3248 2100 3306 iqitur
2128 3248 2252 3293 illum
2282 3252 2453 3307 pro-40

270 3312 387 3357 bavit
420 3326 482 3358 ex
525 3315 631 3360 Iove
676 3315 950 3370 hereticum,
998 3316 1108 3361 nihil
1144 3318 1330 3375 penitus
1361 3316 1631 3376 probando,
1679 3318 1742 3361 ita
1786 3323 1830 3362 et
1870 3330 1941 3363 me
1981 3318 2051 3363 vel
2093 3320 2215 3364 nullo
2247 3319 2403 3378 potius

268 3383 399 3428 modo
436 3389 478 3429 et
512 3385 681 3443 absque
710 3387 805 3431 ulla
849 3389 1188 3446 comparatione
1231 3400 1294 3432 ex
1338 3388 1604 3446 supradicto
1640 3388 1798 3433 cavillo
1841 3389 2121 3436 mendacem.
2195 3390 2402 3436 Ceterum

269 3458 319 3500 ut
354 3454 418 3498 ad
448 3455 571 3499 illam
603 3458 834 3513 epistolam
865 3473 1003 3517 quam
1034 3459 1099 3503 ad
1129 3470 1400 3518 qenerosum
1435 3460 1635 3504 comitem
1659 3458 1944 3505 Nuenarium
1969 3460 2241 3520 iampridem
2269 3460 2401 3518 dedit,

270 3529 313 3570 et
345 3525 409 3569 ad
442 3537 544 3569 eum
573 3528 857 3584 potissimum
889 3531 1058 3586 locum,
1110 3542 1242 3588 quem
1289 3529 1361 3575 hic
1404 3532 1544 3588 paulo
1577 3535 1681 3575 ante
1710 3530 1990 3576 deseruimus
2025 3532 2284 3591 quantotius
2322 3542 2399 3575 re-

268 3601 523 3651 vertamur,
570 3596 672 3641 Non
716 3600 832 3643 satis
861 3599 1079 3656 fideliter,
1129 3605 1172 3644 et
1207 3601 1293 3645 hoc
1337 3614 1418 3646 suo
1451 3613 1600 3656 more,
1646 3607 1805 3647 nostra
1841 3601 1988 3661 refert
2018 3604 2221 3661 scripta,
2261 3607 2399 3661 pater
2411 3605 2456 3640 45·

269 3667 539 3724 reverende,
576 3671 726 3726 utpote
756 3670 836 3726 qui
867 3671 1046 3714 minime
1073 3674 1320 3728 protestati
1353 3685 1532 3730 sumus,
1568 3674 1718 3731 ipsum
1747 3686 1838 3717 non
1874 3685 1974 3718 esse
2008 3673 2280 3728 hereticum,
2315 3684 2400 3717 nec

268 3737 353 3783 lzoc
394 3739 599 3797 maqistri
641 3740 786 3783 nostri
821 3739 1104 3784 Colonienses
1138 3741 1563 3788 determinaverunt.
1646 3744 1892 3803 Utrumque
1929 3745 2127 3801 proinde
2169 3746 2233 3790 ad
2285 3757 2398 3790 eun·
2455 3769 2456 3800 3

270 3809 370 3854 dem
421 3820 691 3869 qenerosum
740 3810 941 3854 comitem
992 3811 1039 3854 in
1090 3822 1176 3854 sua
1231 3813 1538 3858 maledictoria
1581 3815 1769 3872 epistola
1810 3815 2049 3861 scribendo
2102 3814 2230 3862 nobis
2273 3814 2398 3876 falso
2454 3803 2456 3818 ’

380 3959 415 3988 ³¹
444 3958 655 4016 habetur]
687 3964 830 4014 pag.l
861 3961 968 4002 edit.
991 3975 1031 4003 a.
1057 3960 1177 4002 1519.
2166 3981 2170 3985 -
2408 3982 2409 3989 η
2453 3965 2456 4020 i
