2456 4264
218 230 339 288 200
798 253 1037 281 EPISTOLAE
1062 251 1368 281 OBSCVRORVM
1389 251 1602 280 vmonu
1625 252 1774 281 NOVAE.

360 383 418 431 Et
456 387 627 431 contra
665 396 755 430 nos
794 380 1071 444 Theologos
1179 381 1342 429 facere
1381 378 1558 428 multos
1594 378 1764 427 libroS.

292 486 331 517 45
358 468 416 516 Et
456 467 542 515 suit
580 465 698 513 mihi
736 464 944 519 dictum,

1057 463 1185 527 quod
1227 465 1414 513 noviter
1452 478 1607 512 unum
1644 461 1825 512 librum

358 550 561 613 Scripsit
598 549 657 597 de
696 562 869 604 usura,
981 561 1126 610 quam
1165 547 1373 596 admittit
1409 546 1704 610 Theologia‚

358 635 492 683 Sicut
518 631 735 694 Bononie
764 635 836 679 est
861 630 1158 695 disputatum
1258 637 1304 680 et
1329 647 1418 696 per
1444 631 1701 695 Magistros
1727 635 1922 680 nostros
1947 632 2224 696 probatum.

358 718 438 765 Sic
476 717 535 765 ivi
573 721 683 779 post
720 730 871 764 unum
911 730 1130 764 mensem
1240 716 1298 764 ad
1340 715 1702 765 universitatem
1742 715 2056 779 Lipsensem:

358 801 452 851 Ubi
490 799 764 849 Richardus
803 798 1010 856 CrocuS‚

290 904 331 935 50
356 885 486 934 Vidit
523 900 602 934 me
640 899 729 949 per
768 885 917 940 viam,

1122 801 1204 863 qui
1243 799 1419 848 dicitur
1459 814 1567 849 esse
1606 797 1861 863 AnglicuS,

1029 888 1075 933 et
1113 883 1232 933 dixit
1271 883 1417 932 ‘illam
1454 883 1659 932 bestiam

359 969 461 1034 Ego
499 969 611 1018 novi
648 966 875 1032 Colonie'.
984 967 1234 1033 Respondi
1272 966 1387 1016 ‘noli
1424 968 1614 1025 dicere,

362 1054 482 1112 Quia
522 1068 611 1117 ego
650 1068 748 1102 non
788 1058 926 1102 sum’.

1040 1059 1158 1102 tunc
1195 1053 1312 1102 dixit
1349 1052 1410 1101 ad
1447 1067 1592 1102 suum
1630 1052 1818 1101 socium

363 1137 474 1187 ‘Iste
512 1152 603 1202 pro
637 1136 904 1201 ‘Theologis
1014 1143 1085 1186 est
1123 1137 1346 1202 proditor
1385 1137 1668 1201 CapnioniS,

362 1222 422 1270 Et
459 1228 531 1271 est
568 1237 773 1286 magnus
812 1222 1101 1286 pultronus’.
1214 1221 1343 1286 quod
1384 1221 1483 1270 dixi
1520 1221 1764 1285 magistris
1800 1222 1852 1270 in
1890 1220 2116 1278 Artibus,

295 1327 336 1359 55
363 1305 454 1363 Qui
492 1308 778 1356 iuraverunt
814 1307 1017 1356 invicem

361 1390 430 1439 Ita
469 1391 599 1455 quod
640 1392 686 1439 in
725 1397 976 1454 posterum

1127 1306 1351 1370 accipere
1390 1307 1433 1355 ei
1470 1305 1729 1355 lectionem

1086 1404 1185 1439 non
1224 1390 1432 1456 amplius
1470 1389 1675 1440 haberet
1711 1390 2024 1455 stipendium.

362 1475 501 1523 Venit
538 1475 856 1532 Mosellanus,
968 1475 1161 1525 dicens:
1203 1474 1297 1524 ‘ille
1335 1475 1528 1524 Beanus

363 1558 573 1608 Deberet
610 1559 668 1607 ad
708 1559 981 1624 patibulum

361 1643 422 1691 Et
459 1643 528 1692 sic
566 1642 634 1691 fui
670 1642 944 1694 licentiatus

293 1744 334 1777 60
359 1726 453 1777 Ubi
489 1727 823 1791 Aperbachius
860 1744 939 1778 me

359 1811 419 1860 Et
455 1811 684 1861 Eobanus
723 1813 929 1870 HessuS,

1091 1560 1324 1625 suspendi
1362 1574 1450 1624 per
1488 1575 1631 1609 suum
1671 1557 1882 1608 collum’.

1054 1651 1102 1694 et
1138 1644 1196 1694 ad
1236 1644 1513 1693 Ersordiam
1553 1644 1926 1700 intentionatuS,

1047 1730 1228 1794 incepit
1264 1728 1527 1785 tribulare,

1041 1815 1123 1877 qui
1160 1828 1412 1877 nunquam
1452 1812 1542 1862 fuit
1581 1813 1738 1862 fessus

360 1895 576 1959 Querere
613 1897 662 1944 in
700 1896 898 1960 plateiS,
1007 1904 1061 1947 ut
1098 1903 1415 1962 percuterent
1451 1913 1531 1947 me
1569 1911 1680 1946 cum
1710 1897 1926 1961 ·pugnis;

357 1980 416 2029 Et
453 1979 659 2030 multum
697 1981 981 2031 terribiliter

357 2064 417 2113 Et
454 2065 571 2114 dixit
608 2065 668 2115 ad
706 2067 978 2116 studentes:

293 2166 334 2199 65
361 2147 481 2206 Quia
520 2149 847 2214 Theologicus
958 2158 1005 2201 et

1090 1983 1277 2031 vexavit
1312 1997 1391 2031 me
1430 1981 1504 2031 bis
1531 1980 1617 2032 vel
1653 1987 1754 2037 ter,

1091 2067 1339 2131 ‘frangatis
1378 2067 1422 2116 ei
1459 2066 1658 2122 dentes,

1041 2150 1281 2202 Reuchlin
1319 2157 1392 2200 est
1428 2149 1686 2201 inimicus’.

357 2234 503 2283 Tunc
534 2234 865 2285 dixit'Crotus
904 2235 1181 2286 Rubianus:
1294 2235 1441 2286 ‘unde
1482 2236 1610 2285 venit
1645 2235 1735 2284 iste
1775 2234 1994 2291 Beanus‚

357 2319 447 2377 Qui
486 2334 585 2368 non
626 2326 697 2369 est
735 2319 877 2369 nobis
914 2320 1101 2370 notus?
1212 2321 1309 2371 dixi
1348 2320 1478 2384 quod
1518 2335 1627 2369 sum
1665 2325 1935 2384 promotus

356 2402 651 2466 Respondit:
693 2405 830 2454 ‘eatis
869 2405 1066 2471 utique’.
1178 2405 1318 2455 Tunc
1356 2405 1482 2456 volui
1521 2410 1770 2455 revertere

359 2487 527 2536 Statim
567 2488 627 2537 ad
666 2488 914 2539 Coloniam
928 2530 939 2547 ,

1053 2490 1234 2540 vadens
1271 2505 1361 2554 per
1400 2489 1730 2540 Buchoniam:

290 2589 331 2620 70
357 2572 453 2621 Sed
492 2572 610 2622 dixit
648 2573 844 2639 quidam
884 2576 1070 2632 socius,
1181 2574 1311 2639 quod
1350 2574 1596 2623 Mutianus
1632 2574 1804 2624 Rullus

356 2656 495 2706 Esset
530 2659 581 2706 in
619 2659 815 2716 itinere,
928 2664 974 2708 et
1010 2665 1176 2723 posset
1213 2675 1290 2708 me
1327 2664 1604 2724 percutere.

357 2739 492 2790 Tunc
530 2743 592 2791 ivi
630 2758 720 2807 per
757 2743 1097 2808 Campaniam,
1209 2749 1257 2794 et
1295 2744 1403 2794 veni
1440 2744 1621 2792 iterum
1658 2743 1708 2792 in
1747 2744 1984 2793 Misniam.

359 2823 498 2881 Quod
537 2825 626 2876 suit
662 2827 731 2876 ibi
769 2828 929 2878 subito

1040 2829 1222 2878 dic-tum
1260 2829 1627 2893 Esticampiano
1640 2868 1652 2885 ,

358 2909 450 2967 Qui
488 2912 617 2960 misit
654 2927 767 2961 suos
807 2913 1100 2977 discipulOS,
1213 2914 1293 2978 qui
1333 2919 1590 2963 traxerunt
1626 2928 1705 2962 me
1743 2928 1855 2963 cum
1895 2912 2131 2962 crinibus

289 3010 329 3041 75
355 2992 414 3041 Et
453 2994 572 3044 dixit
610 2996 909 3060 Spalatinus‚

1020 2999 1104 3062 qui
1141 3004 1214 3047 est
1252 2999 1355 3048 eius
1393 2999 1604 3054 vicinus,

357 3078 497 3134 Quod
538 3081 678 3129 etiam
719 3097 776 3130 ex
814 3089 954 3146 parte
992 3098 1078 3132 sua
1188 3083 1362 3132 darent
1399 3081 1518 3130 mihi
1556 3081 1778 3131 verbera.

358 3161 487 3225 Ergo
526 3165 640 3213 satis
678 3180 944 3228 percussus

358 3244 428 3292 lbi
468 3248 663 3308 quidam
702 3250 949 3309 diabolus,

1052 3169 1161 3217 veni
1199 3167 1257 3216 ad
1298 3166 1543 3231 quoddam
1582 3166 1789 3223 Nemus,

1061 3251 1134 3301 vel
1174 3258 1307 3302 certe
1345 3251 1502 3301 malus
1541 3250 1754 3315 Angelus

359 3329 595 3378 Sturnum
632 3334 692 3382 ad
732 3351 809 3384 me
847 3337 1080 3398 portavit,
1193 3338 1276 3400 qui
1317 3335 1400 3384 ubi
1438 3337 1691 3399 cognovit,

294 3429 335 3461 so
362 3412 504 3461 Dedit
541 3415 658 3465 mihi
696 3417 913 3482 alapam:

357 3495 449 3544 Ubi
489 3503 560 3545 est
598 3499 771 3550 fluvius
809 3503 996 3553 Menus,

327 3720 362 3744 ‘¹²⁷‘
391 3721 555 3761 librum
578 3727 616 3764 5.
675 3721 710 3747 5⁹
733 3724 802 3763 sic
832 3726 948 3764 omis.
971 3729 1010 3766 5.

1024 3426 1141 3470 tunc
1179 3422 1242 3469 ivi
1280 3420 1339 3469 ad
1380 3420 1733 3476 Franconiam‚

1106 3504 1175 3553 ibi
1215 3504 1444 3555 Ulrichus
1481 3505 1726 3555 Huttenus

1044 3725 1340 3778 licenciatus:
1364 3732 1404 3768 5.
1465 3727 1501 3753 ⁶⁰
1531 3729 1715 3781 Incepit
1735 3733 1775 3770 5.
1858 3728 1960 3769 Olim
1990 3730 2092 3769 dedi
2112 3729 2204 3769 Ubi
2224 3729 2363 3780 Aper·

216 3792 409 3832 bachius
496 3806 566 3833 me
598 3793 773 3846 incepit
802 3794 1025 3835 tribulare
1057 3798 1219 3847 aerius,
1298 3795 1334 3821 ⁶5
1367 3801 1411 3836 et
1443 3801 1556 3840 omis.
1582 3802 1622 3838 5.
1683 3798 1718 3823 ⁶⁶
1750 3800 1962 3840 Beanus‘?
1994 3802 2087 3839 4.5.
2148 3797 2185 3823 ⁶⁷
2214 3801 2361 3838 notus.

216 3865 309 3905 45.
397 3861 429 3887 ⁷¹
463 3894 472 3904 .
496 3865 554 3903 Et
584 3867 623 3904 5.
712 3854 916 3904 ⁷⁶'miohi
949 3869 986 3906 5.

1074 3865 1110 3890 7⁷
1142 3866 1334 3918 quodam
1369 3870 1405 3910 4.
1420 3871 1459 3908 5.
1549 3867 1586 3891 ⁵⁵⁰
1617 3869 1756 3908 michi
1786 3873 1826 3909 5.
1917 3868 1951 3895 8¹
1983 3868 2217 3910 Ulirichus
2248 3870 2288 3910 4.
