2456 4264
231 209 351 267 296
815 229 1053 259 EPISTOLAE
1076 228 1381 257 OBSCVRORVM
1400 228 1611 257 vmonu
1633 228 1781 259 NOVAE.

231 365 360 426 Ergo
411 377 499 410 nos
547 360 725 410 subditi
775 358 904 407 licite
951 372 1215 421 possumus
1260 372 1482 421 sequere.
1556 357 1659 421 Hec
1708 362 1781 407 est
1825 358 1952 406 bona
2003 359 2365 422 consequentia,

232 449 339 512 quia
368 446 591 509 perspexi
630 446 676 492 in
714 447 920 492 tractatu
958 441 1018 491 de
1055 441 1492 506 suppositionibus:
1534 443 1646 505 quia
1682 440 1752 490 ibi
1787 441 1834 506 ly
1873 442 2102 507 ‘prelatus
2140 443 2369 507 supponit

231 527 577 595 personaliter'.
642 527 725 576 sed
765 526 1034 576 secundum
1061 525 1329 576 Marsilium
1354 527 1584 591 supponit
1607 526 1812 575 inferius
1836 526 2164 577 materialiter.
2227 526 2369 577 Nunc

232 617 289 665 ad
328 614 655 679 propositum:
706 626 795 675 ego
843 610 1017 661 vellem
1065 611 1194 675 quod
1245 610 1437 674 quando
1484 612 1715 675 magister
1763 616 1928 661 noster
1965 611 2170 662 Iacobus
2207 611 2368 661 Hoch-

232 704 351 747 strat
390 699 436 746 in
463 697 616 746 Roma
655 695 773 745 nihil
814 697 959 745 sciret
984 696 1153 746 Ioanni
1178 694 1416 744 Reuchlin
1454 694 1630 744 abinde
1666 694 1877 752 lucrare,
1917 697 2047 761 quod
2085 697 2410 760 impetraret5

231 782 370 832 nobis
408 782 641 831 laxiorem
681 781 929 838 ordinem,
979 781 1103 830 sicut
1150 778 1229 829 ille
1266 781 1650 844 prenominatus.
1727 781 1852 831 Caro
1888 786 2053 831 tamen
2090 797 2180 831 nos
2218 796 2371 846 quan-

233 868 394 932 doque
435 868 578 916 etiam
617 865 859 916 stimulat:
900 881 990 930 ego
1030 866 1131 914 scio
1169 864 1301 929 quod
1328 879 1414 914 ero
1441 863 1844 930 brevissimevite
1872 867 2065 931 quando
2092 881 2189 916 non
2217 865 2371 916 debeo
2439 886 2454 900 ·

233 952 524 1017 quandoque
564 965 839 1017 expurgare
876 959 1014 1001 vetus
1051 950 1360 1006 fermentum,
1400 950 1531 1015 quod
1570 951 1789 1000 contraxi
1827 966 1886 1000 ex
1923 950 2018 1001 illis
2043 952 2221 1001 caseis:
2258 966 2372 1016 par·
2421 983 2428 986 -

234 1038 352 1086 catis
389 1036 530 1094 mihi,
582 1038 691 1100 quia
744 1037 918 1101 loquor
966 1035 1217 1086 vobiscum
1256 1034 1560 1092 cordialiter,
1607 1035 1656 1084 id
1697 1041 1770 1085 est
1807 1050 1902 1100 que
1940 1036 2059 1086 mihi
2094 1042 2208 1087 sunt
2245 1036 2372 1086 circa

235 1137 335 1172 cor.
411 1121 514 1184 Ego
551 1137 746 1185 semper
783 1123 930 1172 timeo
969 1122 1099 1185 quod
1136 1120 1217 1170 illa
1256 1135 1401 1170 causa
1440 1121 1533 1169 erit
1559 1119 1739 1170 malum
1765 1120 1912 1170 finem
1939 1121 2210 1186 acquirere,
2249 1122 2456 1186 sicutu>1⁴

234 1221 378 1256 causa
415 1206 691 1256 BernensiS.
767 1206 861 1256 Vos
899 1208 1014 1255 satis
1050 1205 1352 1255 intellexistis
1389 1221 1483 1255 me.
1557 1206 1793 1256 Dominus
1829 1206 2058 1271 Magister
2096 1211 2264 1257 noster
2301 1206 2376 1256 Io-

234 1305 384 1340 annes
420 1290 812 1355 Amphoraticius
849 1293 1030 1355 optavit
1067 1290 1201 1340 vobis
1239 1289 1413 1340 multas
1450 1290 1651 1341 salutes:
1691 1291 1796 1356 ipse
1834 1293 1985 1341 evasit
2020 1292 2069 1341 in
2108 1291 2376 1342 solemnem

235 1377 415 1425 virum:
474 1375 559 1424 Est
605 1377 731 1425 enim
781 1377 1059 1441 predicator
1107 1382 1301 1425 noster:
1361 1377 1519 1425 omnis
1565 1376 1712 1425 homo
1761 1392 1871 1426 311111
1919 1376 2098 1426 laudat.
2172 1376 2258 1426 Est
2314 1378 2375 1426 ita
2439 1366 2446 1378 '⁷

234 1461 392 1510 bonus
420 1462 467 1509 in
506 1461 772 1526 exemplari
811 1462 1244 1511 demonstratione.
1306 1461 1447 1510 Anno
1485 1460 1670 1510 domini
1698 1461 1869 1511 .1516.
1898 1462 2167 1527 predicavit
2190 1462 2376 1527 passio-

235 1561 376 1595 nem:
418 1550 532 1594 tunc
570 1547 756 1610 accepit
792 1562 958 1596 secum
996 1561 1148 1596 unum
1185 1545 1414 1595 baculum
1453 1561 1603 1611 super
1640 1545 1936 1596 Ambonem:
1978 1554 2025 1597 et
2062 1547 2258 1610 quando
2296 1562 2375 1597 re·
2392 1560 2456 1609 ¹⁵ae

236 1630 395 1678 citavit
433 1632 722 1680 sententiam
761 1631 922 1688 Pilati,
974 1638 1090 1681 tunc
1139 1632 1286 1680 traxit
1323 1647 1432 1680 eum
1473 1631 1532 1680 de
1572 1630 1762 1682 cuculla
1801 1637 1937 1682 extra
1977 1638 2025 1681 et
2062 1632 2204 1696 fregit
2243 1631 2378 1681 illum
2454 1620 2456 1623 ’

234 1714 461 1764 baculum
493 1716 540 1763 in
580 1716 741 1765 medio
780 1718 828 1765 in
867 1716 986 1765 duas
1024 1721 1203 1781 parteS‚
1245 1716 1381 1780 quasi
1420 1721 1696 1781 sceptrum:
1737 1717 1875 1775 Quod
1913 1716 2005 1766 suit
2041 1716 2381 1767 miserabiliter
2451 1748 2456 1752 <

235 1799 295 1848 ad
332 1799 614 1849 videndum:
656 1800 824 1865 Vetule
864 1800 1097 1851 mulieres
1135 1800 1317 1850 flebant
1354 1801 1416 1849 ita
1455 1815 1646 1859 amare,
1687 1801 1813 1850 sicut
1848 1802 2023 1851 Petrus
2062 1802 2256 1866 quando
2295 1817 2378 1852 au-

235 1883 348 1932 divit
394 1882 573 1947 gallum
619 1899 774 1949 prope
823 1886 984 1950 ignem
1037 1890 1249 1935 cantare.
1325 1884 1489 1936 Valete
1539 1890 1586 1935 et
1633 1886 1974 1936 commendate
2021 1902 2098 1936 me
2147 1887 2378 1951 magistro
2448 1912 2453 1915 ··

234 1974 401 2017 nostro
440 1969 633 2034 quando
673 1971 858 2019 venerit
897 1986 953 2019 ex
996 1971 1160 2019 Roma.
2390 1983 2456 2041 2535!-

995 2207 1082 2266 68.
1161 2208 1512 2280 [Appendicis
1553 2209 1622 2281 6.]

702 2323 1082 2405 Magister
1126 2323 1514 2385 Iohannes
1554 2324 1923 2387 Textoris

860 2437 1057 2489 Petro
1098 2437 1615 2490 Schwinkoncio
1654 2455 1770 2490 suo

1094 2545 1165 2588 tot
1202 2539 1316 2588 dicit
1353 2537 1534 2589 salutes

691 2643 808 2703 quot
844 2643 958 2687 sunt
994 2643 1131 2701 gutte
1170 2638 1218 2686 in
1256 2639 1380 2687 mari
1418 2645 1466 2687 et
1502 2638 1687 2687 athomi
1723 2640 1772 2689 in
1810 2637 1927 2690 sole.
2391 2656 2434 2691 2⁵

382 2750 580 2808 Sciatis,
620 2751 914 2801 Charissime
952 2753 1133 2808 amice,
1183 2752 1314 2818 quod
1353 2766 1443 2815 ego
1481 2751 1672 2803 literam
1711 2758 1921 2803 vestram
1959 2756 2151 2820 accepi,
2200 2755 2251 2804 in
2289 2771 2380 2820 qua

241 2833 358 2882 mihi
396 2834 604 2884 scribitis
643 2836 702 2885 de
741 2836 944 2885 Erasmo
981 2836 1376 2896 RotherodamO,
1429 2843 1476 2887 et
1526 2837 1669 2888 vultis
1715 2840 1842 2888 scire
1888 2840 2003 2903 quid
2052 2854 2142 2903 ego
2190 2845 2382 2890 teneam
2424 2861 2450 2890 »11

242 2919 301 2968 de
340 2935 413 2969 30.
488 2920 683 2971 Debetis
721 2922 847 2971 scire
886 2927 933 2970 et
968 2921 1116 2971 michi
1156 2922 1383 2997 credere,
1424 2924 1534 2988 quia
1573 2924 1732 2980 etiam,
1774 2923 1967 2988 quando
2006 2923 2076 2974 fui
2111 2924 2271 2974 adhuc
2308 2926 2382 2974 iu·

242 3005 398 3062 veniS,
447 3005 598 3055 multa
642 3006 739 3070 legi
786 3007 834 3055 in
882 3006 1036 3057 literis
1083 3007 1309 3057 humanis
1358 3014 1404 3057 et
1441 3008 1743 3074 Stephanum
1780 3007 1991 3058 Fliscum
2032 3015 2079 3059 et
2116 3009 2382 3074 Grecistam

244 3094 290 3136 et
327 3089 537 3153 SynthiS‚
578 3090 826 3148 Facetum,
865 3091 1130 3150 Floretum,
1172 3098 1219 3141 et
1255 3091 1363 3141 illos
1400 3094 1624 3158 antiquos
1660 3099 1831 3158 poetas
1868 3095 2004 3157 quasi
2042 3109 2191 3160 super
2227 3110 2375 3144 unum
2391 3110 2434 3144 so

244 3187 456 3234 unguem
494 3176 611 3223 scivi
648 3182 976 3227 mentetenus:
1029 3183 1076 3226 et
1123 3177 1254 3241 quod
1300 3193 1471 3228 verum
1509 3179 1599 3235 sit,
1648 3183 1763 3228 tunc
1802 3180 1976 3242 scripsi
2013 3194 2165 3228 unum
2203 3178 2381 3229 librum

247 3259 329 3320 qui
367 3257 541 3307 dicitur
580 3259 810 3317 Florista,
851 3262 900 3310 in
939 3277 1036 3328 quo
1074 3261 1200 3311 bene
1240 3262 1408 3313 videtis
1445 3265 1698 3314 scientiam
1735 3279 1894 3314 meam
1933 3269 1981 3314 et
2017 3263 2155 3328 plura
2196 3264 2304 3321 alia,
2343 3265 2381 3312 si
2412 3287 2447 3313 ,κς

246 3356 337 3406 ego
375 3341 547 3415 vellem
585 3359 661 3393 me
698 3347 893 3396 iactare.
970 3347 1066 3396 Sed
1104 3347 1211 3396 dico
1248 3363 1339 3412 pro
1376 3353 1534 3404 tanto,
1575 3348 1704 3413 quod
1744 3363 1843 3398 non
1878 3351 2083 3414 putetis,
2124 3349 2254 3414 quod
2292 3363 2382 3412 ego

246 3424 382 3475 vobis
418 3428 657 3477 mentior:
699 3428 818 3486 Quia
857 3445 947 3495 ego
986 3447 1185 3496 possum
1222 3431 1349 3482 bene
1388 3431 1524 3483 valde
1560 3433 1778 3483 iudicare
1803 3433 1863 3484 de
1886 3432 1969 3483 illo
1995 3434 2218 3484 Erasmo.
2279 3434 2381 3497 Ego

356 3651 374 3678 ²
402 3651 470 3709 ly]
502 3655 563 3695 sic
593 3658 633 3695 5.
668 3653 787 3707 (puto
818 3654 886 3707 lij,
918 3662 964 3696 ut
990 3658 1047 3696 sit
1070 3659 1245 3710 payz‘noe
1274 3658 1498 3711 indicatio)
1529 3642 1685 3700 ceieroe
1715 3661 1811 3702 edd.
1843 3662 2068 3702 omiserunt
2097 3659 2174 3702 lzas
2203 3663 2380 3707 litteras,

246 3729 411 3777 proeter·
440 3727 506 3766 ed.
531 3739 572 3768 a.
595 3726 735 3777 1858„
768 3727 810 3766 in
842 3740 923 3779 qua
951 3725 1123 3780 legitur
1152 3733 1230 3768 est.
1333 3726 1352 3754 4
1381 3729 1506 3771 Iano.
1530 3733 1572 3772 5.
1677 3728 1694 3754 ⁵
1724 3730 1879 3771 reueh.
1901 3733 1943 3771 5.
2051 3729 2087 3757 1⁰
2117 3743 2190 3775 002
2223 3744 2308 3785 ego
2337 3734 2378 3772 5.

249 3795 281 3822 ¹¹
313 3810 383 3836 me
415 3793 494 3836 dfis
524 3796 584 3836 Μ.
607 3799 647 3836 5.
738 3793 772 3821 ¹4
805 3795 940 3837 4416.
963 3799 1003 3839 5.
1025 3800 1174 3837 iustum
1204 3811 1409 3838 numerum
1433 3800 1611 3850 primum
1640 3800 1764 3840 habet
1793 3803 2024 3853 exemplum
2054 3813 2094 3841 α.
2118 3803 2242 3845 1599.

358 3863 395 3892 ²²
423 3866 483 3906 M.
505 3865 661 3907 Iohan.
684 3868 722 3908 5.
811 3863 847 3891 ²⁴¹
878 3866 1077 3908 salutes?
1108 3870 1148 3907 5.
1236 3865 1272 3892 ²⁶
1304 3867 1448 3908 Ciatis
1478 3871 1518 3909 5.
1549 3869 1703 3910 initiali
1732 3869 1760 3910 S
1791 3871 1938 3911 relicto
1968 3873 2072 3911 loco.
