2456 4264
626 337 823 367 onrvnu
845 336 1014 366 GBA‘rn
1034 335 1262 367 BPISTOLA
1281 336 1402 365 Aror
1405 336 1623 366 oon'ncA.
2080 313 2118 370 4
2131 312 2156 371 1
2169 314 2204 371 5

113 466 420 529 “minem
452 465 706 528 Mariam,
735 472 794 516 ut
817 466 1089 527 Iudeorum
1125 478 1262 516 more
1290 467 1408 517 huic
1438 468 1716 517 illuderent.
1789 467 1914 518 Item
1949 482 2048 518 non
2083 482 2208 517 eru-

195 565 206 603 2
218 560 230 589 s
286 553 343 602 in
374 552 552 601 eadem
598 553 807 614 epistola
839 547 862 621 ΙΙ
896 553 1195 602 scandalose
1237 553 1454 601 scribere
1488 553 1749 601 Piramum
1790 554 1878 614 (de
1922 566 2019 615 quo
2047 558 2121 602 est
2154 555 2207 602 in
2227 554 2275 609 Π

203 640 558 701 poetarum)
601 643 844 686 amentem
891 651 1104 699 prorsus
1157 637 1423 696 hominem,
1475 639 1764 698 significare
1798 640 1958 698 filium
2005 639 2109 696 dei,
2165 646 2212 687 et

260 737 394 785 que
436 723 653 784 seipsam
695 724 942 771 interemit
981 724 1122 784 turpi
1160 735 1332 775 amore
1365 729 1631 785 corrupta,
1682 725 1903 772 animam
1943 724 2212 784 desiynare

115 862 118 867 ,
317 842 332 855 .
403 807 556 868 idque
604 808 766 869 (quod
791 813 864 856 est
896 809 1111 856 omnium
1138 809 1437 870 pessimum)
1484 810 1725 870 scriptum
1768 822 1873 857 esse
1908 811 2211 858 mentiuntur

91 889 106 900 ‘'
119 888 123 955 J
138 913 153 955 .'
196 899 268 964 ..μ
361 892 406 940 OE
438 892 504 941 In
531 901 731 936 ..ΧΧνιιι
777 895 987 955 epistola
1019 892 1291 942 abutuntur
1316 906 1418 954 per
1455 893 1749 942 derisionem
1778 896 2027 942 sententiis
2050 908 2210 943 evan—

99 955 139 991 ’ξ
153 1013 161 1020 μ
212 1015 228 1028 .
297 977 365 1027 In
392 985 551 1021 ..XXIX-
571 979 634 1038 fit
666 979 918 1038 sacriteqa
954 980 1215 1026 enarratio
1249 978 1312 1026 de
1356 979 1643 1027 ascensione
1680 978 1869 1027 domini
1900 984 1948 1027 et
1990 985 2212 1028 extremo

95 1062 168 1137 Ἀ(
211 1083 253 1124 ‚
291 1068 340 1112 et
372 1064 537 1112 illusio
568 1063 784 1124 quedam
815 1064 1098 1124 apostolicis
1133 1076 1197 1110 ac
1231 1063 1340 1122 dive
1378 1063 1576 1124 virgini.
1648 1063 1714 1111 In
1742 1072 1879 1109 .ΧΧΧ.
1909 1066 2213 1113 mentiuntur

96 1151 189 1223 ᾖν
237 1149 275 1191 s'
321 1161 406 1197 um
442 1148 696 1198 dominum
722 1154 944 1197 nostrum
978 1148 1192 1197 Leonem
1230 1162 1423 1210 papam
1461 1148 1706 1197 decimum
1743 1149 2082 1211 indulqentias
2119 1150 2213 1198 de-

210 1235 266 1284 in
308 1233 458 1300 rebus
497 1234 773 1294 inutilibus,
816 1233 1117 1282 scandalose
1153 1234 1302 1281 simul
1347 1239 1575 1283 sanctum
1611 1233 2018 1284 Bonaventuram
2066 1236 2209 1284 deri—

103 1322 232 1397 2⁴.
279 1310 346 1367 Ἐ
388 1317 456 1367 In
486 1327 715 1363 .ΧΧΧιιι[.
759 1321 888 1367 inter
936 1319 1041 1366 alia
1085 1318 1348 1367 mendacia
1394 1320 1608 1368 ridicule
1652 1321 1923 1381 loquuntur
1970 1323 2033 1370 de
2076 1334 2211 1383 aqua

24 1430 25 1434 =
101 1410 181 1466 “gg
285 1402 578 1500 benedictis,
635 1404 812 1466 quibus
853 1409 1019 1452 tamen
1061 1408 1238 1452 sancta
1285 1409 1446 1453 mater
1488 1407 1700 1455 ecclesia
1746 1409 1902 1455 utitur
1942 1409 1993 1455 in
2040 1409 2212 1468 pueris

91 1487 156 1589 '‘ſs·
178 1512 235 1557 ¹,
271 1491 365 1539 wis
450 1489 517 1538 In
552 1497 723 1535 Χ.ΧΧν.
759 1487 1092 1550 effunduntur
1134 1502 1221 1545 ea,
1261 1503 1355 1550 que
1391 1503 1532 1539 nemo
1566 1491 1860 1541 histrionum
1902 1493 2070 1541 dicere
2113 1506 2211 1540 au—

165 1552 273 1627 i'n
295 1573 585 1638 prostibulo.
661 1574 705 1623 (Ι
740 1574 806 1622 In
831 1583 1024 1619 ΧΧΜ
1047 1574 1262 1623 ridicule
1299 1576 1449 1623 etiam
1499 1577 1552 1624 in
1595 1590 1797 1625 sacrum
1832 1580 2082 1639 loquentes
2117 1577 2212 1625 ba—

28 1710 31 1746 ,
180 1667 195 1672 ”
263 1661 569 1710 mentiuntur
605 1661 911 1710 clarissimos
956 1660 1331 1722 Erphordensis
1374 1662 1531 1710 studii
1576 1662 1798 1711 doctores
1845 1664 2212 1722 determinasse,

28 1753 33 1821 1
144 1721 373 1827 {Iudaeo
403 1745 657 1809 baptizato
685 1747 864 1795 iterum
901 1750 1203 1794 renascatur
1229 1748 1547 1808 prepucium.
1623 1747 1667 1795 (ἱ
1698 1748 1764 1796 In
1799 1750 1974 1798 ultima
2010 1750 2216 1810 epistota

158 1833 399 1903 operis
430 1836 481 1881 et
506 1833 674 1894 prime
709 1832 938 1880 editionis
972 1833 1109 1880 omni
1142 1833 1401 1892 iniquitate
1431 1835 1610 1894 plena,
1656 1834 1829 1882 scribit
1862 1849 1990 1882 unus
2019 1835 2084 1883 de
2114 1848 2215 1882 nu-

111 1923 113 1925 ’
170 1923 174 1925 ’
167 1914 553 1968 obscurorum
584 1916 1044 1966 Reuchlinistarum
1055 1953 1070 1981 ,
1120 1931 1174 1966 se
1211 1916 1374 1977 fuisse
1403 1919 1704 1968 crinizatum
1741 1919 1814 1967 ad
1842 1920 2085 1981 pudenda
2121 1933 2214 1968 sua

105 1976 234 2060 τ’]
260 2023 288 2044 1·-
304 2024 317 2033 2
366 2002 633 2063 monacho,
669 2007 720 2051 et
753 2004 859 2051 alia
896 2003 1110 2064 quedam
1146 2003 1470 2068 zodomitica,
1508 2004 1780 2065 nephanda
1817 2005 2007 2063 auditu,
2043 2010 2091 2054 et
2119 2018 2217 2067 pro

201 2087 470 2157 debetur
504 2101 646 2152 pena
686 2090 830 2149 iynis.
905 2089 1159 2138 Postremo
1206 2090 1336 2138 idem
1377 2091 1461 2138 ille
1507 2089 1682 2138 nebulo
1717 2089 2082 2152 Reuchlinista,
2128 2103 2217 2138 nos

146 2150 237 2192 ‘³
326 2193 330 2200 ’
374 2187 440 2224 ac
468 2174 688 2224 ridicule
718 2187 871 2223 orare
906 2175 1050 2224 docet
1079 2189 1176 2236 per
1212 2187 1387 2223 nomen
1429 2174 1545 2224 Iesu
1575 2175 1753 2224 christi
1781 2190 1844 2225 ac
1867 2177 2031 2225 beatos
2054 2189 2215 2224 evan—

111 2318 429 2416 stetereo
451 2357 662 2417 errores
697 2346 823 2395 alios
858 2353 906 2394 et
935 2346 1132 2406 infinita
1171 2345 1462 2406 mendacia,
1507 2346 1682 2408 quibus
1718 2349 1848 2396 viros
1878 2348 2025 2396 bonos
2056 2346 2216 2408 diffa-

105 2459 214 2539 d
221 2425 398 2483 conati
407 2414 563 2496 sunt,
606 2435 664 2480 ut
696 2429 946 2493 Capnioni
990 2445 1081 2480 suo
1114 2432 1453 2481 holocaustum
1489 2431 1702 2493 offerre,
1739 2439 1786 2481 et
1824 2431 2032 2482 Oculari
2065 2433 2220 2494 ipsius

236 2498 349 2566 ab
366 2517 560 2579 aliquot
579 2517 983 2566 universitatibus
1006 2518 1081 2565 ad
1113 2518 1276 2578 iqnem
1306 2517 1647 2579 condemnem,
1683 2518 1871 2567 alluder
1873 2533 1911 2566 e
1940 2517 2221 2567 videantur.

130 2531 424 2698 “besecro
449 2607 694 2665 putamus
731 2604 782 2650 in
819 2616 989 2651 eorum
1027 2603 1364 2652 additionibus
1397 2605 1644 2664 nequitias
1667 2605 1923 2664 contineri,
1960 2609 2007 2652 et
2031 2606 2083 2652 in
2110 2606 2224 2654 aliis

115 2743 254 2782 *21⁴
179 2663 478 2764 mepistolis,
514 2702 548 2737 a
567 2689 754 2750 primis
781 2688 869 2748 (de
902 2688 1078 2750 quibus
1113 2689 1258 2737 modo
1292 2690 1583 2738 mentionem
1614 2688 1853 2752 fecimus)
1892 2691 2035 2750 lonae
2069 2689 2219 2749 diffe-

100 2794 199 2815 ‚asl'a

21 2735 30 2756 δ

123 2840 348 2921 θνῡα
375 2860 425 2909 si
455 2860 534 2909 illi
560 2864 678 2908 sunt
711 2859 774 2908 de
810 2872 1019 2908 numero
1057 2858 1417 2920 Obscurorum,
1461 2874 1582 2923 quos
1622 2862 1722 2923 ipsi
1763 2862 1814 2909 in
1847 2860 2064 2911 secundo
2096 2874 2222 2909 sua-

136 2940 528 3026 epistolarum
569 2946 812 2994 volumine
849 2950 1023 3007 aperte
1059 2946 1403 3006 nominarunt,

246 3022 251 3027 ’
398 3026 542 3079 Raro
578 3033 762 3093 quippe
794 3030 910 3079 boni
943 3044 1149 3079 numero
1179 3032 1265 3080 vix
1301 3035 1417 3079 sunt
1449 3031 1671 3092 totidem,
1719 3037 1835 3093 quot

123 3175 139 3182 .,
190 3180 197 3188 .
405 3113 685 3165 Thebarum
715 3121 861 3179 porte
896 3117 974 3165 vel
1007 3116 1172 3165 divitis
1206 3117 1332 3165 ostia
1370 3115 1487 3166 Nili.

126 3191 240 3242 ’ὂ
313 3202 483 3264 itaque
513 3206 563 3251 et
594 3203 925 3263 inyemiscant
964 3206 1065 3250 tam
1093 3200 1334 3263 pestiferi
1376 3215 1439 3251 ac
1480 3203 1637 3264 plane
1671 3202 1950 3264 spurcidici
1984 3201 2228 3251 Beuchli-

197 3286 338 3351 qui
367 3300 528 3350 neque
563 3286 708 3336 deum
743 3288 964 3336 timentes
993 3300 1151 3348 neque
1186 3285 1430 3348 homines,
1478 3289 1683 3350 optimos
1718 3301 1935 3349 quosque
1967 3289 2070 3337 suis
2104 3301 2229 3336 con-

136 3430 155 3450 ‹
203 3383 294 3423 ac
326 3372 701 3422 mendaciorum
733 3372 967 3422 sordibus
1003 3372 1278 3434 deturpare
1312 3373 1587 3421 voluerunt.
1661 3375 1727 3421 At
1770 3372 1895 3435 quid
1941 3377 2129 3421 tantum
2169 3373 2231 3421 de

306 3446 542 3520 ‚quibus
575 3471 831 3519 nunquam
868 3457 1174 3507 credendum
1209 3458 1331 3517 erit,
1367 3458 1564 3506 etiamsi
1597 3471 1724 3506 nova
1762 3459 2030 3507 moliantur
2043 3453 2069 3506 ?
2112 3459 2231 3519 qui-

421 3556 543 3603 nove
581 3543 744 3592 indies
782 3557 816 3592 a
847 3542 965 3592 sede
1000 3543 1273 3605 apostolica
1305 3529 1675 3592 maledictiones
1708 3543 2020 3603 incumbunt,
2068 3544 2141 3591 vet
2174 3542 2232 3589 ob

143 3628 431 3690 maxime,
467 3629 604 3691 quod
635 3629 923 3690 turpissima
949 3629 1100 3677 etiam
1136 3629 1188 3677 in
1225 3628 1539 3678 Florentinos
1574 3626 1827 3689 effudere,
1873 3628 2021 3691 quasi
2042 3639 2231 3689 parum

208 3713 509 3787 ineptire,
558 3714 658 3762 nisi
685 3719 735 3762 et
764 3726 953 3763 summo
984 3714 1211 3775 pontifici
1241 3714 1476 3776 implicite
1511 3715 1794 3764 illuderent.
1870 3713 1979 3762 Non
2011 3714 2163 3772 iqitur
2200 3723 2231 3756 α

160 3859 177 3876 -,
246 3804 347 3850 aut
395 3799 700 3862 sapientibus
747 3801 931 3861 poetis,
985 3800 1078 3848 sed
1122 3813 1154 3847 a
1194 3800 1425 3861 pessimis
1477 3800 1747 3862 quibusque
1798 3798 2115 3848 nebulonibus
2170 3808 2232 3842 ac

187 3978 224 4054 ¹}
250 3981 430 4039 ultima]
463 3987 494 4028 i.
518 3998 557 4026 e.
580 3984 617 4025 I.
640 3983 709 4028 41.
826 3982 861 4011 ⁸¹
892 3984 1007 4026 Rari
1037 3984 1129 4028 Iuv.
1153 3990 1241 4028 sat.
1263 3986 1391 4027 xm.
1412 3983 1483 4026 26.
1601 3997 1814 4025 numerus
1845 3982 1920 4024 vix
1953 3985 2022 4022 est
2057 3981 2145 4021 Iun.
