2456 4264
269 235 384 296 124
563 259 658 288 ΙΟΑ.
682 259 993 288 PEPERICORNI
1016 257 1244 287 DEFENSIO
1267 254 1448 284 CONTRA
1469 253 1677 283 FAMOSAS
1700 254 1740 283 Ο.
1763 255 1806 285 V.
1827 253 2096 284 EPISTOLAS.

260 396 307 439 et
330 391 529 452 publice
561 391 818 451 puniatur.
894 387 1000 435 Non
1034 391 1191 448 potest
1216 387 1367 446 iqitur
1402 384 1698 432 scandalum
1728 383 1979 444 publicum
2014 382 2172 443 (quod
2198 384 2297 431 iam
2323 388 2401 432 to—

260 483 358 522 tum
396 488 524 535 pene
570 473 733 521 orbem
782 470 1105 531 obumbravit)
1146 484 1172 517 e
1213 470 1371 517 medio
1412 469 1536 528 tolli,
1584 467 1684 514 nisi
1710 480 1807 527 per
1835 467 2090 528 publicam
2126 470 2402 516 revocatio-

260 571 386 606 nem.
460 558 606 617 idque
652 557 721 602 ita
762 555 881 612 fieri
925 553 1123 613 debere,
1169 554 1512 601 universitates
1555 551 1742 611 aliquot
1787 551 1889 599 suis
1922 553 2170 600 sententiis
2207 564 2400 613 appro—

260 642 454 690 barunt.

402 723 444 770 «1
487 723 676 771 UltimO.
714 720 895 768 Iubeas
939 720 1145 780 (inquit)
1182 721 1347 781 velim,
1393 726 1441 766 et
1468 721 1677 767 monitus
1716 718 1983 770 recondam
2013 718 2238 778 ,qladium
2277 723 2340 767 ‚et
2358 733 2439 768 c.5

261 810 362 857 vult
387 808 481 856 sibi
502 821 596 868 per
632 810 820 855 nostros
853 806 1070 865 precepi,
1116 804 1205 852 sed
1245 816 1342 850 non
1388 805 1491 850 vult
1527 802 1739 850 obedire.
1799 815 1956 862 neque
1982 803 2129 850 etiam
2150 804 2405 864 preceptis

261 894 488 948 obedivit,
533 892 623 940 sed
659 891 777 939 dum
808 891 1065 938 simularet
1105 902 1156 936 se
1189 888 1388 936 obedire
1423 889 1566 942 velle,
1612 886 1938 935 theutonicam
1974 886 2132 935 edidit
2164 886 2404 935 declara-

262 979 462 1034 tionem,
510 990 602 1037 que
639 977 763 1024 nihil
794 974 898 1034 fuit
931 973 1003 1021 ad
1034 974 1362 1033 propositum,
1410 975 1464 1019 ut
1497 971 1660 1018 statim
1695 970 1976 1019 immediate
2004 974 2117 1032 post
2148 972 2404 1032 epistolam

261 1066 536 1120 sequentem
568 1060 776 1108 dicetur.
851 1058 892 1105 (ἶ
928 1058 1164 1116 Preterea
1201 1057 1420 1103 minatur
1461 1055 1596 1103 nobis
1642 1054 1735 1102 hoc
1786 1055 1917 1114 loc0‚
1966 1054 2157 1110 dicens,
2195 1057 2405 1104 monitus

262 1144 527 1192 recondam
556 1143 798 1203 eludium.
873 1142 979 1190 Hoc
1013 1153 1162 1201 quam
1199 1141 1262 1188 sit
1291 1141 1485 1201 puerile
1519 1140 1628 1199 quis
1658 1151 1756 1187 non
1793 1135 1958 1186 videt?
2004 1138 2114 1187 Non
2153 1144 2268 1188 sunt
2303 1143 2405 1188 tam
2421 1153 2456 1188 ια

190 1275 205 1287 ,
261 1231 389 1276 leves
433 1229 660 1287 maqistri
704 1227 859 1275 nostri
902 1227 1214 1285 aliarumque
1261 1224 1631 1272 universitatum
1671 1223 1914 1282 doctores,
1963 1227 2019 1271 ut
2051 1225 2127 1271 vel
2157 1225 2406 1285 pomposis

262 1313 492 1361 laudibus
528 1314 872 1369 intumescant,
922 1314 1012 1358 aut
1041 1309 1220 1370 pravis
1264 1308 1633 1357 adulationibus
1676 1311 2095 1367 commoveantur,
2139 1313 2228 1356 aut
2261 1309 2406 1357 minis

261 1402 565 1454 terreantur,
604 1408 698 1456 quo
734 1396 894 1443 minus
921 1395 977 1442 id
1009 1394 1141 1455 quod
1175 1395 1351 1452 iustum
1387 1399 1458 1440 est
1492 1394 1544 1440 in
1579 1384 1787 1442 ecclesia
1823 1392 1906 1440 dei
1928 1392 2213 1453 perficiant.
2278 1391 2407 1450 Quid

259 1477 452 1529 multa?
488 1480 710 1528 Minatus
746 1483 819 1528 est
849 1479 1099 1539 sepissime
1133 1478 1270 1526 nobis
1297 1479 1348 1524 in
1382 1479 1595 1538 epistolis
1622 1478 1738 1534 suis,
1778 1489 2062 1537 quanquam
2091 1477 2252 1525 minus
2269 1490 2406 1537 pru-

260 1566 454 1622 denter,
503 1569 557 1612 ut
597 1563 739 1623 infra
783 1564 933 1611 latius
975 1551 1181 1611 dicetur.
1258 1561 1573 1622 Quapropter
1617 1561 1690 1609 ad
1739 1562 2151 1610 continuationem
2204 1561 2404 1619 historie
2421 1570 2456 1606 ιε

259 1650 540 1704 redeundo,
590 1648 713 1708 quid
743 1651 913 1695 nostra
946 1647 1240 1695 universitas
1277 1646 1379 1705 ipsi
1406 1646 1721 1706 responderit
1754 1645 2020 1693 videamus.
2094 1644 2302 1693 Necesse
2337 1650 2409 1708 est

261 1735 389 1781 enim
430 1738 484 1781 ut
529 1733 620 1780 hoc
666 1734 770 1779 loco
812 1731 972 1778 brevis
1014 1732 1120 1778 sim.
1195 1729 1323 1776 Nam
1367 1730 1413 1776 si
1444 1730 1645 1789 sinqula
1687 1734 1735 1778 et
1770 1743 1863 1790 que
1899 1730 1951 1777 in
1986 1729 2085 1778 hac
2119 1731 2326 1790 epistola
2360 1734 2409 1778 et

257 1832 349 1879 que
403 1819 454 1865 in
502 1817 677 1865 ceteris
732 1815 976 1873 (maxime
1025 1815 1097 1862 ad
1139 1811 1545 1881 Parrhysienses)
1590 1813 1728 1873 false
1772 1827 1834 1861 ac
1869 1825 2146 1874 perperam
2191 1814 2406 1875 scripsit,

257 1903 515 1962 explicare
548 1900 857 1958 contenderO,
894 1903 1140 1960 oporteret
1173 1913 1249 1947 me
1285 1903 1507 1949 volumen
1535 1899 1888 1959 amplissimum
1916 1898 2076 1945 instar
2100 1897 2241 1957 biblie
2266 1910 2405 1946 com-

250 1999 452 2047 ponere,
515 1983 613 2032 Nos
637 1985 790 2044 iqitur
813 1998 905 2044 que
933 1991 1221 2045 sequuntur,
1255 1996 1465 2046 syncero
1487 1985 1660 2032 mentis
1681 1983 1821 2031 oculo
1841 1983 2202 2044 perlustremus
2230 1987 2293 2030 .et
2308 1996 2351 2031 c.
2377 1979 2398 2049 Η
2418 1993 2456 2029 u

149 2156 272 2212 ebiijb
418 2156 459 2203 (Ι
498 2153 791 2202 Huiusmodi
821 2154 1010 2201 litteras
1041 2157 1090 2201 et
1111 2167 1308 2202 errores
1338 2155 1493 2215 ipsius
1528 2153 1746 2201 ocularis
1769 2151 1960 2212 speculi
1982 2163 2083 2198 una
2108 2164 2218 2200 cum
2237 2153 2405 2212 qlossa

256 2243 621 2302 proposuerunt
655 2239 966 2285 universitati
994 2238 1192 2299 prefati
1219 2239 1439 2287 doctores
1475 2242 1524 2285 et
1558 2237 1620 2285 de
1656 2237 1867 2285 articulo
1897 2235 1970 2283 ad
2001 2236 2267 2284 articulum
2303 2236 2405 2284 ad-

258 2328 496 2372 notarunt
531 2327 578 2370 et
620 2323 916 2370 unanimiter
953 2324 1118 2371 omnia
1145 2323 1511 2384 perpendentes
1547 2334 1661 2370 vero
1697 2321 1860 2369 verius
1894 2325 2226 2380 coenaverunt
2259 2320 2404 2369 libel-

256 2411 355 2456 lum
388 2422 491 2455 esse
526 2419 755 2468 sparsum
791 2408 953 2455 multis
976 2408 1296 2455 scandalosis
1331 2406 1657 2455 sermonibus:
1691 2410 1739 2453 et
1766 2404 1948 2463 favore
1977 2405 2284 2466 perfidorum
2307 2405 2404 2454 Iu-

259 2494 459 2552 deorum
498 2496 671 2539 contra
709 2492 855 2540 bonos
891 2505 1064 2550 mores,
1094 2492 1391 2540 honestatem
1425 2491 1648 2550 Romane
1682 2491 1912 2548 ecclesie:
1950 2502 2046 2538 non
2085 2491 2278 2538 attentis
2302 2503 2403 2551 per
2416 2510 2456 2548 2⁶

258 2581 447 2625 nostros
483 2577 702 2625 doctores
737 2578 839 2624 suis
871 2578 1046 2637 ⁸qlossis
1076 2578 1127 2624 in
1165 2578 1304 2625 calce
1347 2576 1465 2624 libri
1503 2577 1625 2624 satis
1666 2574 1889 2623 debiliter
1939 2575 2192 2635 appositis.
2266 2573 2408 2632 Quod

255 2662 301 2708 si
328 2661 421 2709 hoc
452 2661 644 2721 aliquid
675 2661 747 2708 ad
779 2675 884 2709 rem
917 2661 1118 2720 faceret
1150 2661 1284 2722 quod
1317 2662 1498 2721 aliquis
1529 2659 1864 2721 deprehensus
1899 2663 1947 2707 et
1982 2661 2177 2706 notatus
2213 2659 2265 2707 in
2301 2660 2404 2707 ali-

257 2758 351 2806 quo
393 2747 631 2804 maleficio
677 2748 788 2794 velit
830 2745 1011 2805 facere
1054 2748 1351 2806 qlossemata
1365 2764 1380 2793 :
1426 2751 1542 2794 tunc
1585 2745 1800 2793 omnium
1838 2742 2018 2802 furum
2055 2744 2298 2804 pessimus
2343 2756 2405 2792 ac

255 2831 401 2877 etiam
434 2830 696 2878 traditores
730 2842 872 2879 suam
909 2831 1175 2890 nequitiam
1213 2832 1263 2878 in
1293 2831 1468 2879 bonam
1500 2833 1696 2891 partem
1726 2840 1978 2890 exponere
1996 2835 2222 2890 possent,
2260 2832 2309 2876 et
2332 2829 2405 2877 sic

256 2928 507 2974 nunquam
542 2919 666 2963 esset
699 2916 886 2973 iusticie
914 2917 1151 2963 executio.
1239 2916 1416 2963 Verum
1449 2915 1716 2972 enimver0‚
1756 2913 2015 2974 scripserit
2048 2913 2154 2974 ipse
2192 2925 2396 2975 quomoe
2415 2927 2456 2980 ³5¹

256 2999 512 3060 docunque
547 3001 826 3060 scripserit,
872 2999 1025 3058 fuere
1071 3001 1199 3047 inter
1244 3001 1368 3048 alios
1404 3000 1654 3057 seculares
1683 2997 2030 3058 predicatores
2065 3001 2114 3045 et
2140 2999 2404 3058 presertim

258 3082 426 3129 doctor
465 3083 723 3131 Conradus
754 3085 1130 3144 prenominatus
1164 3085 1215 3130 in
1246 3085 1474 3131 continuo
1509 3083 1702 3142 labore,
1751 3081 1989 3143 quomodo
2015 3082 2211 3143 possint
2240 3081 2402 3129 Ioan-

258 3178 365 3212 nem
404 3165 643 3214 Reuchlin
681 3168 927 3215 commode
964 3182 1163 3226 eruere,
1212 3173 1261 3216 et
1303 3169 1519 3215 maxime
1567 3180 1677 3215 cum
1713 3168 1819 3228 ipse
1853 3168 1904 3214 in
1937 3167 2111 3214 litteris
2144 3167 2245 3214 suis
2276 3179 2402 3226 pre-

256 3250 414 3296 missis
448 3252 723 3310 scripserit,
767 3266 818 3300 se
855 3252 1300 3312 obtemperaturum
1336 3265 1482 3310 sacre
1518 3251 1740 3310 Romane
1774 3252 1976 3309 ecclesie
2021 3254 2071 3299 et
2097 3251 2406 3299 universitati

259 3332 547 3380 Coloniensi.
622 3335 663 3381 (Ι
698 3335 803 3395 qu
841 3338 993 3395 iqi'tur
1022 3350 1121 3396 per
1161 3338 1483 3385 immortalem
1520 3338 1629 3384 iuro
1676 3335 1846 3395 deum,
1889 3335 2022 3396 quod
2060 3347 2224 3383 omnes
2270 3334 2403 3383 docti
2413 3327 2456 3382 ’35

255 3425 300 3464 et
331 3417 673 3477 predicatores
708 3421 1067 3468 condoluerunt
1100 3420 1285 3469 Ioanni
1318 3420 1561 3469 Reuchlin
1599 3424 1809 3481 propter
1848 3420 2038 3468 senium
2070 3407 2119 3467 et
2153 3419 2400 3467 eruditio-

255 3514 366 3549 nem
398 3513 563 3561 suam,
603 3515 700 3561 qua
736 3506 864 3552 male
897 3509 1009 3553 erat
1039 3519 1180 3567 usus,
1219 3519 1313 3565 quo
1327 3510 1480 3567 pacto
1513 3507 1702 3566 possint
1736 3505 1955 3552 invenire
1992 3505 2122 3552 viam
2153 3507 2401 3552 utcontra

254 3598 395 3633 suam
427 3598 691 3646 personam
730 3587 853 3634 nihil
888 3593 1105 3647 aqerent,
1144 3589 1234 3636 sed
1265 3592 1419 3637 solum
1457 3590 1529 3636 ad
1554 3589 1915 3649 supprimenda
1951 3588 2008 3636 ob
2043 3588 2275 3636 honorem
2309 3601 2398 3636 ec-

253 3671 398 3728 clesie
426 3670 725 3718 scandalosa
754 3683 846 3718 sua
881 3673 1096 3731 scripta:
1127 3680 1173 3719 et
1206 3678 1472 3733 propterea
1509 3675 1746 3720 miserunt
1780 3672 1852 3719 ad
1884 3671 2124 3721 Ioannem
2155 3671 2398 3719 Reuchlin
2447 3706 2449 3710 Α

258 3755 589 3803 Christianam
637 3755 1000 3808 instructionem
1045 3759 1092 3802 et
1135 3755 1505 3803 adhortatorias
1550 3757 1737 3804 litteras
1781 3757 1857 3804 his
1905 3744 2452 3817 verbis‘subsequen-‚w

253 3839 392 3888 tibuS.
