2456 4264
1164 1352 1211 1404 1.

789 1464 903 1517 Vul
920 1464 1093 1534 lupiu
1109 1483 1134 1518 s
1170 1465 1576 1519 Timanoetus

725 1555 866 1602 trium
902 1555 1178 1618 optimarum
1213 1559 1381 1604 artium
1417 1556 1634 1619 Magister

686 1641 1057 1704 Theologisticus
1093 1648 1141 1689 et
1176 1643 1671 1692 eonscientiosissimus

10 1735 13 1739 ·
61 1742 82 1776 5
666 1723 924 1775 Domino
984 1723 1280 1776 Marceno
1340 1726 1689 1777 Anoretino

867 1813 1166 1862 Baocalaureo
1204 1812 1472 1862 felicissimo

502 1899 849 1947 aeternissimam
888 1898 1190 1948 valetudinem
1228 1906 1275 1947 et
1311 1898 1657 1950 beneventuram
1695 1908 1838 1966 optat.

233 2012 430 2077 Scripsit
467 2013 525 2061 ad
561 2027 632 2061 me
669 2027 819 2076 nuper
855 2029 976 2062 unus
1012 2013 1162 2061 bonus
1199 2014 1395 2067 amicus,
1434 2029 1570 2078 quem
1606 2029 1693 2063 nos
1729 2015 1860 2064 ambo
1886 2015 2003 2065 bene
2028 2019 2250 2074 novimus.

90 2090 139 2131 et
173 2084 253 2147 qui
289 2085 411 2134 siout
433 2084 598 2133 Pastor
633 2085 862 2148 perditum
900 2099 1034 2134 ovum
1071 2093 1119 2133 et
1154 2087 1319 2133 misera
1356 2086 1571 2133 meretrix
1606 2087 1823 2134 amissum
1848 2087 2059 2136 ducatum
2087 2091 2253 2152 quaerit

35 2163 76 2197 ¹⁰
90 2170 194 2203 cum
232 2149 332 2205 toto
370 2156 547 2210 studio,
587 2157 711 2220 quod
747 2171 834 2204 nos
871 2159 1006 2205 etiam
1043 2157 1286 2205 debeamus
1324 2160 1478 2220 magni
1514 2159 1597 2205 viri
1636 2158 1759 2211 fieri,
1807 2159 1928 2220 quod
1965 2159 2113 2207 affinis
2151 2164 2250 2210 eius

92 2226 231 2275 vellet
263 2227 321 2275 de
355 2242 478 2276 novo
515 2228 562 2275 in
599 2243 865 2291 pressuram
903 2229 1011 2276 dare
1049 2227 1269 2291 epistolas
1295 2227 1628 2282 obscurorum.
1666 2229 1737 2276 vel
1774 2230 1898 2292 quod
1924 2229 2137 2294 idumque
2162 2241 2247 2287 est.

85 2297 317 2347 clarorum
352 2300 579 2353 virorum,
617 2307 666 2347 et
701 2300 838 2348 veliet
874 2307 1055 2363 optare,
1105 2300 1229 2363 quod
1277 2300 1366 2352 illi.
1414 2302 1490 2363 qui
1539 2300 1816 2364 voluptatem
1863 2301 2032 2349 hahent
2078 2303 2247 2367 aliquid

87 2370 313 2425 scrihere.
350 2373 488 2420 etiam
524 2371 641 2420 tales
678 2372 908 2441 epistolas·
939 2372 995 2419 ad
1031 2386 1173 2420 unum
1210 2371 1425 2420 scribant.
1499 2372 1554 2419 Et
1591 2372 1761 2425 fateor,
1800 2372 1923 2435 quod
1960 2386 2052 2421 non
2079 2375 2139 2422 sit
2163 2376 2247 2423 mi·

86 2443 252 2490 nimam
286 2443 482 2496 laudem,
521 2444 702 2507 quando
740 2444 1045 2506 postmundus
1084 2445 1218 2491 etiam
1255 2457 1437 2490 manum
1475 2450 1679 2492 nostram
1715 2450 1763 2491 et
1799 2450 2008 2492 nostrum
2046 2446 2244 2494 studium

31 2515 131 2561 ¹5in
167 2528 386 2577 pressura
420 2515 558 2563 videt.
632 2514 743 2563 Nam
781 2515 960 2578 quando
998 2515 1247 2567 moi-imus.
1296 2521 1404 2562 tune
1451 2515 1600 2562 omnia
1651 2515 1790 2563 altera
1828 2529 1929 2563 cum
1966 2515 2099 2564 nobis
2138 2526 2244 2565 sunt

84 2599 163 2638 ex,
200 2585 338 2634 modo
374 2586 475 2639 illa.
514 2601 618 2650 quae
658 2587 925 2649 scripsimus
962 2587 1006 2633 in
1045 2587 1269 2638 chartam,
1308 2592 1491 2634 manent
1527 2588 1573 2633 in
1611 2588 1955 2636 aeternissimam
1991 2590 2241 2638 internitio-

83 2670 203 2704 nem.
275 2657 332 2705 Et
377 2658 558 2721 quando
596 2658 804 2706 homines
840 2672 1166 2720 nonnunquam
1206 2657 1439 2719 tergudem
1480 2672 1606 2704 suam
1642 2664 1830 2705 vertunt
1864 2672 1972 2720 erga
2009 2661 2242 2722 parietem.

82 2735 130 2775 et
166 2730 394 2792 accipiunt
429 2731 649 2793 scriptum
686 2736 895 2777 nostrum
933 2730 987 2776 ad
1012 2729 1178 2780 videre,
1218 2736 1326 2776 tuuc
1351 2728 1465 2775 hene
1491 2728 1643 2776 solent
1666 2729 1829 2782 dicere.
1867 2730 1981 2777 eheu
2008 2730 2068 2778 Οἱ
2108 2747 2240 2794 quam

82 2798 230 2847 bonus
278 2802 349 2848 vir
394 2800 482 2849 ruit
533 2802 645 2855 iste,
696 2803 772 2864 qui
822 2801 956 2848 nobis
1003 2802 1089 2848 hoc
1134 2802 1233 2848 eius
1279 2802 1451 2862 scripto
1491 2799 1576 2847 fuit
1612 2800 1859 2863 prosibilis.
1933 2799 2051 2863 Ergo
2089 2805 2240 2865 putavi

24 2871 383 2920 ²⁰eousiliosum
420 2872 545 2935 quod
584 2872 666 2920 tibi
704 2874 804 2921 haeo
841 2871 1117 2934 significem.
1155 2886 1212 2919 ne
1250 2886 1431 2918 maneas
1467 2871 1522 2918 ad
1557 2871 1764 2925 domum.
1804 2871 1883 2919 sed
1909 2873 2043 2920 etiam
2068 2874 2237 2936 aliquid

83 2941 276 2996 scribas,
326 2950 375 2990 et
418 2944 697 3007 concopuies
744 2958 847 2992 cum
885 2943 1103 3007 Epistolis
1141 2944 1224 2991 his.
1299 2942 1397 2990 Non
1434 2944 1611 3006 poteris
1649 2942 1731 2990 tibi
1770 2943 2071 3006 persuadere,
2124 2960 2237 3008 quo·

81 3014 218 3062 modo
255 3020 307 3062 tu
343 3021 437 3063 tam
472 3029 679 3079 magnam
717 3015 894 3064 laudem
932 3015 1152 3078 accipies.
1191 3014 1371 3078 quando
1411 3014 1532 3061 hunc
1567 3027 1716 3061 meum
1754 3012 1996 3063 consilium
2024 3015 2236 3064 imitabis.

80 3084 179 3133 vale
214 3085 474 3135 benissime.

190 3295 490 3339 Praefationis
518 3295 648 3340 locus
679 3298 724 3339 ei
755 3298 902 3353 capiti
933 3297 1008 3340 eui
1039 3309 1274 3339 numerum
1306 3294 1372 3340 10.
1406 3296 1756 3352 αᾶοονίροίῐηιιο,
1797 3296 1837 3339 si
1876 3297 1975 3352 qula
2012 3296 2099 3341 has
2130 3313 2232 3355 par·

75 3371 148 3411 tes
178 3367 389 3424 digerere
418 3367 547 3421 velit,
580 3369 741 3412 deberi
769 3369 963 3412 videtur.
1050 3367 1068 3395 ²
1097 3366 1357 3424 Vullupins]
1390 3368 1460 3410 An
1483 3381 1570 3423 pro
1591 3367 1820 3424 Philippo,
1850 3372 1901 3411 ut
1932 3369 2125 3413 adsonet
2155 3372 2230 3414 ad-

46 3435 271 3495 'Vulpem
300 3443 348 3482 et
366 3439 574 3495 Lupum?
659 3437 976 3495 Timanoetus]
1011 3432 1341 3495 Τιμανόητοσῖ
1368 3439 1556 3483 honoris
1585 3440 1789 3482 inscius?
1818 3438 1910 3482 Sed
1936 3454 2004 3496 ep.
2035 3444 2076 3484 2.
2107 3443 2232 3485 habet

71 3510 393 3563 'simmei-eto,
433 3512 547 3571 quod
583 3510 641 3553 ad
678 3505 823 3567 τιμὴν
860 3502 1058 3564 lobnam
1094 3510 1327 3563 (honorem
1357 3523 1517 3553 versus
1547 3511 1779 3567 remigans
1808 3524 1845 3554 s.
1878 3512 2119 3569 adpetens)
2152 3514 2228 3557 ad-

74 3585 223 3625 sonat.
340 3579 359 3606 ⁸
387 3579 623 3637 Mai-ceno]
655 3580 959 3637 Μαργαίνων
986 3588 1053 3624 ent
1081 3581 1341 3635 insaniens,
1374 3582 1489 3638 quod
1513 3583 1608 3625 vide
1638 3596 1694 3625 an
1718 3582 1906 3638 frigidus
1933 3586 2136 3627 nominum
2164 3587 2226 3627 in·

71 3659 222 3696 ventor
256 3655 463 3700 voluerit,-
507 3666 568 3695 εει·
604 3653 746 3695 verbis
773 3648 904 3710 μοίρῃ
934 3653 1135 3707 (manus)
1172 3659 1218 3697 ee
1243 3646 1381 3703 κενός
1411 3652 1625 3707 (vacuus,
1667 3654 1838 3708 inanis)
1877 3656 2096 3698 deductum
2133 3670 2225 3698 ene

71 3725 180 3766 hunc
207 3724 473 3767 Mar-cenum
504 3738 587 3767 non
615 3725 884 3767 crediderim.
989 3725 1278 3768 Aneretimus
1307 3730 1371 3767 est
1400 3729 1444 3768 in
1471 3726 1601 3769 inser.
1622 3739 1691 3781 ep.
1713 3728 1753 3771 2.
1786 3727 1900 3781 qnod
1927 3739 2073 3769 nomen
2101 3718 2225 3781 ἀνὴρ

74 3789 244 3851 ἔτυμος
280 3796 379 3838 sive
420 3790 606 3851 ἕτοιμος
646 3794 736 3844 (vir
771 3809 908 3840 verns
945 3809 982 3839 s.
1014 3796 1267 3853 promptus)
1305 3810 1398 3840 esse
1424 3798 1583 3852 possit,
1623 3803 1666 3839 et
1695 3797 1985 3839 Anoretimus
2023 3789 2222 3850 ἀνορέας

72 3863 213 3922 τιμῆς
239 3864 409 3921 (virilis
437 3867 659 3921 honoris).
711 3867 803 3912 Sed
827 3869 920 3911 hoec
943 3868 1135 3922 fortasse
1164 3861 1329 3924 ἅνωρα
1357 3869 1455 3923 ipsa
1491 3875 1609 3919 sunt,
1639 3870 1928 3922 intempestiva
1955 3881 2008 3908 ac
2044 3881 2217 3922 scrupu-

72 3938 180 3980 losa.
268 3935 304 3965 ¹¹
334 3937 565 3994 idumque]
596 3940 719 3981 idem.
