2456 4264
380 293 681 324 ExanuA‘rIo
702 294 764 323 AD
784 295 976 325 SVHHVH
997 295 1300 324 PORTIFICEM.
1359 270 1658 326 &XPVRGATIO
1682 296 1906 326 INFAMIAE.
2117 274 2137 331 1
2157 274 2236 332 63

70 428 222 497 totius
252 415 531 486 christiane
565 427 831 487 reliqionis
865 428 1127 487 antistites,
1169 427 1215 474 si
1245 426 1339 485 hec
1362 422 1384 495 ΙΙ
1408 428 1538 486 fiunt
1571 429 1625 477 in
1663 429 1833 489 viridi,
1875 430 2000 490 quid
2034 430 2235 478 tandem
2258 432 2333 487 uij

6 512 9 518 '
64 514 156 574 fiet
176 513 243 562 >in
280 511 471 562 arido?
518 509 560 559 O
593 510 842 572 pontifex
879 513 1065 574 optime
1098 513 1345 573 maxime,
1395 514 1443 561 si
1475 518 1578 562 tam
1615 514 1890 576 nephanda
1925 519 2095 564 stante
2131 516 2243 564 istic

63 599 155 649 1⁸⁰oe
184 609 362 646 coram
397 582 669 645 sanctitate
702 601 794 646 tua
841 610 875 644 a
910 596 1272 646 Reuchlinistis
1306 599 1639 659 preventione
1683 613 1899 661 nequam
1944 604 1994 648 et
2039 606 2240 663 aposta-

0 714 6 718 ·
69 684 170 733 tino
203 695 336 732 ausu
364 672 762 744 perpetrantur,
814 682 940 743 quid
974 682 1180 731 obsecro
1210 681 1420 741 facturi
1451 689 1570 733 sunt
1596 690 1805 746 postea,
1857 687 1905 734 si
1931 686 2060 745 fidei
2090 700 2239 748 neqo-

4 766 228 830 ἐι-ιω,
267 780 302 815 a
336 768 506 816 multis
540 781 677 816 nunc
712 767 1122 816 universitatibus
1158 768 1516 818 doctrinaliter
1552 770 1799 831 decisum,
1841 783 2012 819 veram
2051 772 2243 830 iusticie

3 842 28 903 θ’
66 853 411 904 mentionem
446 867 547 902 non
584 854 962 915 consequatur?
1012 852 1145 902 Nam
1193 854 1480 915 ubicunque
1525 855 1643 903 talis
1689 868 1754 903 ac
1791 860 1893 903 tam
1930 844 2242 917 caliqirzosus

59 936 239 999 sumt&
274 938 534 1000 insperato
569 938 810 999 exhalat,
858 940 1113 987 maximus
1160 939 1232 987 ibi
1274 938 1542 999 confestim
1589 944 1816 1000 exurqat
1860 941 1994 1000 iqnis
2041 946 2114 990 est
2159 955 2241 989 ne-

65 1020 240 1074 cessa
266 1023 406 1084 quod
450 1037 515 1072 ne
553 1025 651 1083 fiat
695 1028 777 1082 tue
822 1025 920 1072 erit
963 1025 1251 1072 sanctitatis
1299 1026 1671 1086 quamprimum
1709 1026 2004 1086 providere.
2080 1027 2243 1075 Faxit

5 1104 30 1162 ἕ.
64 1122 264 1172 quoque
297 1108 448 1170 deus,
501 1122 565 1157 ne
609 1114 827 1158 veterum
876 1114 965 1157 aut
1000 1109 1372 1157 eliminatorum
1418 1110 1569 1157 sectis
1614 1123 1745 1157 nova
1782 1124 1916 1158 nunc
1954 1109 2240 1159 Reuchlini-

4 1165 258 1264 bum-um
291 1198 434 1264 secta
467 1195 866 1256 superaddatur,
906 1207 1030 1243 neve
1059 1195 1352 1255 posteriora
1387 1197 1490 1244 sint
1506 1195 1770 1256 prioribus
1791 1195 1942 1256 lonqe
1966 1196 2239 1244 deteriora.

2 1258 38 1336 3³*
67 1291 239 1330 verum
272 1279 376 1328 hac
411 1279 476 1327 de
509 1292 569 1327 re
602 1279 743 1327 satis.

322 1421 745 1484 Expurqatio
801 1420 1074 1482 infamie
1127 1436 1222 1484 que
1275 1422 1401 1472 mihi
1437 1421 1580 1482 falso
1635 1436 1702 1472 ex
1748 1424 1987 1473 instinctu

465 1507 740 1567 Iudeorum
780 1521 813 1555 a
839 1508 1102 1570 perversis
1140 1507 1444 1556 Christianis
1480 1514 1553 1556 est
1588 1509 1839 1570 imposita.

7 1614 48 1686 ᾖ
149 1646 154 1649 .
209 1606 254 1656 1
287 1607 403 1657 Iam
439 1607 748 1669 audivimus,
790 1608 1039 1670 quomodo
1077 1611 1260 1657 auctor
1293 1609 1621 1669 epistolarum
1660 1609 1984 1658 obscurorum
2020 1610 2242 1659 virorum

14 1689 220 1763 {ideam
256 1694 639 1756 omnipotentem
674 1698 724 1742 et
758 1697 912 1742 totam
950 1694 1285 1742 universalem
1322 1694 1585 1742 ecclesiam
1622 1695 1770 1744 nimis
1814 1695 2127 1759 scandaloze
2163 1694 2241 1756 of-

13 1781 25 1836 ·.'
60 1777 306 1840 foedavit,
346 1779 406 1828 id
438 1779 578 1840 quod
611 1779 840 1828 omnibus
875 1780 1079 1828 iniuriis
1115 1792 1210 1840 que
1245 1778 1526 1828 hominibus
1563 1780 1804 1829 accidere
1819 1784 2051 1843 possunt,
2093 1782 2248 1843 lonqe

68 1869 142 1914 est
175 1864 604 1926 anteponendum.
679 1864 962 1913 Audiamus
998 1877 1122 1925 erqo
1159 1868 1206 1912 et
1241 1877 1378 1912 nunc
1394 1866 1714 1926 propositum
1740 1870 1965 1915 nostrum
1991 1867 2241 1927 quomodo

38 1947 162 2011 'eqo
194 1963 305 1999 sum
340 1949 474 2010 lesus
508 1949 611 1998 illis
645 1949 898 2010 epistolis,
951 1954 1006 1997 ut
1051 1953 1158 1998 tota
1203 1949 1417 1998 ecclesia
1465 1950 1699 1998 iudicare
1736 1952 1901 2012 possit
1944 1964 2023 1999 me
2059 1953 2239 2000 iustam

10 2056 53 2096 ‚t
66 2048 278 2085 causam
313 2039 363 2083 et
395 2033 587 2083 habere
621 2039 670 2082 et
704 2033 939 2083 habuisse
973 2033 1109 2082 hanc
1132 2047 1293 2082 meam
1321 2033 1662 2094 defensionem
1688 2036 1885 2084 edendi.
1963 2036 2083 2098 Ipse
2108 2038 2239 2085 enim

0 2103 286 2172 “Quaeramus
310 2117 561 2182 pontifex
596 2132 698 2168 non
735 2119 880 2167 nobis
913 2119 1070 2168 solum
1108 2119 1301 2168 duobus
1336 2121 1585 2170 silentium
1623 2121 1696 2168 ad
1740 2126 1933 2183 tempus
1982 2122 2235 2183 imposuit,

0 2205 6 2210 '
42 2200 158 2255 'sed
179 2204 409 2254 omnibus
432 2204 498 2252 ab
533 2208 756 2265 utraque
782 2210 956 2266 parte,
997 2205 1128 2253 sicut
1162 2206 1396 2267 superius
1431 2211 1504 2254 est
1540 2211 1854 2256 enarratum.
1931 2206 1993 2255 In
2031 2208 2242 2269 epistola

67 2292 228 2353 igitur
262 2290 498 2339 vicesima
535 2290 689 2337 tertia
725 2294 774 2337 et
810 2290 1066 2354 tricesima
1102 2290 1282 2350 quinta
1321 2290 1401 2349 (ut
1431 2291 1708 2352 plerasque
1743 2293 1962 2341 aliarum
1989 2293 2243 2342 illusiones

67 2381 119 2426 et
162 2375 492 2426 contwnelias
536 2375 783 2436 omittam)
831 2372 1075 2433 infamem
1122 2388 1200 2423 me
1238 2374 1425 2435 facere
1468 2381 1744 2437 conantur,
1803 2378 1959 2426 multa
2013 2380 2241 2428 enormia

44 2460 194 2524 fmihi
222 2460 421 2510 seelera
455 2461 788 2522 imponentes,
830 2473 926 2521 que
962 2473 1056 2520 eqo
1093 2465 1316 2522 tempore
1351 2460 1606 2510 Iudaismi
1638 2467 1758 2510 ante
1793 2462 2090 2524 baptismum
2119 2478 2240 2526 per-

15 2551 346 2611 npetrassem
381 2550 431 2594 et
464 2546 558 2594 illa
592 2559 647 2593 se
682 2545 859 2594 dicunt
905 2558 973 2594 ex
1009 2545 1181 2605 Iudeis
1229 2548 1509 2608 accepisse,
1562 2560 1629 2595 ex
1675 2560 1888 2608 quorum
1928 2550 2241 2610 perfidorum

47 2631 233 2682 *verbis
267 2631 391 2680 boni
412 2630 694 2679 Christiani
719 2629 909 2690 facere
946 2631 1278 2680 testimonium
1317 2645 1418 2681 non
1434 2638 1668 2694 possunt,
1710 2634 1812 2681 nisi
1827 2614 2063 2692 fortasse
2079 2637 2243 2695 maqis

67 2716 375 2767 credendum
410 2716 475 2765 sit
512 2715 599 2775 (id
631 2716 766 2777 quod
801 2729 909 2764 esse
931 2729 1192 2778 nunquam
1209 2719 1403 2778 potest)
1443 2718 1661 2766 inimicis
1684 2719 1854 2767 crucis
1881 2718 2070 2768 Christi
2090 2734 2240 2781 quam

68 2814 256 2861 summo
299 2801 606 2863 imperatori
658 2814 722 2850 ac
763 2802 1074 2863 primatibus
1118 2802 1382 2862 Alemanie
1434 2804 1702 2864 multisque
1756 2805 1875 2852 aliis
1923 2804 2238 2866 Christianis,

22 2892 173 2955 ..ptam
198 2886 525 2950 principibus
561 2900 712 2948 quam
750 2888 1011 2936 civitatum
1048 2889 1332 2938 rectoribus
1368 2890 1457 2950 qui
1498 2902 1604 2948 mee
1632 2889 1911 2950 probitatis
1957 2891 2242 2939 testimonia

0 2970 358 3036 -nnpaeente‘bm
389 2973 495 3022 suis
528 2973 713 3022 litteris
747 2978 795 3022 et
828 2974 1112 3035 siqillorum
1149 2975 1458 3036 appensione
1493 2975 1606 3023 luce
1640 2975 1835 3023 clarius
1866 2981 2238 3036 expresserunt,

0 3084 4 3138 ν,
56 3066 199 3120 ‘quas
231 3058 384 3108 etiam
411 3070 574 3120 penes
607 3070 687 3106 me
721 3057 883 3107 habeo
919 3064 967 3107 et
1002 3060 1260 3108 salvatore
1296 3065 1469 3109 nostro
1507 3061 1717 3122 auspice
1744 3060 1966 3123 posteris
1989 3061 2110 3108 meis
2133 3074 2239 3109 sum

61 3142 357 3194 relicturus.
433 3141 478 3190 ίῑ
515 3142 629 3204 qu
665 3156 864 3205 quoque
900 3145 1121 3206 inqenue
1149 3143 1344 3206 fateor,
1387 3158 1465 3193 me
1501 3158 1760 3206 nunquam
1799 3149 1890 3194 aut
1927 3151 2236 3204 accusatum,

0 3262 1 3293 3
59 3232 163 3304 &aad
206 3228 259 3278 in
305 3228 386 3277 ius
434 3234 666 3278 vocatum
705 3225 874 3288 fuisse
922 3229 980 3278 ob
1028 3230 1244 3291 aliquod
1282 3235 1550 3291 patratum
1597 3230 1781 3290 scelus,
1833 3235 1923 3278 aut
1969 3230 2032 3277 de
2068 3232 2243 3291 quovis

59 3312 222 3380 {etiam
256 3314 470 3362 crimine
499 3326 600 3375 pro
635 3313 887 3363 tribunali
909 3309 930 3382 Η
954 3315 1267 3375 convictum,
1310 3316 1448 3377 quod
1483 3316 1573 3376 qui
1605 3315 1816 3363 credere
1852 3315 2086 3376 noluerit,
2128 3317 2233 3377 qui-
2257 3323 2334 3378 mij

109 3410 171 3447 ue
204 3399 283 3448 vel
323 3412 480 3460 super
515 3399 723 3447 minima
760 3396 982 3457 infamia
1020 3400 1216 3460 aliquid
1261 3401 1447 3449 conari
1487 3404 1670 3448 contra
1713 3413 1803 3449 me.
1832 3400 2070 3462 voluerit,
2122 3402 2245 3449 milei

162 3494 245 3533 am
281 3484 486 3533 notario
523 3488 571 3531 et
616 3483 818 3532 testibus
855 3484 1082 3545 imponat
1130 3489 1220 3534 aut
1266 3499 1442 3534 coram
1490 3499 1789 3546 quocunque
1836 3485 2003 3534 iudice
2048 3499 2126 3534 me
2171 3488 2238 3535 ei-

167 3569 180 3580 '
203 3566 404 3629 faciat,
454 3574 503 3616 et
539 3581 633 3629 eqo
668 3581 746 3617 me
782 3568 845 3616 ab
883 3570 1022 3617 omni
1054 3570 1399 3629 mediusfidius
1445 3568 1660 3629 infamie
1706 3574 1828 3618 nota
1865 3570 2076 3618 liberum
2127 3572 2237 3618 red-

194 3689 208 3703 .
280 3652 533 3703 Naturali
575 3654 733 3716 iqitur
778 3654 889 3703 iure
923 3654 1120 3716 probus
1155 3656 1354 3704 censeri
1387 3655 1540 3704 debeo
1577 3656 1736 3704 donec
1771 3656 2087 3705 contrarium
2116 3670 2238 3716 pro-

151 3751 232 3788 ω’.
307 3737 350 3787 (1
387 3738 512 3788 Item
549 3740 728 3800 tertio,
780 3753 880 3788 non
928 3745 1001 3788 est
1036 3740 1344 3789 credendum
1382 3741 1459 3790 illi
1493 3741 1570 3790 vel
1606 3741 1729 3801 illis,
1781 3742 1871 3802 qui
1903 3754 1997 3788 sua
2035 3741 2238 3788 nomina

68 3860 82 3923 ἦ
185 3863 204 3891 '¹
233 3864 391 3907 Moneo
421 3879 533 3906 anno
556 3866 679 3906 1516,
701 3867 794 3907 lucc
822 3867 989 3919 scripta
1018 3879 1125 3907 esse.
1186 3864 1224 3891 ²⁹
1254 3866 1488 3908 Eiusmodi
1523 3866 1788 3908 testimonia
1820 3865 2037 3905 exhibent
2060 3864 2235 3914 ›S'treffllt

71 3934 280 3989 pnechlyn
310 3950 352 3979 a.
376 3935 500 3977 1516.
526 3936 596 3977 ed.
623 3939 669 3976 et
700 3935 796 3990 Eyn
827 3937 1107 3989 milleytlliche
1137 3939 1258 3989 claey
1290 3938 1416 3977 edita
1447 3951 1504 3977 m.
1527 3939 1663 3980 Mart.
1689 3951 1729 3976 a.
1759 3935 1880 3976 1521.

1755 4007 1861 4060 11*
