2456 4264
227 208 350 264 248
817 227 1054 256 umerorum
1077 225 1383 256 ossscvnonvm
1403 224 1613 254 vmonvu
1635 225 1783 255 uovAE.

229 361 386 409 xistis:
439 356 580 415 ‘Quid
630 355 773 405 nobis
812 369 922 403 cum
959 353 1237 403 Proverbiis
1275 354 1487 409 Erasmi‚
1539 367 1652 401 cum
1688 351 1926 402 habemus
1961 352 2249 415 proverbias
2286 353 2372 403 Sa-

228 442 480 492 lomonis?’
527 440 605 489 ille
642 439 874 487 Erasmus
922 436 1128 486 multum
1166 443 1300 487 tenet
1337 437 1397 486 de
1434 435 1675 486 Reuchlin
1714 442 1763 486 et
1798 450 1994 500 semper
2030 436 2195 486 laudat
2232 452 2370 486 eum:

230 533 278 576 et
316 540 472 589 nuper
511 524 624 572 fecit
659 522 944 584 imprimere
991 520 1175 584 aliquas
1214 519 1456 584 Epistolas
1495 534 1616 584 quas
1663 520 1794 568 misit
1838 519 1899 568 ad
1949 518 2143 569 Curiam
2193 520 2372 569 Roma-

231 624 343 658 nam
405 607 465 656 ad
511 606 694 670 Papam
755 610 803 653 et
860 603 1050 668 aliquos
1109 603 1407 653 Cardinales.
1491 604 1546 652 In
1602 603 1708 651 istis
1763 601 1976 652 laudavit
2029 603 2271 654 Reuchlin
2325 610 2374 654 et

230 691 569 742 scandalizavit
613 686 883 751 theologos,
958 687 1063 751 Ego
1111 687 1280 736 videns
1328 687 1427 735 dixi
1477 687 1544 735 ‘Si
1592 686 1828 736 videbunt
1872 686 1969 736 hoc
2016 688 2235 752 Magistri
2281 702 2369 737 no·
2386 702 2420 737 ⁵v

229 778 343 832 stri,
395 772 616 824 diabolus
655 772 923 822 confundet
961 769 1103 821 eum’.
1180 771 1259 820 Sic
1297 786 1416 835 ergo
1457 772 1747 820 universitas
1783 775 2084 836 nostraque
2122 772 2237 821 facit
2273 787 2374 821 ma·

229 874 375 923 gnam
413 858 740 908 reverentiam
778 857 1008 913 Erasm0‚
1048 854 1277 905 inclinata
1317 861 1389 905 est
1424 870 1516 919 pro
1554 854 1820 918 Reuchlin:
1860 855 1921 904 Et
1958 856 2086 905 venit
2123 855 2220 905 huc
2259 855 2375 907 Glo-

230 945 396 994 rianus
434 947 600 1007 poeta,
641 942 724 1005 qui
763 946 835 990 est
871 941 1019 989 homo
1059 938 1196 990 valde
1234 939 1392 989 audax
1429 944 1483 989 ut
1520 939 1675 988 scitis:
1725 941 1829 1004 ipse
1867 939 2106 1009 mirabilia
2146 939 2375 989 scandala

231 1027 445 1092 loquitur
483 1026 544 1075 de
582 1024 718 1075 vobis
757 1030 805 1074 et
842 1024 947 1074 aliis
986 1024 1242 1088 theologis,
1315 1023 1378 1072 Et
1416 1023 1534 1073 dicit
1571 1023 1702 1088 quod
1728 1022 1831 1072 vult
1854 1038 2009 1072 unum
2034 1022 2216 1072 librum
2243 1038 2377 1073 com-

231 1127 416 1175 ponere
455 1111 515 1160 de
552 1110 780 1175 nequitiis
816 1109 1181 1174 predicatorum
1220 1113 1268 1158 et
1305 1107 1405 1158 vult
1443 1107 1654 1158 totaliter
1692 1106 1974 1157 describere
2013 1105 2093 1156 illa
2132 1123 2224 1171 que
2252 1108 2378 1158 facta
2395 1118 2436 1154 ιο

233 1196 432 1244 suntin
470 1194 617 1244 Bern.
693 1193 796 1257 Ego
844 1191 1015 1242 vellem
1066 1192 1276 1243 libenter
1325 1191 1592 1243 amicaliter
1641 1191 1805 1242 dicere
1851 1192 1910 1241 ad
1959 1206 2072 1241 eum
2110 1206 2172 1240 ne
2210 1192 2379 1241 faciat:

235 1279 331 1329 Sed
360 1285 432 1329 est
456 1279 605 1328 homo
643 1276 892 1334 terribilis
933 1283 981 1326 et
1018 1282 1092 1326 est
1127 1276 1467 1327 iracundiosus
1505 1291 1702 1341 semper
1741 1276 1908 1326 volens
1944 1282 2221 1341 percutere,
2263 1291 2381 1340 qua-

234 1370 436 1427 propter
473 1362 650 1412 habeat
688 1361 780 1411 sibi
817 1360 1082 1410 diabolum.
1158 1361 1261 1424 Ego
1309 1376 1454 1425 spero
1504 1361 1636 1424 quod
1676 1361 1836 1410 veniet
1873 1360 2121 1410 Sententia
2159 1375 2218 1408 ex
2257 1359 2382 1410 urbe

231 1448 385 1496 Roma
413 1461 502 1510 pro
530 1444 819 1508 Theologis:
859 1450 976 1494 tunc
1014 1446 1175 1495 omnia
1214 1452 1359 1499 erunt
1395 1444 1539 1494 bona.
1617 1445 1668 1494 Si
1705 1449 1870 1494 autem
1895 1445 2045 1494 fuerit
2070 1459 2160 1508 pro
2187 1444 2381 1494 Reuch-

232 1531 324 1587 lin,
364 1536 481 1579 tunc
520 1530 742 1579 diabolus
780 1529 965 1579 tenebit
1004 1529 1271 1579 candelam.
1347 1528 1527 1579 Valete.
1603 1529 1778 1578 Datum
1817 1527 2021 1592 Basilee.
2395 1538 2446 1576 ιι

1261 1762 1347 1821 39.

778 1892 819 1938 (i
866 1878 1337 1941 Chunradus
1379 1877 1836 1962 Stryldriot

827 1990 1159 2059 Magistro
1199 1990 1491 2044 Ortvino
1531 1990 1774 2044 Gratio

1193 2090 1426 2141 Salutem.

365 2203 654 2253 Reverentia
696 2210 743 2253 et
780 2205 975 2254 servitio
1015 2205 1380 2254 affectuositatis
1417 2219 1525 2269 mee
1553 2204 1933 2269 precedentibus
1959 2218 2075 2267 erga
2104 2205 2437 2254 virtuosita·2o‘

229 2294 324 2337 tem
358 2293 581 2346 vestram,
611 2288 904 2338 venerabilis
930 2288 1178 2353 Magister.
1255 2289 1475 2338 lntimavi
1504 2289 1638 2338 vobis
1663 2305 1779 2353 sepe
1805 2288 2014 2352 qualiter
2041 2304 2139 2337 non
2167 2304 2275 2338 sum
2303 2289 2382 2338 hic

228 2371 462 2421 libenter:
503 2373 599 2422 Sed
638 2373 788 2422 credo
828 2373 958 2437 quod
998 2372 1220 2422 diabolus
1260 2374 1466 2437 portavit
1505 2389 1582 2423 me
1621 2373 1742 2423 huc:
1780 2379 1831 2422 et
1869 2388 1968 2422 non
2006 2388 2206 2437 possum
2245 2389 2382 2423 rece-

227 2457 346 2505 dere
384 2458 493 2520 quia
533 2472 630 2506 non
668 2462 782 2506 sunt
820 2457 899 2506 hic
937 2457 1064 2520 bone
1103 2459 1358 2507 societates
1396 2459 1522 2507 sicut
1547 2459 1595 2507 in
1622 2457 1859 2507 Almania.
1933 2457 1994 2506 Et
2030 2457 2256 2507 homines
2282 2472 2381 2507 non

228 2545 342 2588 sunt
389 2541 453 2588 ita
502 2540 731 2590 sociales:
782 2547 830 2590 et
877 2541 1062 2590 habent
1110 2556 1202 2604 pro
1248 2540 1378 2590 malo
1425 2542 1622 2606 quando
1670 2542 1845 2607 aliquis
1896 2540 2048 2591 semel
2095 2543 2142 2590 in
2192 2542 2269 2590 die
2308 2546 2383 2591 est

228 2622 417 2679 ebrius,
472 2631 697 2675 vocantes
737 2641 850 2675 eum
889 2640 1110 2689 porcum.
1183 2625 1342 2675 Etiam
1380 2641 1479 2674 non
1523 2626 1684 2676 habeo
1730 2641 2028 2690 supponere.
2101 2627 2223 2685 Quia
2276 2638 2437 2676 mews

229 2708 435 2757 reti-ices
473 2709 640 2758 volunt
677 2709 885 2759 multum
923 2710 1149 2775 pecunie,
1190 2715 1238 2759 et
1274 2715 1437 2760 tamen
1477 2725 1577 2759 non
1615 2715 1730 2760 sunt
1766 2709 1989 2774 pulchre.
2064 2710 2125 2759 Et
2151 2710 2260 2760 dico
2298 2726 2380 2759 vo-

234 2791 309 2841 bis
346 2793 395 2840 in
437 2794 633 2842 veritate
673 2794 804 2858 quod
841 2795 892 2843 in
917 2793 1054 2844 Italia
1092 2800 1206 2843 sunt
1243 2795 1307 2843 ita
1345 2795 1549 2859 distorte
1587 2794 1820 2845 mulieres
1857 2795 1984 2845 sicut
2021 2800 2095 2844 est
2131 2794 2380 2859 possibile,

230 2876 448 2939 quamvis
486 2876 669 2927 habent
706 2876 1067 2942 pulcherrimas
1106 2884 1264 2928 vestes
1302 2879 1362 2928 de
1400 2880 1559 2929 serico
1599 2885 1647 2929 et
1683 2879 1936 2929 sameloto.
2013 2877 2136 2936 Quia
2185 2879 2380 2943 quando

227 2959 470 3008 modicum
505 2968 616 3010 sunt
654 2977 820 3020 seneS‚
859 2967 976 3012 tunc
1015 2963 1178 3012 statim
1215 2962 1398 3012 habent
1436 2979 1582 3013 curva
1621 2964 1767 3013 dorsa
1804 2969 1854 3012 et
1889 2963 2071 3013 vadunt
2107 2965 2245 3027 quasi
2284 2962 2379 3013 vel·
2421 2962 2424 2965 ’

227 3042 328 3091 lent
364 3044 604 3094 merdare.
679 3046 835 3095 Etiam
876 3046 1140 3096 comedunt
1177 3046 1356 3103 allium,
1398 3053 1446 3096 et
1483 3049 1634 3111 fetent
1669 3049 1896 3097 maxime.
1973 3047 2033 3096 Et
2069 3053 2184 3096 sunt
2220 3049 2435 3111 nigre,8o

234 3141 323 3174 nec
372 3133 486 3175 sunt
532 3130 596 3177 ita
647 3129 755 3192 albe
804 3130 928 3180 sicut
972 3132 1023 3179 in
1062 3130 1298 3180 Almania.
1373 3132 1496 3181 Item
1547 3133 1596 3181 in
1646 3131 1770 3181 facie
1816 3136 1931 3180 sunt
1978 3130 2216 3196 pallentes
2254 3133 2380 3181 sicut

227 3224 375 3256 mors.
452 3211 508 3258 Et
547 3214 740 3275 quando
779 3213 938 3279 alique
978 3221 1092 3264 sunt
1127 3215 1305 3279 rubre,
1347 3221 1533 3265 certum
1575 3221 1647 3265 est
1685 3215 1816 3279 quod
1857 3216 2082 3265 fecerunt
2117 3214 2211 3268 sibi
2249 3214 2378 3264 colo-

227 3307 333 3340 rem
374 3309 485 3341 cum
524 3299 798 3359 unguentis.
874 3299 1004 3363 Ergo
1044 3314 1142 3347 non
1180 3299 1378 3364 placent
1415 3299 1532 3348 mihi
1571 3300 1802 3349 mulieres
1840 3300 1937 3348 hic.
2011 3299 2170 3348 Etiam
2207 3299 2386 3348 dicunt.

339 3459 386 3487 ¹·²
417 3461 703 3503 Salamonis?
727 3466 765 3504 4.
857 3496 866 3506 .
892 3470 937 3506 et
966 3464 1108 3508 ille‘5.
1169 3468 1343 3508 Reuch.
1366 3470 1406 3508 5.
1495 3465 1544 3493 ³·⁴
1575 3468 1656 3509 Ro.
1679 3470 1721 3510 5.
1809 3466 1827 3492 ⁵
1857 3467 1918 3508 M.
1941 3469 2034 3510 45.
2120 3465 2169 3493 ⁷·⁸
2200 3467 2375 3510 Gloria-

225 3530 325 3584 nus]
365 3536 427 3572 sz’c
458 3534 547 3572 4.5.
637 3530 672 3557 ¹⁰
702 3530 875 3586 necioijs
905 3539 946 3577 5.
1033 3534 1064 3561 ¹¹
1097 3536 1329 3578 Amiealit'
1362 3541 1402 3578 4.
1455 3538 1766 3579 amicabiliter
1795 3541 1836 3577 5.
1926 3536 1960 3563 ¹²
1991 3540 2063 3578 est
2090 3543 2189 3590 post
2220 3541 2266 3578 et
2295 3551 2376 3578 non

226 3601 348 3642 habet
379 3604 419 3641 4.
511 3598 595 3625 ¹5⁴⁶
629 3602 795 3642 Rouch.
821 3607 860 3643 5.
949 3605 1003 3645 D.
1027 3608 1066 3646 4.
1154 3620 1194 3659 e.
1220 3610 1259 3648 4.
1346 3609 1432 3649 Va.
1454 3609 1563 3648 Dat.
1584 3606 1769 3648 Basilie.
1794 3611 1834 3648 5.

342 3669 374 3696 ¹⁷
405 3670 640 3712 Conradus
673 3671 903 3713 Strildriot
924 3676 964 3713 5.
1074 3672 1108 3700 ¹3
1137 3676 1198 3718 M.
1223 3678 1262 3717 4.
1277 3681 1317 3717 5.
1427 3676 1479 3716 G.
1505 3679 1543 3718 4.
1651 3675 1684 3701 ¹⁹
1716 3677 1791 3717 Sa.
1814 3681 1853 3717 5.
1878 3678 1993 3718 omis.
2017 3680 2057 3718 4.
2143 3676 2183 3703 ²⁰
2210 3677 2374 3719 Euere-

226 3742 292 3782 tia
322 3745 361 3781 5.
403 3741 442 3780 R
480 3743 692 3781 miniatem·
739 3742 1009 3795 adpinyenda
1057 3746 1222 3785 relicta.
1338 3759 1439 3786 mee
1470 3749 1510 3786 5.
1541 3770 1544 3772 -
1618 3743 1653 3770 ²¹
1691 3746 1752 3786 M.
1776 3748 1868 3788 4.5.
1983 3744 2021 3771 ²²
2059 3745 2148 3787 Sed
2196 3747 2311 3788 omis.
2331 3750 2374 3787 5.

225 3810 259 3835 ²³
293 3811 407 3851 bone
440 3813 480 3850 5.
568 3810 604 3836 ²⁶
637 3825 661 3851 e
692 3814 732 3851 5.
755 3811 831 3853 bis.
920 3811 954 3837 ³²
988 3809 1077 3864 alifi
1107 3817 1146 3852 5.
1237 3815 1364 3867 rubie
1399 3817 1436 3856 4.
1526 3814 1679 3856 Coloze
1711 3818 1750 3855 4.
