2456 4264
540 317 931 348 LAuEn‘rA'mouns
954 320 1261 350 onscvssonvu
1280 321 1495 350 VIRORVM
1514 307 1779 364 [VETERES]
2123 299 2243 357 359

415 450 564 500 Ultra
600 449 969 500 Sauromatlzas
996 450 1187 514 suqere
1220 453 1341 502 hinc
1375 454 1519 515 libet,
1560 459 1610 503 et
1640 456 1909 516 qlacialem

407 535 625 584 Prorsus
663 534 929 595 Oceanum.

44 586 53 667 ἠ
100 623 236 674 Vale.
274 621 463 670 Datum
497 619 718 683 Auquste
754 626 848 671 etc.

376 869 385 875 -
1120 827 1210 887 38.

7 920 77 1025 {⁶³5⁸
893 955 935 1003 (Ι
977 949 1431 1027 Simprianus

14 1018 54 1120 {³
747 1063 1259 1125 Daubenqiqelio
1295 1077 1386 1114 suo
1423 1063 1496 1113 .S.
1527 1065 1588 1113 B.

403 1174 511 1235 ¹Nil
541 1178 769 1225 conscire
803 1177 921 1237 sibi,
962 1178 1103 1226 nulla
1134 1178 1416 1239 pallescere
1451 1179 1621 1239 culpa.

8 1307 10 1309 .
40 1263 62 1307 εξ
83 1261 268 1311 Merito
299 1273 391 1310 nos
421 1274 576 1310 canes
610 1262 817 1311 rabidos
852 1267 902 1310 et
937 1262 1250 1324 blasphemos
1286 1263 1405 1312 boni
1439 1264 1716 1325 appellant.
1793 1263 1954 1313 Nimis
1989 1267 2119 1313 enim
2158 1267 2244 1314 im-

38 1303 329 1411 {paderna
361 1359 464 1395 non
499 1347 552 1394 in
589 1347 724 1395 viros
758 1348 916 1396 solum
952 1348 1204 1408 sapientes
1240 1353 1288 1397 et
1321 1348 1502 1409 bonos,
1542 1349 1634 1397 sed
1673 1350 1725 1397 in
1764 1338 1930 1398 Iesum
1976 1350 2241 1411 Christum,

85 1434 142 1483 in
173 1432 374 1482 beatam
408 1432 682 1492 virainem,
733 1434 786 1481 in
831 1445 1076 1494 supernos
1109 1434 1278 1493 celites
1323 1435 1510 1483 nostris
1545 1436 1858 1483 contumeliis
1893 1436 2113 1485 ludendo
2163 1437 2245 1483 de-

81 1517 320 1568 bacchati
348 1530 533 1567 sumus.
611 1516 778 1575 Quare
814 1531 905 1567 nos
953 1519 1199 1567 insensati
1241 1523 1288 1567 et
1333 1520 1607 1580 deqeneres
1645 1520 1937 1579 Christicole
1984 1534 2045 1568 ea
2092 1522 2245 1569 verba

0 1572 54 1696 T}
82 1617 178 1667 que
211 1606 543 1652 sacrosancta
578 1607 742 1651 mater
787 1604 1000 1653 ecclesia
1037 1605 1328 1666 primipare
1375 1605 1642 1667 adaptavit
1689 1599 1902 1666 virqini,
1952 1608 2007 1655 in
2044 1611 2245 1655 nostras

3 1687 54 1763 ξς
82 1688 372 1739 diabolares
413 1689 762 1737 meretriculas
808 1694 857 1738 et
899 1694 1069 1738 scorta
1106 1690 1317 1751 publica
1364 1695 1740 1752 nocturnasque
1778 1693 2002 1753 pecudes
2046 1693 2243 1753 redeqi-

7 1811 11 1814 -
38 1765 279 1836 fynus?
317 1773 450 1832 Quid
484 1774 741 1834 theoloqos
776 1776 937 1836 ipsos,
979 1776 1310 1825 validissimos
1350 1776 1630 1836 Christiane
1662 1778 1788 1836 fidei
1821 1775 2139 1838 defensores,
2181 1791 2244 1827 ac

0 1878 5 1883 ·
57 1854 309 1910 'sanctum
345 1859 551 1909 Petrum
587 1861 687 1920 celi
714 1861 986 1922 primatem
1018 1861 1233 1922 persidis
1278 1858 1602 1927 comlparare
1636 1863 1834 1923 Iudeis,
1890 1862 2023 1921 Quid
2066 1877 2241 1913 sacra·
2265 1869 2356 1923 Qtiij

0 1952 10 1957 ‘
39 1933 295 1995 f'tissimas
330 1946 608 2008 apostolice
643 1946 776 1994 sedis
812 1947 1153 2006 indulqentias
1179 1949 1545 2008 permerdare,
1596 1949 1723 2009 quid
1764 1962 1878 2010 cum
1927 1949 2097 1998 divino
2143 1950 2242 1998 sal-

0 2069 15 2082 .
38 2066 52 2132 τ
78 2031 271 2080 valoris·
314 2033 480 2080 nostri
522 2043 740 2092 corpore
787 2033 974 2092 iocari,
1025 2033 1279 2094 risumque
1325 2034 1441 2082 aliis
1488 2035 1539 2081 in
1579 2032 1908 2095 frontispicio
1954 2038 2242 2084 nostrarum

11 2100 50 2164 ἰ’
81 2117 406 2179 epistolarum
442 2130 641 2166 movere
675 2118 1059 2166 contendimus?
1100 2112 1164 2185 [O
1200 2131 1290 2167 nos
1326 2119 1533 2167 miseros
1568 2119 1814 2179 homines,
1855 2124 1904 2167 et
1940 2133 2041 2169 non
2078 2121 2240 2169 imme-

39 2232 45 2262 3·
81 2202 181 2252 rito
203 2214 239 2250 a
271 2203 391 2251 sede
425 2203 708 2264 apostolica
744 2203 1040 2251 maledictos
1053 2195 1093 2269 !]
1161 2203 1494 2253 Emendemus
1530 2205 1701 2266 itaque
1738 2206 1890 2254 vitam
1927 2210 2151 2254 nostram
2190 2207 2241 2254 in

32 2281 271 2362 lindius,
311 2288 403 2350 qui
433 2289 651 2337 scienter
686 2289 998 2350 deliquimus.
1077 2287 1271 2351 Quippe
1304 2291 1351 2338 si
1384 2288 1604 2349 infames
1640 2295 1810 2350 nostre
1846 2292 2049 2353 epistole
2085 2293 2137 2341 in
2169 2293 2241 2341 lu-

37 2381 45 2393 ·
81 2385 187 2423 cem
209 2373 342 2433 edite
377 2387 479 2423 non
509 2371 754 2434 fuissent,
795 2374 1021 2435 Itemque
1055 2376 1103 2422 si
1136 2388 1298 2436 neque
1336 2376 1544 2436 Georqii
1578 2377 1828 2437 dialoqus,
1872 2389 2031 2438 neque
2057 2375 2242 2438 presa-

39 2447 46 2484 ·.
82 2459 239 2508 tiones
262 2459 381 2519 duo,
422 2463 471 2508 et
507 2460 615 2508 alia
651 2460 868 2521 quedam
894 2460 1137 2521 impressa
1168 2459 1363 2522 forent,
1407 2462 1496 2510 diu
1525 2460 1753 2521 fortasse
1776 2475 1936 2511 causa
1962 2464 2125 2511 nostri
2149 2463 2241 2510 Ca-

37 2598 56 2607 „
73 2544 279 2606 pnionis
300 2544 436 2594 ultro
471 2557 536 2594 ac
569 2546 699 2594 citro
734 2559 848 2594 cum
884 2545 1076 2594 honore
1113 2547 1328 2595 omnium
1365 2548 1529 2608 sopita
1560 2546 1757 2606 suisset.
1811 2549 1950 2597 Vale.
2003 2548 2087 2597 Ex
2123 2562 2244 2597 rure

41 2627 51 2632 ’
78 2628 384 2690 suburbano,
423 2634 473 2679 et
507 2643 697 2680 mecum
737 2624 1063 2699 [quantotius]
1104 2633 1358 2694 resipisce.

30 2871 75 2921 ¹1⁸
579 2873 586 2879 '
1112 2865 1199 2927 39.

675 2992 718 3041 (Ι
752 2988 1090 3047 Antonius
1126 2987 1648 3063 Rubenstadius

626 3099 954 3152 Stalberio
1006 3068 1557 3166 Horlepompiano
1613 3102 1685 3152 .S.

228 3212 556 3277 Nequaquam
592 3217 730 3266 ultra
766 3215 1138 3267 Sauromatlzas
1173 3218 1314 3267 nobis
1350 3216 1717 3278 aufuqiendum
1753 3221 1840 3265 est.
1917 3217 2060 3267 Inter
2105 3230 2158 3266 os
2194 3224 2242 3267 et

39 3309 55 3345 ,τ
85 3299 242 3362 offam
275 3300 434 3350 multa
468 3303 676 3351 cadunt.
752 3302 867 3352 Non
912 3304 1061 3352 unius
1108 3304 1380 3353 dumtaxat
1425 3303 1639 3352 hominis
1686 3303 1944 3351 consilium
1980 3305 2123 3364 sequi
2157 3305 2238 3352 de-

31 3374 267 3453 Poenius.
341 3386 703 3436 Festinandum
739 3389 910 3449 tarde,
962 3403 1026 3438 ne
1061 3388 1254 3438 Seneca
1291 3400 1516 3449 presaqo
1564 3387 1722 3436 Velox
1768 3388 2028 3438 consilium
2063 3403 2239 3450 sequa-

37 3475 58 3537 33
75 3472 168 3538 {ter
205 3470 507 3535 penitentia.
582 3471 737 3521 Aliud
781 3473 922 3522 nobis
965 3478 1190 3536 superest
1219 3470 1611 3534 fuqitivarium:
1668 3473 1860 3523 Glauco
1897 3476 2075 3524 etenim
2113 3476 2240 3525 duce

198 3622 212 3651 ¹
242 3624 343 3667 vlta
374 3627 413 3667 1.
501 3626 590 3667 Iuv.
613 3629 699 3670 sat.
721 3626 781 3667 11.
808 3626 844 3668 l.
868 3639 933 3680 sq.
956 3626 1121 3679 „Ultra
1151 3627 1447 3668 Sauromatas
1540 3631 1586 3668 et
1616 3626 1864 3681 glacialem
1889 3625 1897 3683 Ι
1924 3627 2200 3670 Oceanum''.

196 3694 216 3721 '¹
244 3696 403 3739 Horat.
428 3709 499 3750 ep.
522 3697 560 3740 1.
585 3696 684 3746 l‚s1.
797 3695 829 3723 ¹²
859 3697 1106 3751 primipcre
1139 3700 1179 3740 2.
1288 3696 1321 3724 ¹⁹
1354 3700 1507 3752 itaque
1546 3700 1660 3741 omis.
1685 3702 1725 3742 2.
1831 3697 1864 3725 ²¹
1901 3697 2111 3754 Georgii]
2146 3701 2232 3740 De-

63 3810 70 3825 ⁴-
89 3763 236 3808 fensio
254 3767 636 3809 Praestantissimi
666 3768 755 3810 viri
776 3768 964 3811 Ioannis
984 3768 1214 3810 Reuchlin
1244 3770 1339 3812 LL.
1361 3770 1591 3823 Doctoris,
1625 3783 1653 3812 a
1673 3770 2071 3812 Reverendissimo
2105 3774 2232 3823 patre

90 3833 286 3893 Georgio
322 3839 532 3893 Benigno
568 3839 811 3882 Nazareno
851 3840 1199 3895 archiepiscopo
1239 3840 1395 3883 Romae
1434 3855 1516 3895 per
1553 3842 1731 3883 modum
1771 3841 1944 3895 dialogi
1985 3841 2121 3881 edita.
2154 3846 2232 3881 ete.

90 3904 216 3950 Anno
234 3909 506 3951 Nativitatis
527 3910 617 3951 Dei
637 3910 911 3954 M.D.XVII.
934 3924 1087 3953 mense
1111 3912 1367 3967 Septembri
1399 3912 1443 3965 (6
1475 3913 1572 3955 foll.
1592 3913 1670 3964 4⁰.)
1692 3935 1746 3943 —-
1767 3913 1983 3965 Repetite
2014 3912 2059 3951 in
2081 3910 2230 3951 lloch-

91 3979 222 4020 strati
242 3979 468 4035 Apologia
489 3981 693 4023 Coloniae
726 3982 852 4023 edita
884 3996 923 4024 a.
951 3982 1071 4027 1518.
1093 3983 1152 4024 4⁰.
1220 3982 1256 4008 ²²
1287 3983 1373 4024 duo
1397 3986 1435 4024 1.
1448 3987 1489 4027 2.
1557 3983 1594 4010 ³⁰
1623 3979 1747 4037 Sem]
1783 3981 1985 4026 Sentent.
2008 3995 2049 4023 v.
2073 3980 2228 4022 Velox.
