2456 4264
245 267 367 330 ‘244
834 290 1069 322 EPISTOLAE
1093 288 1398 321 onscvnonvu
1419 289 1630 322 vlssonvn
1650 288 1798 321 NovAE.

243 424 387 473 dendi
425 430 474 472 et
512 429 689 471 cetera.
764 422 825 470 Et
871 435 982 468 cum
1035 421 1129 469 hoc
1177 422 1266 470 iste
1305 419 1564 469 Diomedes
1602 433 1700 466 non
1739 418 1830 467 suit
1866 418 2026 468 bonus
2066 417 2384 468 Christianus.

242 506 363 563 Quia
410 506 507 568 legi
554 503 705 553 semel
755 503 964 566 qualiter
1011 505 1115 567 ipse
1152 503 1323 552 habuit
1359 503 1524 567 Equos
1561 504 1645 565 qui
1682 501 2005 551 comederunt
2040 502 2289 558 homineS,
2340 509 2388 551 et

239 591 341 652 ipse
381 589 511 637 dedit
550 588 617 636 eis
656 586 914 635 comedere
952 585 1209 635 homines’.
1285 586 1425 635 Tunc
1473 585 1552 635 ille
1601 585 1888 635 Curtisanus
1934 585 2144 635 multum
2190 587 2297 635 risit
2341 593 2388 635 et

238 672 551 721 subsannavit
587 685 679 719 me.
756 669 815 718 Et
853 675 1020 733 postea
1060 670 1191 725 dixit,
1233 669 1364 733 quod
1403 669 1559 718 debeo
1599 670 1643 718 ei
1681 669 1847 719 dicere
1885 669 2132 733 quomodo
2156 668 2383 719 Abacuck

236 756 383 805 habet
420 756 629 819 primam
668 753 921 818 syllabam.
981 753 1253 816 Respondi:
1307 761 1415 816 ‘ego
1454 753 1714 815 distinguo.
1789 752 1914 810 Quia
1960 759 2110 818 prout
2155 759 2230 804 est
2264 764 2418 818 pro-5

236 841 421 903 prium,
461 838 611 888 habet
647 839 855 902 primam
893 838 1255 887 indifferentem
1293 837 1562 886 secundum
1599 836 1958 886 Alexandrum:

630 922 735 979 „Ad
773 921 1002 985 placitum
1041 922 1159 986 poni
1208 923 1525 985 propriorum
1571 919 1722 970 multa
1767 920 1978 971 notavi”.

233 1008 319 1057 sed
366 1013 514 1072 prout
560 1007 780 1070 queritur
827 1011 1055 1070 quantam
1093 1005 1242 1054 habet
1280 1006 1488 1068 primam
1527 1004 1815 1055 naturaliter
1851 1005 2162 1069 respiciendo
2200 1005 2262 1055 ad
2299 1022 2385 1056 na—

232 1098 367 1140 turas
392 1090 811 1155 appellativorum,
850 1096 968 1139 tunc
994 1089 1141 1139 habet
1164 1091 1374 1153 primam
1411 1089 1613 1139 brevem
1650 1090 1922 1139 secundum
1947 1089 2277 1140 Alexandrum
2315 1091 2386 1140 di-

231 1182 422 1225 centem
449 1175 579 1238 quod
620 1191 646 1224 a
684 1181 796 1224 ante
833 1174 864 1223 h
903 1175 952 1222 in
990 1175 1162 1238 primis
1199 1173 1409 1239 syllabis,
1449 1175 1665 1238 exceptis
1703 1174 2020 1239 excipiendiS,
2077 1181 2151 1224 est
2184 1174 2442 1226 brevis’.1o

230 1259 370 1307 Tunc
416 1257 495 1307 ille
544 1259 704 1308 adhuc
752 1259 905 1322 magis
953 1258 1121 1307 derisit
1166 1274 1245 1308 me
1294 1265 1341 1307 et
1386 1259 1502 1308 dixit
1555 1258 1700 1308 ‘Vade
1745 1264 1798 1307 tu
1837 1258 2140 1308 Coloniensis
2177 1259 2385 1325 Copula-

229 1344 364 1400 tista,
406 1358 518 1391 cum
555 1348 639 1392 tuo
680 1342 984 1400 Alexandr0‚
1035 1344 1117 1407 qui
1154 1343 1245 1392 fuit
1281 1344 1447 1391 asinus
1484 1342 1860 1399 ParrhisiensiS,
1911 1343 2039 1392 sicut
2075 1343 2236 1393 adhuc
2273 1350 2387 1394 sunt
2420 1341 2428 1370 ³

228 1426 426 1490 plures'.
502 1427 562 1476 Et
599 1430 667 1476 sic
708 1426 914 1475 multum
952 1426 1284 1476 scandalizans
1321 1426 1459 1476 illum
1496 1426 1682 1476 bonum
1718 1426 2052 1477 Alexandrum
2089 1427 2249 1477 abivit.
2325 1428 2386 1478 Et

228 1511 325 1559 dixi
364 1525 480 1574 ego:
533 1511 667 1560 ‘Cras
706 1511 957 1560 videbitis’.
1033 1511 1094 1560 Et
1144 1511 1203 1560 de
1242 1526 1386 1560 mane
1422 1513 1611 1576 portavi
1647 1527 1803 1561 unum
1841 1527 2042 1561 carmen
2079 1512 2211 1577 quod
2250 1527 2384 1562 com-

228 1594 371 1658 pilavi
416 1610 506 1658 per
552 1601 746 1644 noctem
795 1597 842 1643 in
899 1594 1091 1643 laudem
1141 1594 1428 1652 Alexandri,
1488 1603 1535 1644 et
1581 1596 1718 1645 mitto
1766 1596 1904 1646 vobis
1952 1596 2250 1661 exemplum.
2322 1597 2382 1646 Et
2399 1609 2443 1643 ιε

225 1679 419 1742 quando
469 1679 693 1728 dominus
744 1695 883 1728 meus
923 1678 1039 1727 vidit
1075 1678 1195 1727 illud
1233 1678 1468 1737 Carmen,
1509 1687 1627 1729 tunc
1663 1679 1876 1730 laudavit
1912 1696 1991 1730 me
2031 1686 2079 1730 et
2115 1682 2235 1730 dixit
2273 1680 2384 1731 ‘Iste

223 1763 385 1811 socius
424 1768 495 1811 est
535 1779 624 1827 pro
664 1764 772 1812 me’.
850 1764 909 1811 Et
946 1763 1067 1811 dixit
1107 1761 1162 1811 ‘O
1202 1762 1475 1821 wilhelme,
1516 1765 1610 1813 scis
1646 1765 1714 1814 ita
1751 1763 2019 1829 compilare
2056 1766 2242 1814 metra?
2280 1765 2382 1829 Ego

222 1847 454 1908 ignoravi.
530 1847 590 1895 Et
636 1853 895 1911 propterea
944 1846 1054 1909 plus
1104 1846 1211 1895 volo
1261 1852 1306 1895 te
1345 1847 1549 1910 diligere
1587 1849 1636 1896 in
1673 1847 1957 1912 posterum’.
2031 1849 2093 1898 Et
2129 1851 2200 1899 sic
2236 1865 2382 1915 spero
2419 1859 2423 1882 ἑ

221 1930 350 1993 quod
390 1930 497 1978 volo
538 1931 662 1979 bene
700 1936 845 1979 stare.
922 1931 982 1979 Et
1008 1931 1203 1995 quando
1241 1929 1343 1980 vult
1380 1932 1610 1981 dominus
1646 1932 1768 1982 deus
1794 1934 1924 1998 quod
1950 1935 2153 1999 acquiro
2179 1932 2378 1999 aliquid,

218 2020 336 2062 tunc
374 2015 550 2063 iterum
590 2013 697 2062 volo
736 2030 814 2064 me
853 2014 1080 2064 conferre
1118 2016 1177 2064 ad
1215 2020 1406 2080 parteS,
1447 2016 1608 2065 fiendo
1645 2016 1906 2080 presbiter.
1981 2017 2147 2068 Valete
2183 2019 2438 2083 iugiter.2o

218 2097 392 2146 Datum
429 2098 646 2162 Romane
686 2098 844 2164 Curie.

220 2224 261 2271 (Ι
299 2224 557 2274 Metrum
595 2226 1193 2290 Epigrammaticum
1246 2227 1787 2278 confectionatum
1834 2244 1944 2294 per
1981 2228 2372 2281 Wilhelmum

221 2308 402 2373 Lamp
451 2308 810 2373 Magistrum
858 2316 1094 2374 septem
1144 2313 1373 2361 artium
1421 2311 1784 2364 liberalium
1834 2312 2269 2366 coloniensem
2318 2315 2371 2365 In

866 2395 1115 2446 laudem
1154 2395 1501 2446 Alexandri
1539 2395 1718 2446 Galli.
2453 2394 2456 2436 l

359 2506 451 2564 Qui
488 2505 588 2555 vult
625 2507 816 2557 discere
854 2509 1245 2570 grammaticam,
1355 2508 1486 2573 legat
1522 2507 1783 2560 Alexandri
1820 2513 2100 2569 materiam,
2389 2525 2432 2560 25

360 2590 461 2653 Que
501 2596 574 2639 est
611 2591 760 2643 divisa
797 2593 844 2641 in
886 2598 1116 2657 quattuor
1153 2599 1343 2658 parteS‚
1453 2593 1638 2644 docens
1675 2594 1854 2645 multas
1890 2595 2047 2646 bonas
2083 2598 2254 2655 ArteS,

359 2673 577 2738 Prebens
613 2675 690 2726 lac
728 2682 777 2726 et
813 2676 910 2727 mel
947 2678 1141 2741 pueris,
1252 2679 1379 2727 sicut
1417 2678 1561 2728 docet
1598 2678 1744 2730 Glosa
1784 2679 2017 2730 notabilis

360 2758 413 2806 In
453 2757 648 2808 Colonia
686 2761 839 2810 facta:
949 2762 1184 2826 precipue
1222 2761 1384 2827 quoad
1421 2768 1576 2812 metra

360 2842 541 2906 Collige
579 2850 769 2908 partem
807 2848 1026 2895 tertiam:
1138 2847 1240 2911 ipsa
1281 2845 1416 2896 tollet
1451 2846 1538 2896 tibi
1575 2863 1770 2898 omnem
1809 2849 2060 2906 inertiam,

360 2927 495 2975 Sicut
532 2927 648 2977 fecit
685 2928 828 2986 mihi,
938 2932 1023 2994 qui
1061 2929 1269 2980 multum
1309 2945 1368 2980 ex
1405 2930 1498 2980 hac
1537 2932 1696 2982 didici.

335 3161 347 3188 ¹
369 3162 424 3206 25..
448 3168 487 3206 5.
545 3164 562 3189 ⁴
586 3165 847 3208 subsanauit
869 3171 909 3209 4.
921 3173 961 3209 5.
1022 3169 1039 3194 ⁶
1059 3168 1250 3209 Alexan.
1275 3174 1316 3211 5.
1375 3168 1409 3196 ¹¹
1431 3173 1482 3210 tu
1504 3170 1630 3212 Colo.
1653 3171 1831 3226 Copula
1852 3173 1938 3214 ista
1959 3178 1999 3214 5.
2062 3172 2098 3199 ¹²
2116 3173 2307 3217 Alexan.
2329 3178 2371 3218 5

220 3229 255 3255 ¹³
287 3231 464 3272 alexan.
489 3238 527 3276 5.
586 3235 623 3261 2⁰
652 3238 897 3289 pzesbyter.
920 3243 962 3280 5.
1041 3239 1221 3282 Valete.
1254 3240 1424 3293 iugiter
1444 3240 1628 3284 Datum.
1651 3246 1691 3282 5.
1751 3241 1788 3268 ²³
1808 3244 1870 3283 M.
1894 3247 1988 3286 45.
2069 3243 2305 3288 Colonien.
2329 3249 2370 3285 5.

217 3298 256 3394 ΞΣ
284 3300 507 3411 Alexand4.
531 3308 572 3346 5.
629 3305 665 3330 ²5
696 3337 706 3346 .
731 3309 882 3360 Legat
911 3309 1032 3361 pzius
1064 3309 1302 3350 alexandri
1332 3312 1590 3351 materiam.
1613 3315 1656 3351 5.
1715 3312 1753 3339 ²⁷
1780 3314 1880 3354 Lac
1903 3318 1950 3354 et
1969 3313 2063 3354 Mel
2084 3318 2124 3356 5.
2185 3314 2312 3367 glosa
2331 3317 2371 3357 5.

287 3383 451 3411 omnen
512 3404 522 3415 .
