<?xml version="1.0" encoding="UTF-8"?>
<!DOCTYPE html PUBLIC "-//W3C//DTD XHTML 1.0 Transitional//EN"
    "http://www.w3.org/TR/xhtml1/DTD/xhtml1-transitional.dtd">
<html xmlns="http://www.w3.org/1999/xhtml" xml:lang="en" lang="en">
 <head>
  <title>
</title>
<meta http-equiv="Content-Type" content="text/html;charset=utf-8" />
  <meta name='ocr-system' content='tesseract 3.04.00' />
  <meta name='ocr-capabilities' content='ocr_page ocr_carea ocr_par ocr_line ocrx_word'/>
</head>
<body>
  <div class='ocr_page' id='page_1' title='image "./supoperaquaerepe01huttuoft_0165.png"; bbox 0 0 2456 4264; ppageno 0'>
   <div class='ocr_carea' id='block_1_1' title="bbox 0 0 35 124">
    <p class='ocr_par' dir='ltr' id='par_1_1' title="bbox 0 0 35 124">
     <span class='ocr_line' id='line_1_1' title="bbox 0 0 35 124; baseline 0 0"><span class='ocrx_word' id='word_1_1' title='bbox 0 0 35 124; x_wconf 67' lang='lat' dir='ltr'>f</span> 
     </span>
    </p>
   </div>
   <div class='ocr_carea' id='block_1_2' title="bbox 0 125 12 188">
    <p class='ocr_par' dir='ltr' id='par_1_2' title="bbox 0 125 12 188">
     <span class='ocr_line' id='line_1_2' title="bbox 0 125 12 188; baseline 0 0"><span class='ocrx_word' id='word_1_2' title='bbox 0 125 12 188; x_wconf 71' lang='grc' dir='ltr'>ἶ</span> 
     </span>
    </p>
   </div>
   <div class='ocr_carea' id='block_1_3' title="bbox 4 281 2227 383">
    <p class='ocr_par' dir='ltr' id='par_1_3' title="bbox 4 281 2227 383">
     <span class='ocr_line' id='line_1_3' title="bbox 4 281 21 311; baseline 0 -3"><span class='ocrx_word' id='word_1_3' title='bbox 4 281 21 311; x_wconf 70' lang='grc' dir='ltr'>ζ</span> 
     </span>
     <span class='ocr_line' id='line_1_4' title="bbox 7 318 2227 383; baseline 0.003 -10"><span class='ocrx_word' id='word_1_4' title='bbox 7 318 17 334; x_wconf 77' lang='grc'>’</span> <span class='ocrx_word' id='word_1_5' title='bbox 258 341 623 374; x_wconf 65' lang='lat' dir='ltr'><em>vamum-rum</em></span> <span class='ocrx_word' id='word_1_6' title='bbox 646 341 957 373; x_wconf 68' lang='lat' dir='ltr'><em>conomunsm</em></span> <span class='ocrx_word' id='word_1_7' title='bbox 980 340 1261 374; x_wconf 72' lang='lat' dir='ltr'><em>msmvcno</em></span> <span class='ocrx_word' id='word_1_8' title='bbox 1282 341 1344 372; x_wconf 74' lang='lat' dir='ltr'><em>An</em></span> <span class='ocrx_word' id='word_1_9' title='bbox 1366 342 1618 376; x_wconf 60' lang='lat' dir='ltr'><em>Ravenna.</em></span> <span class='ocrx_word' id='word_1_10' title='bbox 1641 347 1686 378; x_wconf 87' lang='lat' dir='ltr'><em>D.</em></span> <span class='ocrx_word' id='word_1_11' title='bbox 1707 327 1743 378; x_wconf 63' lang='lat'><em>2&#39;.</em></span> <span class='ocrx_word' id='word_1_12' title='bbox 1767 346 1863 376; x_wconf 73' lang='lat' dir='ltr'><em>uu.</em></span> <span class='ocrx_word' id='word_1_13' title='bbox 1886 347 1929 378; x_wconf 78' lang='lat' dir='ltr'><em>A.</em></span> <span class='ocrx_word' id='word_1_14' title='bbox 1955 343 2054 379; x_wconf 84' lang='lat'><strong>1512.</strong></span> <span class='ocrx_word' id='word_1_15' title='bbox 2108 325 2227 383; x_wconf 83' lang='lat'><em>125</em></span> 
     </span>
    </p>
   </div>
   <div class='ocr_carea' id='block_1_4' title="bbox 4 460 1976 855">
    <p class='ocr_par' dir='ltr' id='par_1_4' title="bbox 4 460 1976 851">
     <span class='ocr_line' id='line_1_5' title="bbox 5 460 15 490; baseline 0 0"><span class='ocrx_word' id='word_1_16' title='bbox 5 460 15 490; x_wconf 74' lang='grc' dir='ltr'>Ἰ</span> 
     </span>
     <span class='ocr_line' id='line_1_6' title="bbox 4 497 1976 642; baseline 0.004 -38"><span class='ocrx_word' id='word_1_17' title='bbox 4 497 111 642; x_wconf 57' lang='lat' dir='ltr'><em>{v</em></span> <span class='ocrx_word' id='word_1_18' title='bbox 320 558 364 606; x_wconf 74' lang='grc' dir='ltr'><em>ΙΙ</em></span> <span class='ocrx_word' id='word_1_19' title='bbox 406 557 856 607; x_wconf 87' lang='lat' dir='ltr'><em>Universitatis</em></span> <span class='ocrx_word' id='word_1_20' title='bbox 883 559 1285 607; x_wconf 87' lang='lat' dir='ltr'><em>Col-oniensis</em></span> <span class='ocrx_word' id='word_1_21' title='bbox 1316 558 1687 609; x_wconf 91' lang='lat' dir='ltr'><em>christiana</em></span> <span class='ocrx_word' id='word_1_22' title='bbox 1725 563 1976 611; x_wconf 89' lang='lat' dir='ltr'><em>instru—</em></span> 
     </span>
     <span class='ocr_line' id='line_1_7' title="bbox 6 635 1975 723; baseline 0.003 -33"><span class='ocrx_word' id='word_1_23' title='bbox 6 635 116 723; x_wconf 65' lang='grc' dir='ltr'><em>ἒ·</em></span> <span class='ocrx_word' id='word_1_24' title='bbox 199 672 202 673; x_wconf 31' lang='lat'><em>⁷</em></span> <span class='ocrx_word' id='word_1_25' title='bbox 318 645 449 692; x_wconf 87' lang='lat' dir='ltr'><em>cti-o</em></span> <span class='ocrx_word' id='word_1_26' title='bbox 483 643 570 690; x_wconf 91' lang='lat' dir='ltr'><em>ad</em></span> <span class='ocrx_word' id='word_1_27' title='bbox 591 643 887 692; x_wconf 88' lang='lat' dir='ltr'><em>Ioannem</em></span> <span class='ocrx_word' id='word_1_28' title='bbox 915 642 1233 691; x_wconf 82' lang='lat' dir='ltr'><em>Reuchlin</em></span> <span class='ocrx_word' id='word_1_29' title='bbox 1269 646 1460 692; x_wconf 90' lang='lat' dir='ltr'><em>erroris</em></span> <span class='ocrx_word' id='word_1_30' title='bbox 1494 647 1575 693; x_wconf 91' lang='lat' dir='ltr'><em>sui</em></span> <span class='ocrx_word' id='word_1_31' title='bbox 1602 649 1776 706; x_wconf 73' lang='lat' dir='ltr'><em>qratia</em></span> <span class='ocrx_word' id='word_1_32' title='bbox 1802 648 1975 696; x_wconf 89' lang='lat' dir='ltr'><em>dimit-</em></span> 
     </span>
     <span class='ocr_line' id='line_1_8' title="bbox 7 727 1457 855; baseline 0.002 -82"><span class='ocrx_word' id='word_1_33' title='bbox 7 734 77 855; x_wconf 56' lang='lat' dir='ltr'><em>{a</em></span> <span class='ocrx_word' id='word_1_34' title='bbox 839 727 978 776; x_wconf 88' lang='lat' dir='ltr'><em>tendi</em></span> <span class='ocrx_word' id='word_1_35' title='bbox 1010 732 1059 775; x_wconf 89' lang='lat' dir='ltr'><em>et</em></span> <span class='ocrx_word' id='word_1_36' title='bbox 1093 728 1457 789; x_wconf 88' lang='lat' dir='ltr'><em>supprimendi.</em></span> 
     </span>
    </p>
   </div>
   <div class='ocr_carea' id='block_1_5' title="bbox 75 835 2230 1001">
    <p class='ocr_par' dir='ltr' id='par_1_5' title="bbox 74 835 2230 1001">
     <span class='ocr_line' id='line_1_9' title="bbox 205 835 2230 916; baseline 0.004 -13.514"><span class='ocrx_word' id='word_1_37' title='bbox 205 853 252 903; x_wconf 70' lang='lat' dir='ltr'>t</span> <span class='ocrx_word' id='word_1_38' title='bbox 285 850 520 915; x_wconf 83' lang='lat' dir='ltr'><strong><em>Sequitur</em></strong></span> <span class='ocrx_word' id='word_1_39' title='bbox 546 854 699 916; x_wconf 87' lang='lat' dir='ltr'><em>Copia</em></span> <span class='ocrx_word' id='word_1_40' title='bbox 721 855 1000 903; x_wconf 85' lang='lat' dir='ltr'><em>litterarum</em></span> <span class='ocrx_word' id='word_1_41' title='bbox 1030 856 1317 916; x_wconf 86' lang='lat' dir='ltr'><em>primarum</em></span> <span class='ocrx_word' id='word_1_42' title='bbox 1334 855 1600 914; x_wconf 76' lang='lat' dir='ltr'><em>facultatis</em></span> <span class='ocrx_word' id='word_1_43' title='bbox 1622 858 1695 906; x_wconf 90' lang='lat' dir='ltr'><em>ad</em></span> <span class='ocrx_word' id='word_1_44' title='bbox 1717 859 1963 907; x_wconf 89' lang='lat' dir='ltr'><em>doctorem</em></span> <span class='ocrx_word' id='word_1_45' title='bbox 1986 835 2230 910; x_wconf 82' lang='lat' dir='ltr'><em>Reuchlin</em></span> 
     </span>
     <span class='ocr_line' id='line_1_10' title="bbox 75 918 1309 1001; baseline -0.001 -12"><span class='ocrx_word' id='word_1_46' title='bbox 75 941 139 996; x_wconf 67' lang='grc' dir='ltr'><strong><em>ω</em></strong></span> <span class='ocrx_word' id='word_1_47' title='bbox 158 918 318 989; x_wconf 79' lang='lat' dir='ltr'><em>causa</em></span> <span class='ocrx_word' id='word_1_48' title='bbox 350 941 720 989; x_wconf 63' lang='lat' dir='ltr'><em>conmutationis</em></span> <span class='ocrx_word' id='word_1_49' title='bbox 754 953 841 998; x_wconf 89' lang='lat' dir='ltr'><em>sue</em></span> <span class='ocrx_word' id='word_1_50' title='bbox 876 941 1021 999; x_wconf 69' lang='lat' dir='ltr'><em>vulyo</em></span> <span class='ocrx_word' id='word_1_51' title='bbox 1058 941 1309 1001; x_wconf 88' lang='lat' dir='ltr'><em>impresse.</em></span> 
     </span>
    </p>
   </div>
   <div class='ocr_carea' id='block_1_6' title="bbox 0 1021 2344 3307">
    <p class='ocr_par' dir='ltr' id='par_1_6' title="bbox 0 1021 2344 3307">
     <span class='ocr_line' id='line_1_11' title="bbox 63 1021 2226 1100; baseline 0.003 -30"><span class='ocrx_word' id='word_1_52' title='bbox 63 1071 109 1100; x_wconf 38' lang='lat'><em>⁵¹</em></span> <span class='ocrx_word' id='word_1_53' title='bbox 203 1021 249 1071; x_wconf 68' lang='grc' dir='ltr'>ί</span> <span class='ocrx_word' id='word_1_54' title='bbox 272 1021 525 1085; x_wconf 86' lang='lat' dir='ltr'><em>Spiritum</em></span> <span class='ocrx_word' id='word_1_55' title='bbox 556 1025 754 1073; x_wconf 85' lang='lat' dir='ltr'><em>consilii</em></span> <span class='ocrx_word' id='word_1_56' title='bbox 785 1025 1016 1072; x_wconf 90' lang='lat' dir='ltr'><em>sanioris.</em></span> <span class='ocrx_word' id='word_1_57' title='bbox 1089 1025 1210 1072; x_wconf 87' lang='lat' dir='ltr'><em>Fuit</em></span> <span class='ocrx_word' id='word_1_58' title='bbox 1254 1024 1419 1083; x_wconf 88' lang='lat' dir='ltr'><em>nobis,</em></span> <span class='ocrx_word' id='word_1_59' title='bbox 1472 1026 1756 1087; x_wconf 88' lang='lat' dir='ltr'><em>spectabilis</em></span> <span class='ocrx_word' id='word_1_60' title='bbox 1799 1034 1847 1074; x_wconf 95' lang='lat' dir='ltr'><em>et</em></span> <span class='ocrx_word' id='word_1_61' title='bbox 1891 1030 2090 1087; x_wconf 69' lang='lat' dir='ltr'><em>eqreyie</em></span> <span class='ocrx_word' id='word_1_62' title='bbox 2136 1031 2226 1087; x_wconf 91' lang='lat' dir='ltr'><em>vir,</em></span> 
     </span>
     <span class='ocr_line' id='line_1_12' title="bbox 0 1106 2230 1182; baseline 0.003 -27"><span class='ocrx_word' id='word_1_63' title='bbox 0 1152 1 1176; x_wconf 28' lang='grc' dir='ltr'>Ξ</span> <span class='ocrx_word' id='word_1_64' title='bbox 55 1113 193 1182; x_wconf 57' lang='lat' dir='ltr'><em>god</em></span> <span class='ocrx_word' id='word_1_65' title='bbox 203 1106 471 1171; x_wconf 80' lang='lat' dir='ltr'><em>proximas</em></span> <span class='ocrx_word' id='word_1_66' title='bbox 517 1109 775 1157; x_wconf 83' lang='lat' dir='ltr'><strong><em>nundinas</em></strong></span> <span class='ocrx_word' id='word_1_67' title='bbox 814 1107 1311 1167; x_wconf 76' lang='lat' dir='ltr'><em>Francksordienses</em></span> <span class='ocrx_word' id='word_1_68' title='bbox 1358 1108 1547 1158; x_wconf 89' lang='lat' dir='ltr'><em>oblatus</em></span> <span class='ocrx_word' id='word_1_69' title='bbox 1588 1111 1793 1171; x_wconf 81' lang='lat' dir='ltr'><em>quidam</em></span> <span class='ocrx_word' id='word_1_70' title='bbox 1846 1117 1892 1159; x_wconf 91' lang='lat' dir='ltr'><em>tr</em></span> <span class='ocrx_word' id='word_1_71' title='bbox 1894 1118 2087 1160; x_wconf 91' lang='lat' dir='ltr'><em>actatus</em></span> <span class='ocrx_word' id='word_1_72' title='bbox 2141 1114 2230 1162; x_wconf 88' lang='lat' dir='ltr'><em>sub</em></span> 
     </span>
     <span class='ocr_line' id='line_1_13' title="bbox 35 1191 2230 1263; baseline 0.002 -22"><span class='ocrx_word' id='word_1_73' title='bbox 35 1199 37 1202; x_wconf 82' lang='lat'>&#39;</span> <span class='ocrx_word' id='word_1_74' title='bbox 44 1191 201 1251; x_wconf 61' lang='lat' dir='ltr'><em>mio</em></span> <span class='ocrx_word' id='word_1_75' title='bbox 231 1193 424 1256; x_wconf 81' lang='lat' dir='ltr'><em>speculi</em></span> <span class='ocrx_word' id='word_1_76' title='bbox 453 1195 675 1242; x_wconf 89' lang='lat' dir='ltr'><em>ocularis</em></span> <span class='ocrx_word' id='word_1_77' title='bbox 720 1198 802 1241; x_wconf 91' lang='lat' dir='ltr'><em>tuo</em></span> <span class='ocrx_word' id='word_1_78' title='bbox 835 1194 1031 1241; x_wconf 92' lang='lat' dir='ltr'><em>nomine</em></span> <span class='ocrx_word' id='word_1_79' title='bbox 1071 1195 1368 1257; x_wconf 88' lang='lat' dir='ltr'><em>inscriptus,</em></span> <span class='ocrx_word' id='word_1_80' title='bbox 1411 1207 1554 1254; x_wconf 81' lang='lat' dir='ltr'><em>quem</em></span> <span class='ocrx_word' id='word_1_81' title='bbox 1593 1195 1712 1243; x_wconf 90' lang='lat' dir='ltr'><em>dum</em></span> <span class='ocrx_word' id='word_1_82' title='bbox 1748 1198 1998 1245; x_wconf 88' lang='lat' dir='ltr'><em>nonnullis</em></span> <span class='ocrx_word' id='word_1_83' title='bbox 2033 1211 2100 1263; x_wconf 59' lang='lat' dir='ltr'><em>eqc</em></span> <span class='ocrx_word' id='word_1_84' title='bbox 2136 1211 2230 1245; x_wconf 88' lang='lat' dir='ltr'><em>no-</em></span> 
     </span>
     <span class='ocr_line' id='line_1_14' title="bbox 0 1277 2230 1349; baseline 0.001 -22"><span class='ocrx_word' id='word_1_85' title='bbox 0 1280 1 1349; x_wconf 67' lang='lat' dir='ltr'>J</span> <span class='ocrx_word' id='word_1_86' title='bbox 63 1280 181 1341; x_wconf 73' lang='lat' dir='ltr'><em>stris</em></span> <span class='ocrx_word' id='word_1_87' title='bbox 206 1277 520 1327; x_wconf 85' lang='lat' dir='ltr'><em>revisendum</em></span> <span class='ocrx_word' id='word_1_88' title='bbox 551 1278 949 1326; x_wconf 79' lang='lat' dir='ltr'><em>examinandum</em></span> <span class='ocrx_word' id='word_1_89' title='bbox 987 1278 1381 1336; x_wconf 75' lang='lat' dir='ltr'><em>tradidissemus,</em></span> <span class='ocrx_word' id='word_1_90' title='bbox 1417 1281 1744 1340; x_wconf 87' lang='lat' dir='ltr'><em>comperimus</em></span> <span class='ocrx_word' id='word_1_91' title='bbox 1772 1282 1823 1328; x_wconf 93' lang='lat' dir='ltr'><em>in</em></span> <span class='ocrx_word' id='word_1_92' title='bbox 1860 1294 1930 1334; x_wconf 91' lang='lat' dir='ltr'><em>eo,</em></span> <span class='ocrx_word' id='word_1_93' title='bbox 1969 1282 2103 1342; x_wconf 83' lang='lat' dir='ltr'><em>quod</em></span> <span class='ocrx_word' id='word_1_94' title='bbox 2136 1296 2230 1330; x_wconf 90' lang='lat' dir='ltr'><em>ne-</em></span> 
     </span>
     <span class='ocr_line' id='line_1_15' title="bbox 0 1362 2230 1432; baseline 0.002 -21"><span class='ocrx_word' id='word_1_95' title='bbox 0 1409 3 1423; x_wconf 82' lang='grc'><strong>,</strong></span> <span class='ocrx_word' id='word_1_96' title='bbox 61 1373 179 1432; x_wconf 59' lang='grc' dir='ltr'><em>με</em></span> <span class='ocrx_word' id='word_1_97' title='bbox 194 1375 266 1431; x_wconf 62' lang='lat' dir='ltr'><em>ex,</em></span> <span class='ocrx_word' id='word_1_98' title='bbox 295 1365 343 1411; x_wconf 88' lang='lat' dir='ltr'><em>te</em></span> <span class='ocrx_word' id='word_1_99' title='bbox 377 1375 535 1423; x_wconf 80' lang='lat' dir='ltr'><em>neque</em></span> <span class='ocrx_word' id='word_1_100' title='bbox 569 1376 637 1410; x_wconf 77' lang='lat' dir='ltr'><em>ex</em></span> <span class='ocrx_word' id='word_1_101' title='bbox 673 1374 919 1424; x_wconf 80' lang='lat' dir='ltr'><em>quoquam</em></span> <span class='ocrx_word' id='word_1_102' title='bbox 958 1362 1240 1412; x_wconf 87' lang='lat' dir='ltr'><em>Christiano</em></span> <span class='ocrx_word' id='word_1_103' title='bbox 1272 1369 1439 1412; x_wconf 87' lang='lat' dir='ltr'><em>nostro</em></span> <span class='ocrx_word' id='word_1_104' title='bbox 1482 1365 1833 1427; x_wconf 81' lang='lat' dir='ltr'><em>sperabamus,</em></span> <span class='ocrx_word' id='word_1_105' title='bbox 1883 1371 1928 1413; x_wconf 81' lang='lat' dir='ltr'><em>te</em></span> <span class='ocrx_word' id='word_1_106' title='bbox 1957 1368 2142 1415; x_wconf 90' lang='lat' dir='ltr'><em>scilicet</em></span> <span class='ocrx_word' id='word_1_107' title='bbox 2178 1369 2230 1415; x_wconf 92' lang='lat' dir='ltr'><em>in</em></span> 
     </span>
     <span class='ocr_line' id='line_1_16' title="bbox 0 1427 2344 1523; baseline 0.001 -27"><span class='ocrx_word' id='word_1_108' title='bbox 0 1427 5 1496; x_wconf 49' lang='grc' dir='ltr'><strong>ζ</strong></span> <span class='ocrx_word' id='word_1_109' title='bbox 57 1432 126 1514; x_wconf 97' lang='lat' dir='ltr'><em>Q</em></span> <span class='ocrx_word' id='word_1_110' title='bbox 148 1451 374 1523; x_wconf 57' lang='lat' dir='ltr'><em>gactatu</em></span> <span class='ocrx_word' id='word_1_111' title='bbox 402 1447 456 1496; x_wconf 90' lang='lat' dir='ltr'><em>in</em></span> <span class='ocrx_word' id='word_1_112' title='bbox 491 1447 692 1505; x_wconf 88' lang='lat' dir='ltr'><em>modum</em></span> <span class='ocrx_word' id='word_1_113' title='bbox 723 1449 1097 1497; x_wconf 86' lang='lat' dir='ltr'><em>consultationis</em></span> <span class='ocrx_word' id='word_1_114' title='bbox 1125 1449 1347 1497; x_wconf 86' lang='lat' dir='ltr'><em>omnibus</em></span> <span class='ocrx_word' id='word_1_115' title='bbox 1382 1450 1477 1497; x_wconf 91' lang='lat' dir='ltr'><em>tuis</em></span> <span class='ocrx_word' id='word_1_116' title='bbox 1501 1444 1524 1516; x_wconf 75' lang='lat' dir='ltr'>fl</span> <span class='ocrx_word' id='word_1_117' title='bbox 1549 1449 1735 1498; x_wconf 88' lang='lat' dir='ltr'><em>viribus</em></span> <span class='ocrx_word' id='word_1_118' title='bbox 1770 1451 2015 1498; x_wconf 78' lang='lat' dir='ltr'><em>annixam</em></span> <span class='ocrx_word' id='word_1_119' title='bbox 2051 1457 2106 1498; x_wconf 92' lang='lat' dir='ltr'><em>ut</em></span> <span class='ocrx_word' id='word_1_120' title='bbox 2140 1465 2225 1499; x_wconf 94' lang='lat' dir='ltr'><em>re-</em></span> <span class='ocrx_word' id='word_1_121' title='bbox 2239 1463 2344 1518; x_wconf 60' lang='lat' dir='ltr'><em>(m)</em></span> 
     </span>
     <span class='ocr_line' id='line_1_17' title="bbox 64 1531 2232 1596; baseline 0.001 -16"><span class='ocrx_word' id='word_1_122' title='bbox 64 1532 413 1587; x_wconf 72' lang='lat' dir='ltr'><em>mendissimo</em></span> <span class='ocrx_word' id='word_1_123' title='bbox 449 1533 503 1580; x_wconf 87' lang='lat' dir='ltr'><em>in</em></span> <span class='ocrx_word' id='word_1_124' title='bbox 540 1531 732 1581; x_wconf 85' lang='lat' dir='ltr'><em>Christo</em></span> <span class='ocrx_word' id='word_1_125' title='bbox 770 1535 914 1594; x_wconf 91' lang='lat' dir='ltr'><em>patri</em></span> <span class='ocrx_word' id='word_1_126' title='bbox 942 1546 1004 1581; x_wconf 92' lang='lat' dir='ltr'><em>ac</em></span> <span class='ocrx_word' id='word_1_127' title='bbox 1026 1534 1261 1596; x_wconf 80' lang='lat' dir='ltr'><em>principi</em></span> <span class='ocrx_word' id='word_1_128' title='bbox 1294 1535 1500 1582; x_wconf 79' lang='lat' dir='ltr'><em>electori</em></span> <span class='ocrx_word' id='word_1_129' title='bbox 1531 1535 1728 1583; x_wconf 90' lang='lat' dir='ltr'><em>domino</em></span> <span class='ocrx_word' id='word_1_130' title='bbox 1764 1541 1931 1583; x_wconf 91' lang='lat' dir='ltr'><em>nostro</em></span> <span class='ocrx_word' id='word_1_131' title='bbox 1962 1537 2232 1595; x_wconf 68' lang='lat' dir='ltr'><em>,aratiosis-</em></span> 
     </span>
     <span class='ocr_line' id='line_1_18' title="bbox 62 1615 2232 1683; baseline 0.001 -16.944"><span class='ocrx_word' id='word_1_132' title='bbox 62 1618 185 1677; x_wconf 64' lang='lat' dir='ltr'><em>mo</em></span> <span class='ocrx_word' id='word_1_133' title='bbox 225 1615 384 1683; x_wconf 84' lang='lat' dir='ltr'><em>Urieli</em></span> <span class='ocrx_word' id='word_1_134' title='bbox 417 1615 767 1679; x_wconf 83' lang='lat' dir='ltr'><em>Archipresuli</em></span> <span class='ocrx_word' id='word_1_135' title='bbox 792 1618 1108 1681; x_wconf 71' lang='lat' dir='ltr'><em>MoyuntinO,</em></span> <span class='ocrx_word' id='word_1_136' title='bbox 1157 1632 1220 1667; x_wconf 91' lang='lat' dir='ltr'><em>ac</em></span> <span class='ocrx_word' id='word_1_137' title='bbox 1259 1633 1361 1681; x_wconf 90' lang='lat' dir='ltr'><em>per</em></span> <span class='ocrx_word' id='word_1_138' title='bbox 1396 1620 1535 1668; x_wconf 88' lang='lat' dir='ltr'><em>illum</em></span> <span class='ocrx_word' id='word_1_139' title='bbox 1569 1621 1878 1678; x_wconf 77' lang='lat' dir='ltr'><em>serenissime</em></span> <span class='ocrx_word' id='word_1_140' title='bbox 1915 1621 2232 1681; x_wconf 75' lang='lat' dir='ltr'><em>imperatorie</em></span> 
     </span>
     <span class='ocr_line' id='line_1_19' title="bbox 0 1686 2232 1765; baseline -0.001 -11"><span class='ocrx_word' id='word_1_141' title='bbox 0 1712 3 1738; x_wconf 97' lang='lat'>⁵</span> <span class='ocrx_word' id='word_1_142' title='bbox 64 1703 313 1755; x_wconf 62' lang='lat' dir='ltr'><em>maiestati</em></span> <span class='ocrx_word' id='word_1_143' title='bbox 342 1703 681 1764; x_wconf 81' lang='lat' dir='ltr'><em>persuaderes</em></span> <span class='ocrx_word' id='word_1_144' title='bbox 722 1717 877 1765; x_wconf 87' lang='lat' dir='ltr'><em>super</em></span> <span class='ocrx_word' id='word_1_145' title='bbox 921 1705 1114 1764; x_wconf 67' lang='lat' dir='ltr'><em>nepotio</em></span> <span class='ocrx_word' id='word_1_146' title='bbox 1154 1686 1395 1752; x_wconf 86' lang='lat' dir='ltr'><em>librorum</em></span> <span class='ocrx_word' id='word_1_147' title='bbox 1442 1705 1780 1764; x_wconf 87' lang='lat' dir='ltr'><em>iudaicorum‚</em></span> <span class='ocrx_word' id='word_1_148' title='bbox 1830 1710 2075 1764; x_wconf 82' lang='lat' dir='ltr'><em>quatenus</em></span> <span class='ocrx_word' id='word_1_149' title='bbox 2103 1705 2232 1752; x_wconf 89' lang='lat' dir='ltr'><em>idem</em></span> 
     </span>
     <span class='ocr_line' id='line_1_20' title="bbox 0 1788 2232 1866; baseline -0.001 -27"><span class='ocrx_word' id='word_1_150' title='bbox 0 1788 7 1829; x_wconf 79' lang='lat'>;</span> <span class='ocrx_word' id='word_1_151' title='bbox 61 1799 324 1866; x_wconf 60' lang='lat' dir='ltr'><em>mactum</em></span> <span class='ocrx_word' id='word_1_152' title='bbox 364 1788 688 1838; x_wconf 84' lang='lat' dir='ltr'><em>laudabiliter</em></span> <span class='ocrx_word' id='word_1_153' title='bbox 727 1802 824 1850; x_wconf 92' lang='lat' dir='ltr'><em>per</em></span> <span class='ocrx_word' id='word_1_154' title='bbox 867 1789 1078 1837; x_wconf 88' lang='lat' dir='ltr'><em>eandem</em></span> <span class='ocrx_word' id='word_1_155' title='bbox 1118 1788 1384 1848; x_wconf 87' lang='lat' dir='ltr'><em>Cesaream</em></span> <span class='ocrx_word' id='word_1_156' title='bbox 1419 1791 1726 1838; x_wconf 85' lang='lat' dir='ltr'><em>maiestatem</em></span> <span class='ocrx_word' id='word_1_157' title='bbox 1756 1797 1950 1851; x_wconf 89' lang='lat' dir='ltr'><em>ceptum</em></span> <span class='ocrx_word' id='word_1_158' title='bbox 1984 1791 2232 1838; x_wconf 89' lang='lat' dir='ltr'><em>interver—</em></span> 
     </span>
     <span class='ocr_line' id='line_1_21' title="bbox 0 1872 2231 1947; baseline -0 -25"><span class='ocrx_word' id='word_1_159' title='bbox 0 1878 1 1882; x_wconf 77' lang='grc'>’</span> <span class='ocrx_word' id='word_1_160' title='bbox 45 1877 206 1934; x_wconf 74' lang='lat' dir='ltr'><em>teres.</em></span> <span class='ocrx_word' id='word_1_161' title='bbox 244 1872 380 1935; x_wconf 80' lang='lat' dir='ltr'><em>quod</em></span> <span class='ocrx_word' id='word_1_162' title='bbox 411 1879 467 1922; x_wconf 83' lang='lat' dir='ltr'><em>ut</em></span> <span class='ocrx_word' id='word_1_163' title='bbox 496 1873 799 1922; x_wconf 84' lang='lat' dir='ltr'><em>commodius</em></span> <span class='ocrx_word' id='word_1_164' title='bbox 834 1874 936 1933; x_wconf 86' lang='lat' dir='ltr'><em>(uti</em></span> <span class='ocrx_word' id='word_1_165' title='bbox 962 1873 1102 1934; x_wconf 85' lang='lat' dir='ltr'><em>forte</em></span> <span class='ocrx_word' id='word_1_166' title='bbox 1143 1874 1232 1923; x_wconf 86' lang='lat' dir='ltr'><em>tibi</em></span> <span class='ocrx_word' id='word_1_167' title='bbox 1261 1877 1417 1923; x_wconf 87' lang='lat' dir='ltr'><em>visum</em></span> <span class='ocrx_word' id='word_1_168' title='bbox 1439 1873 1567 1936; x_wconf 84' lang='lat' dir='ltr'><em>fuit)</em></span> <span class='ocrx_word' id='word_1_169' title='bbox 1594 1874 1813 1947; x_wconf 81' lang='lat' dir='ltr'><em>faceres,</em></span> <span class='ocrx_word' id='word_1_170' title='bbox 1851 1875 2006 1923; x_wconf 85' lang='lat' dir='ltr'><em>multa</em></span> <span class='ocrx_word' id='word_1_171' title='bbox 2030 1874 2102 1921; x_wconf 93' lang='lat' dir='ltr'><em>ad</em></span> <span class='ocrx_word' id='word_1_172' title='bbox 2126 1887 2231 1923; x_wconf 89' lang='lat' dir='ltr'><em>rem</em></span> 
     </span>
     <span class='ocr_line' id='line_1_22' title="bbox 66 1943 2232 2022; baseline -0.001 -14"><span class='ocrx_word' id='word_1_173' title='bbox 66 1943 436 2022; x_wconf 79' lang='lat' dir='ltr'><em>impertinentia</em></span> <span class='ocrx_word' id='word_1_174' title='bbox 467 1960 707 2008; x_wconf 89' lang='lat' dir='ltr'><em>latissime</em></span> <span class='ocrx_word' id='word_1_175' title='bbox 737 1964 971 2020; x_wconf 91' lang='lat' dir='ltr'><em>porrecto</em></span> <span class='ocrx_word' id='word_1_176' title='bbox 1003 1960 1200 2008; x_wconf 87' lang='lat' dir='ltr'><em>calamo</em></span> <span class='ocrx_word' id='word_1_177' title='bbox 1236 1960 1386 2020; x_wconf 82' lang='lat' dir='ltr'><em>quasi</em></span> <span class='ocrx_word' id='word_1_178' title='bbox 1419 1960 1659 2020; x_wconf 80' lang='lat' dir='ltr'><em>quicquid</em></span> <span class='ocrx_word' id='word_1_179' title='bbox 1693 1959 1781 2007; x_wconf 87' lang='lat' dir='ltr'><em>tibi</em></span> <span class='ocrx_word' id='word_1_180' title='bbox 1809 1961 1860 2008; x_wconf 93' lang='lat' dir='ltr'><em>in</em></span> <span class='ocrx_word' id='word_1_181' title='bbox 1894 1961 1974 2007; x_wconf 93' lang='lat' dir='ltr'><em>via</em></span> <span class='ocrx_word' id='word_1_182' title='bbox 1999 1972 2100 2020; x_wconf 83' lang='lat' dir='ltr'><em>qua</em></span> <span class='ocrx_word' id='word_1_183' title='bbox 2125 1959 2232 2007; x_wconf 88' lang='lat' dir='ltr'><em>ibas</em></span> 
     </span>
     <span class='ocr_line' id='line_1_23' title="bbox 55 2043 2235 2106; baseline -0.001 -12.995"><span class='ocrx_word' id='word_1_184' title='bbox 55 2055 332 2099; x_wconf 83' lang='lat' dir='ltr'><em>occurrere</em></span> <span class='ocrx_word' id='word_1_185' title='bbox 355 2045 522 2106; x_wconf 81' lang='lat' dir='ltr'><em>potuit</em></span> <span class='ocrx_word' id='word_1_186' title='bbox 556 2043 830 2106; x_wconf 86' lang='lat' dir='ltr'><em>decerpere</em></span> <span class='ocrx_word' id='word_1_187' title='bbox 863 2045 1118 2104; x_wconf 87' lang='lat' dir='ltr'><em>voluisses,</em></span> <span class='ocrx_word' id='word_1_188' title='bbox 1153 2046 1205 2093; x_wconf 92' lang='lat' dir='ltr'><em>in</em></span> <span class='ocrx_word' id='word_1_189' title='bbox 1239 2057 1392 2092; x_wconf 89' lang='lat' dir='ltr'><em>unum</em></span> <span class='ocrx_word' id='word_1_190' title='bbox 1427 2045 1642 2105; x_wconf 63' lang='lat' dir='ltr'><em>coepisti.</em></span> <span class='ocrx_word' id='word_1_191' title='bbox 1717 2056 1813 2105; x_wconf 82' lang='lat' dir='ltr'><em>quo</em></span> <span class='ocrx_word' id='word_1_192' title='bbox 1843 2043 2041 2103; x_wconf 81' lang='lat' dir='ltr'><em>factum</em></span> <span class='ocrx_word' id='word_1_193' title='bbox 2072 2048 2147 2092; x_wconf 91' lang='lat' dir='ltr'><em>est</em></span> <span class='ocrx_word' id='word_1_194' title='bbox 2180 2050 2235 2092; x_wconf 85' lang='lat' dir='ltr'><em>ut</em></span> 
     </span>
     <span class='ocr_line' id='line_1_24' title="bbox 56 2116 2230 2193; baseline -0.002 -13"><span class='ocrx_word' id='word_1_195' title='bbox 56 2116 276 2193; x_wconf 68' lang='lat' dir='ltr'><em>festinus</em></span> <span class='ocrx_word' id='word_1_196' title='bbox 305 2128 380 2178; x_wconf 88' lang='lat' dir='ltr'><em>ad</em></span> <span class='ocrx_word' id='word_1_197' title='bbox 411 2131 676 2178; x_wconf 86' lang='lat' dir='ltr'><em>terminum</em></span> <span class='ocrx_word' id='word_1_198' title='bbox 708 2142 805 2191; x_wconf 82' lang='lat' dir='ltr'><em>quo</em></span> <span class='ocrx_word' id='word_1_199' title='bbox 829 2129 1146 2192; x_wconf 82' lang='lat' dir='ltr'><em>properabas</em></span> <span class='ocrx_word' id='word_1_200' title='bbox 1181 2137 1228 2178; x_wconf 91' lang='lat' dir='ltr'><em>et</em></span> <span class='ocrx_word' id='word_1_201' title='bbox 1261 2131 1491 2178; x_wconf 89' lang='lat' dir='ltr'><em>incautus</em></span> <span class='ocrx_word' id='word_1_202' title='bbox 1526 2141 1623 2176; x_wconf 93' lang='lat' dir='ltr'><em>non</em></span> <span class='ocrx_word' id='word_1_203' title='bbox 1671 2130 1791 2177; x_wconf 77' lang='lat' dir='ltr'><em>satt&#39;s</em></span> <span class='ocrx_word' id='word_1_204' title='bbox 1828 2129 2122 2190; x_wconf 83' lang='lat' dir='ltr'><em>probaveris</em></span> <span class='ocrx_word' id='word_1_205' title='bbox 2162 2142 2230 2176; x_wconf 92' lang='lat' dir='ltr'><em>an</em></span> 
     </span>
     <span class='ocr_line' id='line_1_25' title="bbox 65 2213 2231 2275; baseline -0.001 -11"><span class='ocrx_word' id='word_1_206' title='bbox 65 2227 211 2264; x_wconf 85' lang='lat' dir='ltr'><em>rosas</em></span> <span class='ocrx_word' id='word_1_207' title='bbox 236 2213 377 2274; x_wconf 85' lang='lat' dir='ltr'><em>sorte</em></span> <span class='ocrx_word' id='word_1_208' title='bbox 412 2228 481 2264; x_wconf 88' lang='lat' dir='ltr'><em>an</em></span> <span class='ocrx_word' id='word_1_209' title='bbox 516 2219 716 2264; x_wconf 91' lang='lat' dir='ltr'><em>urentes</em></span> <span class='ocrx_word' id='word_1_210' title='bbox 746 2216 937 2264; x_wconf 90' lang='lat' dir='ltr'><em>urticas</em></span> <span class='ocrx_word' id='word_1_211' title='bbox 973 2219 1062 2263; x_wconf 89' lang='lat' dir='ltr'><em>aut</em></span> <span class='ocrx_word' id='word_1_212' title='bbox 1095 2216 1226 2264; x_wconf 88' lang='lat' dir='ltr'><em>male</em></span> <span class='ocrx_word' id='word_1_213' title='bbox 1259 2216 1442 2263; x_wconf 87' lang='lat' dir='ltr'><em>olentes</em></span> <span class='ocrx_word' id='word_1_214' title='bbox 1482 2216 1636 2275; x_wconf 78' lang='lat' dir='ltr'><em>flores</em></span> <span class='ocrx_word' id='word_1_215' title='bbox 1683 2215 1976 2263; x_wconf 91' lang='lat' dir='ltr'><em>inconcinne</em></span> <span class='ocrx_word' id='word_1_216' title='bbox 2018 2215 2069 2263; x_wconf 92' lang='lat' dir='ltr'><em>in</em></span> <span class='ocrx_word' id='word_1_217' title='bbox 2116 2228 2231 2262; x_wconf 89' lang='lat' dir='ltr'><em>ser-</em></span> 
     </span>
     <span class='ocr_line' id='line_1_26' title="bbox 44 2298 2231 2362; baseline -0.001 -14"><span class='ocrx_word' id='word_1_218' title='bbox 44 2307 167 2362; x_wconf 56' lang='lat' dir='ltr'><em>gium</em></span> <span class='ocrx_word' id='word_1_219' title='bbox 200 2311 536 2362; x_wconf 85' lang='lat' dir='ltr'><em>componeres.</em></span> <span class='ocrx_word' id='word_1_220' title='bbox 611 2300 687 2350; x_wconf 81' lang='lat' dir='ltr'><em>Ac</em></span> <span class='ocrx_word' id='word_1_221' title='bbox 713 2314 810 2362; x_wconf 88' lang='lat' dir='ltr'><em>per</em></span> <span class='ocrx_word' id='word_1_222' title='bbox 853 2300 947 2349; x_wconf 92' lang='lat' dir='ltr'><em>hoc</em></span> <span class='ocrx_word' id='word_1_223' title='bbox 985 2311 1083 2348; x_wconf 90' lang='lat' dir='ltr'><em>non</em></span> <span class='ocrx_word' id='word_1_224' title='bbox 1129 2301 1286 2349; x_wconf 87' lang='lat' dir='ltr'><em>solum</em></span> <span class='ocrx_word' id='word_1_225' title='bbox 1335 2301 1485 2348; x_wconf 89' lang='lat' dir='ltr'><em>nimie</em></span> <span class='ocrx_word' id='word_1_226' title='bbox 1514 2298 1739 2358; x_wconf 83' lang='lat' dir='ltr'><em>fautorie</em></span> <span class='ocrx_word' id='word_1_227' title='bbox 1771 2298 1984 2358; x_wconf 87' lang='lat' dir='ltr'><em>Iudaice</em></span> <span class='ocrx_word' id='word_1_228' title='bbox 2015 2298 2231 2361; x_wconf 77' lang='lat' dir='ltr'><em>perfidie</em></span> 
     </span>
     <span class='ocr_line' id='line_1_27' title="bbox 22 2378 2230 2448; baseline -0.001 -13"><span class='ocrx_word' id='word_1_229' title='bbox 22 2378 28 2394; x_wconf 70' lang='lat'><strong>¹</strong></span> <span class='ocrx_word' id='word_1_230' title='bbox 62 2390 232 2442; x_wconf 74' lang='lat' dir='ltr'><em>notam</em></span> <span class='ocrx_word' id='word_1_231' title='bbox 266 2385 574 2448; x_wconf 86' lang='lat' dir='ltr'><em>improvidus</em></span> <span class='ocrx_word' id='word_1_232' title='bbox 610 2385 756 2448; x_wconf 90' lang='lat' dir='ltr'><em>apud</em></span> <span class='ocrx_word' id='word_1_233' title='bbox 786 2385 1086 2435; x_wconf 88' lang='lat' dir='ltr'><em>christianos</em></span> <span class='ocrx_word' id='word_1_234' title='bbox 1133 2387 1341 2435; x_wconf 83' lang='lat' dir='ltr'><em>lectores</em></span> <span class='ocrx_word' id='word_1_235' title='bbox 1376 2385 1635 2433; x_wconf 88' lang='lat' dir='ltr'><em>incurristi</em></span> <span class='ocrx_word' id='word_1_236' title='bbox 1665 2383 1771 2433; x_wconf 88' lang='lat' dir='ltr'><em>Sed</em></span> <span class='ocrx_word' id='word_1_237' title='bbox 1811 2389 1861 2433; x_wconf 92' lang='lat' dir='ltr'><em>et</em></span> <span class='ocrx_word' id='word_1_238' title='bbox 1885 2383 2060 2443; x_wconf 89' lang='lat' dir='ltr'><em>Iudeis</em></span> <span class='ocrx_word' id='word_1_239' title='bbox 2095 2385 2230 2445; x_wconf 88' lang='lat' dir='ltr'><em>ipsis,</em></span> 
     </span>
     <span class='ocr_line' id='line_1_28' title="bbox 64 2468 2234 2532; baseline -0.003 -10"><span class='ocrx_word' id='word_1_240' title='bbox 64 2472 231 2522; x_wconf 69' lang='lat' dir='ltr'><em>micis</em></span> <span class='ocrx_word' id='word_1_241' title='bbox 261 2475 311 2520; x_wconf 92' lang='lat' dir='ltr'><em>et</em></span> <span class='ocrx_word' id='word_1_242' title='bbox 343 2472 606 2532; x_wconf 68' lang='lat' dir='ltr'><em>sanquinis</em></span> <span class='ocrx_word' id='word_1_243' title='bbox 642 2483 738 2532; x_wconf 84' lang='lat' dir='ltr'><em>quo</em></span> <span class='ocrx_word' id='word_1_244' title='bbox 775 2484 864 2520; x_wconf 91' lang='lat' dir='ltr'><em>nos</em></span> <span class='ocrx_word' id='word_1_245' title='bbox 890 2472 978 2520; x_wconf 86' lang='lat' dir='ltr'><em>loti</em></span> <span class='ocrx_word' id='word_1_246' title='bbox 1010 2478 1059 2519; x_wconf 92' lang='lat' dir='ltr'><em>et</em></span> <span class='ocrx_word' id='word_1_247' title='bbox 1093 2471 1342 2532; x_wconf 80' lang='lat' dir='ltr'><em>redempti</em></span> <span class='ocrx_word' id='word_1_248' title='bbox 1374 2484 1542 2519; x_wconf 91' lang='lat' dir='ltr'><em>sumus</em></span> <span class='ocrx_word' id='word_1_249' title='bbox 1588 2470 1802 2518; x_wconf 90' lang='lat' dir='ltr'><em>inimicis</em></span> <span class='ocrx_word' id='word_1_250' title='bbox 1817 2507 1828 2527; x_wconf 94' lang='lat'><em>,</em></span> <span class='ocrx_word' id='word_1_251' title='bbox 1874 2470 1962 2530; x_wconf 81' lang='lat' dir='ltr'><em>qui</em></span> <span class='ocrx_word' id='word_1_252' title='bbox 1989 2470 2063 2517; x_wconf 93' lang='lat' dir='ltr'><em>uti</em></span> <span class='ocrx_word' id='word_1_253' title='bbox 2096 2468 2234 2517; x_wconf 89' lang='lat' dir='ltr'><em>nobis</em></span> 
     </span>
     <span class='ocr_line' id='line_1_29' title="bbox 24 2554 2233 2622; baseline -0.003 -14"><span class='ocrx_word' id='word_1_254' title='bbox 24 2600 38 2622; x_wconf 33' lang='grc' dir='ltr'><strong>ρ</strong></span> <span class='ocrx_word' id='word_1_255' title='bbox 55 2558 277 2608; x_wconf 80' lang='lat' dir='ltr'><em>relatum</em></span> <span class='ocrx_word' id='word_1_256' title='bbox 309 2562 405 2618; x_wconf 87' lang='lat' dir='ltr'><em>est,</em></span> <span class='ocrx_word' id='word_1_257' title='bbox 455 2555 590 2606; x_wconf 89' lang='lat' dir='ltr'><em>hunc</em></span> <span class='ocrx_word' id='word_1_258' title='bbox 631 2561 768 2606; x_wconf 90' lang='lat' dir='ltr'><em>tuum</em></span> <span class='ocrx_word' id='word_1_259' title='bbox 813 2561 1078 2606; x_wconf 88' lang='lat' dir='ltr'><em>tractatum</em></span> <span class='ocrx_word' id='word_1_260' title='bbox 1116 2557 1389 2605; x_wconf 89' lang='lat' dir='ltr'><em>vernacula</em></span> <span class='ocrx_word' id='word_1_261' title='bbox 1423 2561 1594 2604; x_wconf 90' lang='lat' dir='ltr'><em>nostra</em></span> <span class='ocrx_word' id='word_1_262' title='bbox 1630 2556 1805 2615; x_wconf 70' lang='lat' dir='ltr'><em>linqua</em></span> <span class='ocrx_word' id='word_1_263' title='bbox 1835 2554 2019 2602; x_wconf 89' lang='lat' dir='ltr'><em>editum</em></span> <span class='ocrx_word' id='word_1_264' title='bbox 2054 2560 2102 2601; x_wconf 88' lang='lat' dir='ltr'><em>et</em></span> <span class='ocrx_word' id='word_1_265' title='bbox 2135 2555 2233 2601; x_wconf 90' lang='lat' dir='ltr'><em>im-</em></span> 
     </span>
     <span class='ocr_line' id='line_1_30' title="bbox 18 2618 2234 2726; baseline -0.003 -34"><span class='ocrx_word' id='word_1_266' title='bbox 18 2618 290 2726; x_wconf 48' lang='lat' dir='ltr'><em>‘pressum</em></span> <span class='ocrx_word' id='word_1_267' title='bbox 320 2644 493 2704; x_wconf 71' lang='lat' dir='ltr'><em>teyunt</em></span> <span class='ocrx_word' id='word_1_268' title='bbox 523 2647 572 2691; x_wconf 90' lang='lat' dir='ltr'><em>et</em></span> <span class='ocrx_word' id='word_1_269' title='bbox 595 2641 974 2702; x_wconf 86' lang='lat' dir='ltr'><em>circumferunt,</em></span> <span class='ocrx_word' id='word_1_270' title='bbox 1007 2643 1313 2691; x_wconf 91' lang='lat' dir='ltr'><em>occasionem</em></span> <span class='ocrx_word' id='word_1_271' title='bbox 1339 2642 1604 2703; x_wconf 80' lang='lat' dir='ltr'><em>prestitisti</em></span> <span class='ocrx_word' id='word_1_272' title='bbox 1626 2652 1721 2700; x_wconf 85' lang='lat' dir='ltr'><em>quo</em></span> <span class='ocrx_word' id='word_1_273' title='bbox 1754 2640 1967 2702; x_wconf 87' lang='lat' dir='ltr'><em>amplius</em></span> <span class='ocrx_word' id='word_1_274' title='bbox 1997 2651 2083 2686; x_wconf 89' lang='lat' dir='ltr'><em>nos</em></span> <span class='ocrx_word' id='word_1_275' title='bbox 2108 2639 2234 2687; x_wconf 88' lang='lat' dir='ltr'><em>irri-</em></span> 
     </span>
     <span class='ocr_line' id='line_1_31' title="bbox 26 2710 2238 2793; baseline -0.003 -14.874"><span class='ocrx_word' id='word_1_276' title='bbox 26 2710 233 2793; x_wconf 58' lang='grc' dir='ltr'><em>ῗᾰεαπί,</em></span> <span class='ocrx_word' id='word_1_277' title='bbox 279 2727 482 2791; x_wconf 79' lang='lat' dir='ltr'><em>quando</em></span> <span class='ocrx_word' id='word_1_278' title='bbox 527 2729 658 2777; x_wconf 90' lang='lat' dir='ltr'><em>inter</em></span> <span class='ocrx_word' id='word_1_279' title='bbox 706 2727 1014 2777; x_wconf 80' lang='lat' dir='ltr'><em>Christianos</em></span> <span class='ocrx_word' id='word_1_280' title='bbox 1060 2733 1110 2776; x_wconf 88' lang='lat' dir='ltr'><em>et</em></span> <span class='ocrx_word' id='word_1_281' title='bbox 1149 2727 1348 2789; x_wconf 75' lang='lat' dir='ltr'><em>quidem</em></span> <span class='ocrx_word' id='word_1_282' title='bbox 1391 2728 1520 2775; x_wconf 87' lang='lat' dir='ltr'><em>inter</em></span> <span class='ocrx_word' id='word_1_283' title='bbox 1563 2739 1644 2775; x_wconf 92' lang='lat' dir='ltr'><em>eos</em></span> <span class='ocrx_word' id='word_1_284' title='bbox 1691 2727 1778 2786; x_wconf 80' lang='lat' dir='ltr'><em>qui</em></span> <span class='ocrx_word' id='word_1_285' title='bbox 1830 2726 2085 2786; x_wconf 84' lang='lat' dir='ltr'><em>inprimis</em></span> <span class='ocrx_word' id='word_1_286' title='bbox 2106 2724 2238 2772; x_wconf 82' lang='lat' dir='ltr'><em>docti</em></span> 
     </span>
     <span class='ocr_line' id='line_1_32' title="bbox 25 2809 2233 2891; baseline -0.004 -25.849"><span class='ocrx_word' id='word_1_287' title='bbox 25 2815 378 2891; x_wconf 76' lang='lat' dir='ltr'><em>reputantur,</em></span> <span class='ocrx_word' id='word_1_288' title='bbox 416 2819 462 2863; x_wconf 90' lang='lat' dir='ltr'><em>te</em></span> <span class='ocrx_word' id='word_1_289' title='bbox 491 2813 693 2863; x_wconf 89' lang='lat' dir='ltr'><em>unicum</em></span> <span class='ocrx_word' id='word_1_290' title='bbox 725 2814 1044 2874; x_wconf 91' lang='lat' dir='ltr'><em>invenerunt,</em></span> <span class='ocrx_word' id='word_1_291' title='bbox 1083 2814 1171 2874; x_wconf 80' lang='lat' dir='ltr'><em>qui</em></span> <span class='ocrx_word' id='word_1_292' title='bbox 1199 2826 1343 2862; x_wconf 90' lang='lat' dir='ltr'><em>suam</em></span> <span class='ocrx_word' id='word_1_293' title='bbox 1380 2825 1589 2862; x_wconf 90' lang='lat' dir='ltr'><em>causam</em></span> <span class='ocrx_word' id='word_1_294' title='bbox 1626 2816 1772 2872; x_wconf 72' lang='lat' dir='ltr'><em>aqat,</em></span> <span class='ocrx_word' id='word_1_295' title='bbox 1822 2815 2002 2859; x_wconf 87' lang='lat' dir='ltr'><em>tutetur</em></span> <span class='ocrx_word' id='word_1_296' title='bbox 2039 2823 2102 2859; x_wconf 91' lang='lat' dir='ltr'><em>ac</em></span> <span class='ocrx_word' id='word_1_297' title='bbox 2140 2809 2233 2858; x_wconf 84' lang='lat' dir='ltr'><em>de—</em></span> 
     </span>
     <span class='ocr_line' id='line_1_33' title="bbox 29 2882 2236 2981; baseline -0.003 -31.906"><span class='ocrx_word' id='word_1_298' title='bbox 29 2882 260 2981; x_wconf 74' lang='lat' dir='ltr'><em>[endal-</em></span> <span class='ocrx_word' id='word_1_299' title='bbox 293 2900 443 2961; x_wconf 82' lang='lat' dir='ltr'><em>quasi</em></span> <span class='ocrx_word' id='word_1_300' title='bbox 473 2913 631 2961; x_wconf 81' lang='lat' dir='ltr'><em>neque</em></span> <span class='ocrx_word' id='word_1_301' title='bbox 668 2899 916 2950; x_wconf 81' lang='lat' dir='ltr'><em>Christum</em></span> <span class='ocrx_word' id='word_1_302' title='bbox 947 2913 1105 2961; x_wconf 83' lang='lat' dir='ltr'><em>neque</em></span> <span class='ocrx_word' id='word_1_303' title='bbox 1129 2900 1371 2959; x_wconf 63' lang='lat' dir='ltr'><em>virainem</em></span> <span class='ocrx_word' id='word_1_304' title='bbox 1396 2903 1606 2947; x_wconf 89' lang='lat' dir='ltr'><em>matrem</em></span> <span class='ocrx_word' id='word_1_305' title='bbox 1631 2910 1789 2958; x_wconf 86' lang='lat' dir='ltr'><em>neque</em></span> <span class='ocrx_word' id='word_1_306' title='bbox 1814 2898 2056 2958; x_wconf 85' lang='lat' dir='ltr'><em>apostolos</em></span> <span class='ocrx_word' id='word_1_307' title='bbox 2079 2909 2236 2957; x_wconf 80' lang='lat' dir='ltr'><em>neque</em></span> 
     </span>
     <span class='ocr_line' id='line_1_34' title="bbox 29 2948 2233 3054; baseline -0.002 -19.929"><span class='ocrx_word' id='word_1_308' title='bbox 29 2948 214 3054; x_wconf 47' lang='lat' dir='ltr'><em>*fidem</em></span> <span class='ocrx_word' id='word_1_309' title='bbox 248 2990 469 3035; x_wconf 87' lang='lat' dir='ltr'><em>nostram</em></span> <span class='ocrx_word' id='word_1_310' title='bbox 505 2987 850 3034; x_wconf 82' lang='lat' dir='ltr'><em>intemeratam</em></span> <span class='ocrx_word' id='word_1_311' title='bbox 886 2984 1226 3047; x_wconf 80' lang='lat' dir='ltr'><em>blasphement</em></span> <span class='ocrx_word' id='word_1_312' title='bbox 1260 2997 1483 3045; x_wconf 83' lang='lat' dir='ltr'><em>unquam</em></span> <span class='ocrx_word' id='word_1_313' title='bbox 1520 2989 1608 3032; x_wconf 92' lang='lat' dir='ltr'><em>aut</em></span> <span class='ocrx_word' id='word_1_314' title='bbox 1638 2985 1935 3045; x_wconf 84' lang='lat' dir='ltr'><em>vituperent,</em></span> <span class='ocrx_word' id='word_1_315' title='bbox 1969 2982 2060 3030; x_wconf 92' lang='lat' dir='ltr'><em>sed</em></span> <span class='ocrx_word' id='word_1_316' title='bbox 2088 2982 2233 3043; x_wconf 83' lang='lat' dir='ltr'><em>quic—</em></span> 
     </span>
     <span class='ocr_line' id='line_1_35' title="bbox 20 3049 2240 3145; baseline -0.003 -25"><span class='ocrx_word' id='word_1_317' title='bbox 20 3049 195 3145; x_wconf 41' lang='lat' dir='ltr'><em>§quid</em></span> <span class='ocrx_word' id='word_1_318' title='bbox 217 3068 447 3134; x_wconf 80' lang='lat' dir='ltr'><em>saciant,</em></span> <span class='ocrx_word' id='word_1_319' title='bbox 498 3076 588 3119; x_wconf 87' lang='lat' dir='ltr'><em>aut</em></span> <span class='ocrx_word' id='word_1_320' title='bbox 631 3073 847 3120; x_wconf 91' lang='lat' dir='ltr'><em>maiores</em></span> <span class='ocrx_word' id='word_1_321' title='bbox 876 3084 1046 3120; x_wconf 89' lang='lat' dir='ltr'><em>eorum</em></span> <span class='ocrx_word' id='word_1_322' title='bbox 1086 3071 1404 3132; x_wconf 90' lang='lat' dir='ltr'><em>scripseri‚nt</em></span> <span class='ocrx_word' id='word_1_323' title='bbox 1453 3071 1503 3118; x_wconf 89' lang='lat' dir='ltr'><em>in</em></span> <span class='ocrx_word' id='word_1_324' title='bbox 1546 3069 1626 3118; x_wconf 90' lang='lat' dir='ltr'><em>sui</em></span> <span class='ocrx_word' id='word_1_325' title='bbox 1657 3067 1993 3128; x_wconf 85' lang='lat' dir='ltr'><em>defensionem</em></span> <span class='ocrx_word' id='word_1_326' title='bbox 2030 3072 2078 3115; x_wconf 90' lang='lat' dir='ltr'><em>et</em></span> <span class='ocrx_word' id='word_1_327' title='bbox 2111 3067 2240 3114; x_wconf 88' lang='lat' dir='ltr'><em>nulli</em></span> 
     </span>
     <span class='ocr_line' id='line_1_36' title="bbox 68 3151 2235 3225; baseline -0.002 -22"><span class='ocrx_word' id='word_1_328' title='bbox 68 3152 121 3219; x_wconf 73' lang='lat' dir='ltr'><em>in</em></span> <span class='ocrx_word' id='word_1_329' title='bbox 139 3155 479 3225; x_wconf 72' lang='lat' dir='ltr'><em>preiudicium</em></span> <span class='ocrx_word' id='word_1_330' title='bbox 514 3162 605 3205; x_wconf 87' lang='lat' dir='ltr'><em>aut</em></span> <span class='ocrx_word' id='word_1_331' title='bbox 625 3158 922 3219; x_wconf 86' lang='lat' dir='ltr'><em>vituperium</em></span> <span class='ocrx_word' id='word_1_332' title='bbox 953 3155 1187 3216; x_wconf 83' lang='lat' dir='ltr'><em>fecerint.</em></span> <span class='ocrx_word' id='word_1_333' title='bbox 1263 3155 1329 3205; x_wconf 86' lang='lat' dir='ltr'><em>Et</em></span> <span class='ocrx_word' id='word_1_334' title='bbox 1352 3157 1473 3216; x_wconf 80' lang='lat' dir='ltr'><em>quia</em></span> <span class='ocrx_word' id='word_1_335' title='bbox 1497 3160 1552 3204; x_wconf 92' lang='lat' dir='ltr'><em>ut</em></span> <span class='ocrx_word' id='word_1_336' title='bbox 1581 3154 1709 3203; x_wconf 86' lang='lat' dir='ltr'><em>illud</em></span> <span class='ocrx_word' id='word_1_337' title='bbox 1732 3153 2049 3215; x_wconf 86' lang='lat' dir='ltr'><em>imperatorie</em></span> <span class='ocrx_word' id='word_1_338' title='bbox 2074 3151 2235 3199; x_wconf 89' lang='lat' dir='ltr'><em>maie-</em></span> 
     </span>
     <span class='ocr_line' id='line_1_37' title="bbox 38 3238 2235 3307; baseline -0.002 -18"><span class='ocrx_word' id='word_1_339' title='bbox 38 3241 188 3307; x_wconf 51' lang='lat' dir='ltr'><em>,getan</em></span> <span class='ocrx_word' id='word_1_340' title='bbox 215 3239 527 3302; x_wconf 72' lang='lat' dir='ltr'><em>sufficienter</em></span> <span class='ocrx_word' id='word_1_341' title='bbox 556 3242 872 3304; x_wconf 90' lang='lat' dir='ltr'><em>persuadere</em></span> <span class='ocrx_word' id='word_1_342' title='bbox 897 3240 1096 3305; x_wconf 88' lang='lat' dir='ltr'><em>posses,</em></span> <span class='ocrx_word' id='word_1_343' title='bbox 1143 3242 1316 3289; x_wconf 91' lang='lat' dir='ltr'><em>varias</em></span> <span class='ocrx_word' id='word_1_344' title='bbox 1359 3246 1406 3288; x_wconf 92' lang='lat' dir='ltr'><em>et</em></span> <span class='ocrx_word' id='word_1_345' title='bbox 1453 3240 1698 3302; x_wconf 83' lang='lat' dir='ltr'><em>quasdam</em></span> <span class='ocrx_word' id='word_1_346' title='bbox 1732 3238 1984 3289; x_wconf 89' lang='lat' dir='ltr'><em>invalidas</em></span> <span class='ocrx_word' id='word_1_347' title='bbox 2017 3238 2235 3285; x_wconf 87' lang='lat' dir='ltr'><em>rationes</em></span> 
     </span>
    </p>
   </div>
   <div class='ocr_carea' id='block_1_7' title="bbox 4 836 62 2604">
    <p class='ocr_par' dir='ltr' id='par_1_7' title="bbox 4 836 62 2604">
     <span class='ocr_line' id='line_1_38' title="bbox 4 836 62 1407; baseline 0 -188"><span class='ocrx_word' id='word_1_348' title='bbox 4 1046 61 1407; x_wconf 95' lang='lat' dir='ltr'><em>   </em></span> <span class='ocrx_word' id='word_1_349' title='bbox 55 836 62 1046; x_wconf 95' lang='lat' dir='ltr'><em> </em></span> 
     </span>
     <span class='ocr_line' id='line_1_39' title="bbox 10 1407 60 2012; baseline 0 0"><span class='ocrx_word' id='word_1_350' title='bbox 10 1407 60 2012; x_wconf 95' lang='lat' dir='ltr'><em>  </em></span> 
     </span>
     <span class='ocr_line' id='line_1_40' title="bbox 13 2012 57 2604; baseline 0 -511"><span class='ocrx_word' id='word_1_351' title='bbox 13 2012 57 2604; x_wconf 95' lang='lat' dir='ltr'><em>     </em></span> 
     </span>
    </p>
   </div>
   <div class='ocr_carea' id='block_1_8' title="bbox 29 3310 409 4031">
    <p class='ocr_par' dir='ltr' id='par_1_8' title="bbox 29 3310 409 4031">
     <span class='ocr_line' id='line_1_41' title="bbox 29 3310 409 3636; baseline 0 -186"><span class='ocrx_word' id='word_1_352' title='bbox 29 3310 409 3636; x_wconf 95' lang='lat' dir='ltr'><em>    </em></span> 
     </span>
     <span class='ocr_line' id='line_1_42' title="bbox 35 3636 173 3790; baseline 0 -124"><span class='ocrx_word' id='word_1_353' title='bbox 35 3636 173 3790; x_wconf 95' lang='lat' dir='ltr'><em>    </em></span> 
     </span>
     <span class='ocr_line' id='line_1_43' title="bbox 36 3790 155 4031; baseline 0 0"><span class='ocrx_word' id='word_1_354' title='bbox 36 3790 155 4031; x_wconf 95' lang='lat' dir='ltr'><em>   </em></span> 
     </span>
    </p>
   </div>
   <div class='ocr_carea' id='block_1_9' title="bbox 76 3478 2233 4037">
    <p class='ocr_par' dir='ltr' id='par_1_9' title="bbox 76 3478 2233 4037">
     <span class='ocr_line' id='line_1_44' title="bbox 179 3478 2232 3535; baseline -0.001 -12"><span class='ocrx_word' id='word_1_355' title='bbox 179 3478 201 3508; x_wconf 84' lang='lat'>⁸</span> <span class='ocrx_word' id='word_1_356' title='bbox 227 3480 401 3524; x_wconf 59' lang='lat' dir='ltr'><em>Exstant</em></span> <span class='ocrx_word' id='word_1_357' title='bbox 429 3482 498 3524; x_wconf 82' lang='lat' dir='ltr'><em>hoe</em></span> <span class='ocrx_word' id='word_1_358' title='bbox 527 3484 686 3524; x_wconf 83' lang='lat' dir='ltr'><em>litteroe</em></span> <span class='ocrx_word' id='word_1_359' title='bbox 715 3485 758 3524; x_wconf 86' lang='lat' dir='ltr'><em>in</em></span> <span class='ocrx_word' id='word_1_360' title='bbox 779 3482 950 3526; x_wconf 81' lang='lat' dir='ltr'><em>Illustr.</em></span> <span class='ocrx_word' id='word_1_361' title='bbox 974 3483 1112 3526; x_wconf 87' lang='lat' dir='ltr'><em>viror.</em></span> <span class='ocrx_word' id='word_1_362' title='bbox 1137 3480 1195 3522; x_wconf 86' lang='lat' dir='ltr'><em>ad</em></span> <span class='ocrx_word' id='word_1_363' title='bbox 1226 3480 1418 3523; x_wconf 64' lang='lat' dir='ltr'><em>Reuchl.</em></span> <span class='ocrx_word' id='word_1_364' title='bbox 1441 3494 1542 3534; x_wconf 87' lang='lat' dir='ltr'><em>epp.</em></span> <span class='ocrx_word' id='word_1_365' title='bbox 1567 3480 1808 3535; x_wconf 79' lang='lat' dir='ltr'><em>Hagenoae</em></span> <span class='ocrx_word' id='word_1_366' title='bbox 1843 3479 1966 3524; x_wconf 82' lang='lat'>1519.</span> <span class='ocrx_word' id='word_1_367' title='bbox 1998 3479 2061 3523; x_wconf 83' lang='lat'><em>4⁰.</em></span> <span class='ocrx_word' id='word_1_368' title='bbox 2093 3490 2232 3535; x_wconf 80' lang='lat' dir='ltr'><em>pagg.</em></span> 
     </span>
     <span class='ocr_line' id='line_1_45' title="bbox 103 3540 2233 3607; baseline -0.002 -14"><span class='ocrx_word' id='word_1_369' title='bbox 103 3540 231 3606; x_wconf 25' lang='lat' dir='ltr'><em>mulii,</em></span> <span class='ocrx_word' id='word_1_370' title='bbox 259 3554 325 3595; x_wconf 71' lang='lat' dir='ltr'><em>sic</em></span> <span class='ocrx_word' id='word_1_371' title='bbox 343 3554 593 3607; x_wconf 77' lang='lat' dir='ltr'><em>inscriptoe:</em></span> <span class='ocrx_word' id='word_1_372' title='bbox 623 3554 843 3594; x_wconf 80' lang='lat' dir='ltr'><em>Deeanus</em></span> <span class='ocrx_word' id='word_1_373' title='bbox 866 3554 1121 3606; x_wconf 82' lang='lat' dir='ltr'><em>eoeterique</em></span> <span class='ocrx_word' id='word_1_374' title='bbox 1153 3554 1438 3606; x_wconf 78' lang='lat' dir='ltr'><em>professores</em></span> <span class='ocrx_word' id='word_1_375' title='bbox 1462 3552 1704 3593; x_wconf 77' lang='lat' dir='ltr'><em>facultatis</em></span> <span class='ocrx_word' id='word_1_376' title='bbox 1726 3551 2039 3607; x_wconf 82' lang='lat' dir='ltr'><em>Theologicoe‚</em></span> <span class='ocrx_word' id='word_1_377' title='bbox 2077 3548 2233 3592; x_wconf 74' lang='lat' dir='ltr'><em>Gfialis</em></span> 
     </span>
     <span class='ocr_line' id='line_1_46' title="bbox 143 3618 2232 3678; baseline -0.001 -14"><span class='ocrx_word' id='word_1_378' title='bbox 143 3618 149 3630; x_wconf 78' lang='lat'><strong>⁴</strong></span> <span class='ocrx_word' id='word_1_379' title='bbox 177 3621 211 3664; x_wconf 84' lang='lat' dir='ltr'><em>il</em></span> <span class='ocrx_word' id='word_1_380' title='bbox 241 3622 529 3666; x_wconf 83' lang='lat' dir='ltr'><em>Coloniensis</em></span> <span class='ocrx_word' id='word_1_381' title='bbox 559 3623 877 3678; x_wconf 83' lang='lat' dir='ltr'><em>Imperialium</em></span> <span class='ocrx_word' id='word_1_382' title='bbox 908 3624 1084 3678; x_wconf 82' lang='lat' dir='ltr'><em>Legum</em></span> <span class='ocrx_word' id='word_1_383' title='bbox 1116 3624 1334 3676; x_wconf 83' lang='lat' dir='ltr'><em>Doctori,</em></span> <span class='ocrx_word' id='word_1_384' title='bbox 1373 3623 1471 3664; x_wconf 90' lang='lat' dir='ltr'><em>DN.</em></span> <span class='ocrx_word' id='word_1_385' title='bbox 1496 3623 1692 3664; x_wconf 82' lang='lat' dir='ltr'><em>Iohanni</em></span> <span class='ocrx_word' id='word_1_386' title='bbox 1723 3622 1950 3664; x_wconf 84' lang='lat' dir='ltr'><em>Reuchlin</em></span> <span class='ocrx_word' id='word_1_387' title='bbox 1982 3623 2232 3663; x_wconf 81' lang='lat' dir='ltr'><em>Sueuorum</em></span> 
     </span>
     <span class='ocr_line' id='line_1_47' title="bbox 150 3693 2227 3748; baseline -0.002 -12"><span class='ocrx_word' id='word_1_388' title='bbox 150 3693 491 3737; x_wconf 62' lang='lat' dir='ltr'><em>&#39;foederationis</em></span> <span class='ocrx_word' id='word_1_389' title='bbox 522 3695 685 3746; x_wconf 81' lang='lat' dir='ltr'><em>Indici,</em></span> <span class='ocrx_word' id='word_1_390' title='bbox 718 3695 914 3736; x_wconf 79' lang='lat' dir='ltr'><em>moranti</em></span> <span class='ocrx_word' id='word_1_391' title='bbox 937 3694 1230 3748; x_wconf 66' lang='lat' dir='ltr'><em>Stutgardhn,</em></span> <span class='ocrx_word' id='word_1_392' title='bbox 1265 3694 1355 3735; x_wconf 84' lang='lat' dir='ltr'><em>sibi</em></span> <span class='ocrx_word' id='word_1_393' title='bbox 1387 3694 1651 3735; x_wconf 82' lang='lat' dir='ltr'><em>venerando</em></span> <span class='ocrx_word' id='word_1_394' title='bbox 1684 3698 1784 3747; x_wconf 65' lang='lat' dir='ltr'><em>21th</em></span> <span class='ocrx_word' id='word_1_395' title='bbox 1815 3693 1985 3735; x_wconf 80' lang='lat' dir='ltr'><em>dilecto</em></span> <span class='ocrx_word' id='word_1_396' title='bbox 2008 3693 2227 3743; x_wconf 81' lang='lat' dir='ltr'><em>Salutem,</em></span> 
     </span>
     <span class='ocr_line' id='line_1_48' title="bbox 128 3762 2228 3821; baseline -0.001 -15"><span class='ocrx_word' id='word_1_397' title='bbox 128 3764 336 3821; x_wconf 60' lang='lat' dir='ltr'><em>Spiritum</em></span> <span class='ocrx_word' id='word_1_398' title='bbox 358 3765 682 3819; x_wconf 72' lang='lat' dir='ltr'><em>intelligentiae</em></span> <span class='ocrx_word' id='word_1_399' title='bbox 716 3778 891 3810; x_wconf 84' lang='lat' dir='ltr'><em>sanum.</em></span> <span class='ocrx_word' id='word_1_400' title='bbox 954 3766 1065 3807; x_wconf 82' lang='lat' dir='ltr'><em>Fuit</em></span> <span class='ocrx_word' id='word_1_401' title='bbox 1095 3772 1138 3807; x_wconf 90' lang='lat' dir='ltr'><em>et</em></span> <span class='ocrx_word' id='word_1_402' title='bbox 1157 3780 1193 3807; x_wconf 88' lang='lat' dir='ltr'><em>c.</em></span> <span class='ocrx_word' id='word_1_403' title='bbox 1281 3764 1299 3790; x_wconf 85' lang='lat'>⁷</span> <span class='ocrx_word' id='word_1_404' title='bbox 1330 3762 1574 3819; x_wconf 80' lang='lat' dir='ltr'><em>tractatus]</em></span> <span class='ocrx_word' id='word_1_405' title='bbox 1610 3764 1794 3806; x_wconf 85' lang='lat' dir='ltr'><em>libellus</em></span> <span class='ocrx_word' id='word_1_406' title='bbox 1816 3769 1858 3806; x_wconf 85' lang='lat'><em>2.</em></span> <span class='ocrx_word' id='word_1_407' title='bbox 1948 3766 1965 3790; x_wconf 69' lang='grc' dir='ltr'>Β</span> <span class='ocrx_word' id='word_1_408' title='bbox 1995 3763 2165 3805; x_wconf 86' lang='lat' dir='ltr'><em>nomini</em></span> <span class='ocrx_word' id='word_1_409' title='bbox 2187 3765 2228 3803; x_wconf 91' lang='lat'><em>2.</em></span> 
     </span>
     <span class='ocr_line' id='line_1_49' title="bbox 121 3823 2228 3890; baseline -0.003 -12"><span class='ocrx_word' id='word_1_410' title='bbox 121 3823 521 3890; x_wconf 56' lang='lat' dir='ltr'><em>fixaminandumqj</em></span> <span class='ocrx_word' id='word_1_411' title='bbox 541 3839 584 3878; x_wconf 87' lang='lat'><em>2.</em></span> <span class='ocrx_word' id='word_1_412' title='bbox 683 3835 719 3864; x_wconf 88' lang='lat'><em>¹⁰</em></span> <span class='ocrx_word' id='word_1_413' title='bbox 750 3837 1061 3879; x_wconf 68' lang='lat' dir='ltr'><em>cbchristiano</em></span> <span class='ocrx_word' id='word_1_414' title='bbox 1094 3850 1176 3878; x_wconf 90' lang='lat' dir='ltr'><em>nro</em></span> <span class='ocrx_word' id='word_1_415' title='bbox 1197 3840 1240 3877; x_wconf 84' lang='lat'><em>2.</em></span> <span class='ocrx_word' id='word_1_416' title='bbox 1340 3834 1376 3862; x_wconf 85' lang='lat'><em>¹⁸</em></span> <span class='ocrx_word' id='word_1_417' title='bbox 1405 3835 1564 3878; x_wconf 85' lang='lat' dir='ltr'><em>libello</em></span> <span class='ocrx_word' id='word_1_418' title='bbox 1587 3839 1628 3878; x_wconf 89' lang='lat'><em>2.</em></span> <span class='ocrx_word' id='word_1_419' title='bbox 1730 3835 1763 3861; x_wconf 75' lang='lat'><em>¹⁸</em></span> <span class='ocrx_word' id='word_1_420' title='bbox 1793 3835 1868 3876; x_wconf 86' lang='lat' dir='ltr'><em>hic</em></span> <span class='ocrx_word' id='word_1_421' title='bbox 1901 3834 2049 3886; x_wconf 77' lang='lat' dir='ltr'><em>illicq3</em></span> <span class='ocrx_word' id='word_1_422' title='bbox 2071 3846 2228 3874; x_wconf 84' lang='lat' dir='ltr'><em>oecur—</em></span> 
     </span>
     <span class='ocr_line' id='line_1_50' title="bbox 149 3903 2225 3962; baseline -0.003 -14"><span class='ocrx_word' id='word_1_423' title='bbox 149 3916 174 3948; x_wconf 78' lang='lat' dir='ltr'><em>e</em></span> <span class='ocrx_word' id='word_1_424' title='bbox 193 3908 236 3948; x_wconf 91' lang='grc'><em>2.</em></span> <span class='ocrx_word' id='word_1_425' title='bbox 320 3907 359 3934; x_wconf 83' lang='lat'><em>²⁰</em></span> <span class='ocrx_word' id='word_1_426' title='bbox 388 3913 575 3950; x_wconf 81' lang='lat' dir='ltr'><em>urentes</em></span> <span class='ocrx_word' id='word_1_427' title='bbox 604 3908 780 3950; x_wconf 82' lang='lat' dir='ltr'><em>urticas</em></span> <span class='ocrx_word' id='word_1_428' title='bbox 812 3913 892 3949; x_wconf 78' lang='lat' dir='ltr'><em>aut</em></span> <span class='ocrx_word' id='word_1_429' title='bbox 919 3910 1036 3949; x_wconf 83' lang='lat' dir='ltr'><em>omis.</em></span> <span class='ocrx_word' id='word_1_430' title='bbox 1060 3910 1101 3949; x_wconf 88' lang='lat'><em>2.</em></span> <span class='ocrx_word' id='word_1_431' title='bbox 1190 3906 1227 3933; x_wconf 78' lang='lat'><em>²⁶</em></span> <span class='ocrx_word' id='word_1_432' title='bbox 1258 3907 1469 3962; x_wconf 84' lang='lat' dir='ltr'><em>inprimis</em></span> <span class='ocrx_word' id='word_1_433' title='bbox 1501 3908 1618 3949; x_wconf 83' lang='lat' dir='ltr'><em>omis.</em></span> <span class='ocrx_word' id='word_1_434' title='bbox 1641 3909 1681 3947; x_wconf 90' lang='grc'><em>2.</em></span> <span class='ocrx_word' id='word_1_435' title='bbox 1773 3904 1808 3931; x_wconf 84' lang='lat'><em>³⁰</em></span> <span class='ocrx_word' id='word_1_436' title='bbox 1840 3906 2019 3946; x_wconf 82' lang='lat' dir='ltr'><em>faciunt</em></span> <span class='ocrx_word' id='word_1_437' title='bbox 2039 3925 2095 3934; x_wconf 93' lang='lat'>—</span> <span class='ocrx_word' id='word_1_438' title='bbox 2115 3903 2225 3944; x_wconf 87' lang='lat' dir='ltr'><em>scri-</em></span> 
     </span>
     <span class='ocr_line' id='line_1_51' title="bbox 76 3977 995 4037; baseline 0.001 -19"><span class='ocrx_word' id='word_1_439' title='bbox 76 4035 78 4037; x_wconf 10' lang='lat'>&gt;</span> <span class='ocrx_word' id='word_1_440' title='bbox 156 3981 260 4020; x_wconf 82' lang='lat' dir='ltr'><em>runt</em></span> <span class='ocrx_word' id='word_1_441' title='bbox 278 3981 321 4022; x_wconf 90' lang='grc'><em>2.</em></span> <span class='ocrx_word' id='word_1_442' title='bbox 408 3978 444 4006; x_wconf 80' lang='lat'><em>³²</em></span> <span class='ocrx_word' id='word_1_443' title='bbox 465 3977 705 4034; x_wconf 79' lang='lat' dir='ltr'><em>quasdam]</em></span> <span class='ocrx_word' id='word_1_444' title='bbox 739 3980 922 4033; x_wconf 87' lang='lat' dir='ltr'><em>quidem</em></span> <span class='ocrx_word' id='word_1_445' title='bbox 953 3982 995 4019; x_wconf 87' lang='grc'><em>2.</em></span> 
     </span>
    </p>
   </div>
  </div>
 </body>
</html>
