2456 4264
257 221 375 277 272
842 243 1078 270 nms'ronAE
1101 241 1405 269 OBSCVRORVM
1427 241 1639 269 vmonvu
1661 240 1806 270 novin.

258 380 305 423 et
341 373 413 422 sui
439 371 868 435 Philocapniones,
909 370 954 418 id
995 375 1067 418 est
1104 369 1209 418 Filii
1249 368 1476 418 Iohannis
1512 366 1764 424 Reuchlin,
1803 367 2031 418 fecerunt
2066 369 2293 417 iniuriam
2318 368 2393 418 Io-

257 459 404 506 hanni
444 454 774 510 I‘felferkorn,
815 455 898 517 qui
937 453 1152 503 defendit
1190 470 1242 502 se
1282 459 1328 502 et
1366 453 1560 516 scripsit
1597 453 1866 501 veritatem.
1940 454 2000 502 Et
2036 454 2240 515 ipsemet
2276 454 2451 516 Ρθιὶιζ
2420 480 2456 489 ψ»

257 541 384 605 quod
435 540 669 587 moiiatur
716 539 755 586 si
801 537 876 586 vel
924 539 1176 586 minimum
1231 538 1538 586 mendacium
1587 538 1818 600 scripsit,
1866 536 2096 593 Quamvis
2143 536 2443 621 Ρ531ῐηί5ιειέ

255 626 369 673 dicit
418 623 602 673 ‘Omnis
650 622 797 670 homo
845 620 1084 670 mendax'.
1161 621 1262 670 Nec
1310 621 1457 671 debet
1503 621 1699 670 obstare
1747 621 1876 685 quod
1915 620 2158 671 Iohannes
2194 614 2447 672 Pfeffer-i‘

254 709 377 757 korn
426 709 475 756 in
527 706 752 771 nequitiis
800 711 847 754 et
892 705 1177 754 criminibus
1225 721 1249 753 a
1298 705 1474 768 puerili
1521 705 1676 769 proch
1726 705 1866 754 dolor
1913 710 2040 754 etate
2088 704 2156 770 (ut
2193 686 2456 836 ipsemet}

255 793 422 842 scribit
458 794 505 840 in
545 791 828 841 defensione
866 806 951 840 sua
991 796 1159 839 contra
1199 789 1446 856 Famosas)
1498 792 1790 840 exercitatus
1839 797 1926 839 est.
2003 789 2123 848 Quia
2162 790 2276 840 licet
2312 790 2396 840 ali·

258 880 366 943 quis
406 878 549 926 etiam
589 892 678 941 per
715 876 915 940 longum
954 882 1146 939 tempus
1185 876 1244 923 sit
1282 873 1437 923 malus
1476 881 1523 924 et
1560 877 1887 940 nequitiosuS‚
1937 880 2098 923 tamen
2147 874 2272 925 bene
2310 876 2416 931 ite-y
2452 883 2456 929 ἶ

258 979 369 1012 rum
407 967 567 1026 potest
603 962 709 1011 fieri
747 961 956 1026 probus:
997 962 1067 1010 sic
1105 961 1182 1024 pie
1222 959 1522 1008 credendum
1561 966 1633 1009 est
1658 959 1718 1008 de
1745 959 1960 1008 Iohanne
1986 958 2290 1008 Pfelferkorn
2319 961 2419 1025 qui'

256 1053 574 1112 regeneratus
613 1052 687 1096 est
723 1062 813 1110 per
851 1047 1053 1110 gratiam
1093 1046 1447 1110 spiritussancti
1473 1044 1717 1093 mediante
1741 1043 2009 1108 baptismo:
2051 1049 2098 1094 et
2125 1060 2243 1109 ergo
2269 1037 2419 1095 nunc'

258 1139 331 1182 est
366 1130 553 1196 probus
591 1132 716 1180 sicut
754 1146 852 1178 non
891 1130 1072 1179 dubito.
1148 1131 1207 1179 Et
1243 1129 1460 1178 manebit
1497 1129 1799 1179 Christianus
1836 1143 1991 1193 usque
2039 1129 2098 1178 ad
2139 1130 2283 1178 finem
2321 1147 2414 1194 ses
2451 1190 2456 1195 ·

257 1217 367 1267 culi.
442 1217 597 1266 Etiam
635 1214 849 1264 intellexi
888 1215 1015 1279 quod
1057 1215 1252 1279 quidam
1291 1214 1426 1263 valde
1464 1214 1710 1263 infamavit
1749 1229 1833 1262 vos
1869 1213 2052 1277 ubique
2079 1213 2245 1263 dicens
2271 1215 2399 1279 quod
2447 1218 2456 1266 ‘T

259 1303 374 1353 estis
412 1301 536 1350 filius
573 1299 834 1364 presbiteri
872 1306 919 1349 et
955 1315 1052 1348 non
1080 1301 1195 1349 estis
1222 1299 1500 1362 legittimus,
1576 1299 1726 1348 Miror
1762 1300 1883 1348 istos
1907 1297 2122 1348 ribaldos
2147 1299 2438 1369 quodum-124

256 1387 439 1436 habent
475 1385 818 1435 verecundiam
858 1390 906 1434 et
931 1392 1044 1434 sunt
1069 1385 1130 1433 ita
1159 1385 1382 1438 audaces,
1459 1385 1642 1434 Tamen
1669 1383 1860 1433 habetis
1885 1383 2071 1433 litteras
2095 1383 2404 1448 legitimatio«
2449 1371 2456 1390 ³

257 1473 333 1521 nis
370 1477 545 1534 vestre.
621 1470 751 1532 Ergo
799 1468 970 1519 vellem
1021 1485 1105 1518 eos
1153 1470 1303 1518 citare
1351 1469 1433 1533 qui
1480 1469 1648 1518 dicunt
1684 1468 1813 1518 talia.
1889 1468 1949 1517 Et
1986 1482 2108 1532 rogo
2147 1484 2232 1517 vos
2270 1470 2400 1534 quod
2440 1454 2456 1518 ,7⁴

255 1558 306 1604 in
345 1557 497 1606 Causa
535 1555 648 1604 fidei
685 1554 842 1604 velitis
879 1554 1062 1603 habere
1110 1568 1335 1616 magnam
1376 1553 1699 1618 diligentiam,
1749 1554 1880 1618 quod
1919 1552 2000 1602 ille
2038 1553 2285 1618 hereticus
2322 1571 2376 1604 ea
2449 1595 2452 1607 2

258 1641 317 1689 ad
355 1639 626 1705 patibulum
665 1645 712 1689 et
749 1641 819 1688 sic
856 1638 1034 1689 Valete.
1112 1639 1287 1688 Datum
1329 1637 1618 1703 Wormacie.

1276 1875 1362 1935 55.
2398 1886 2435 1944 ..ᾗ

683 2002 724 2049 (I
767 1991 1144 2073 Magister
1191 1991 1608 2076 Sylvester
1647 1992 1967 2056 Gricius
2394 1963 2456 2062 χῖςνι·

853 2105 1186 2175 Magistro
1225 2105 1509 2160 Ortvino
1548 2105 1802 2160 Gratio.
2014 2096 2023 2100 ⁷
2383 1991 2435 2194 Ξ

392 2221 831 2286 Quoniamquidem
859 2237 948 2286 ego
976 2237 1082 2271 sum
1110 2224 1300 2272 iuratus
1327 2222 1457 2287 quod
1486 2221 1593 2272 volo
1619 2223 1884 2274 defendere
1910 2222 2189 2273 facultatem
2218 2215 2445 2298 meam&

253 2314 299 2357 et
336 2322 627 2371 promovere
667 2309 770 2357 eius
808 2306 1059 2356 utilitatem
1100 2308 1149 2356 in
1178 2307 1429 2357 omnibus:
1470 2309 1600 2372 Ergo
1626 2307 1735 2357 volo
1763 2308 1898 2358 vobis
1923 2308 2250 2359 articulariter
2275 2311 2429 2381 scri-32

252 2392 370 2441 bere
411 2392 494 2455 qui
530 2399 644 2441 sunt
680 2392 760 2440 hic
798 2393 881 2456 qui
918 2393 1082 2441 favent
1117 2391 1357 2456 theologis
1396 2399 1444 2442 et
1481 2395 1566 2458 qui
1602 2393 1766 2443 favent
1803 2393 2004 2443 Iohanni
2041 2393 2306 2452 Reuchlin,
2345 2398 2431 2478 uta?

253 2478 423 2526 dicatis
461 2476 723 2541 Theologis
773 2477 901 2542 quod
949 2485 1152 2541 possent
1189 2493 1241 2527 se
1279 2478 1494 2542 dirigere
1533 2478 1804 2528 secundum
1844 2478 1952 2527 hoc:
2028 2479 2245 2529 Primum
2284 2483 2407 2539 sunt

253 2562 447 2627 quidam
486 2561 848 2612 Commensales
893 2563 944 2610 in
991 2560 1217 2627 hospitio
1242 2562 1430 2627 Corone
1476 2565 1557 2628 qui
1606 2578 1802 2629 semper
1840 2563 2024 2613 faciunt
2059 2579 2274 2614 summas
2310 2572 2414 2629 nefft

253 2649 425 2712 quitias
471 2647 712 2711 Magistris
757 2648 936 2696 nostris
985 2654 1032 2697 et
1078 2647 1311 2698 fratribus
1367 2647 1428 2698 de
1479 2648 1661 2699 Ordine
1715 2649 2107 2713 predicatorum,
2164 2649 2320 2699 facien

253 2732 381 2796 quod
420 2747 563 2782 nemo
603 2734 652 2780 in
689 2735 783 2781 isto
821 2732 1032 2796 hospitio
1072 2732 1152 2781 dat
1176 2732 1515 2799 Elemosynam
1542 2733 1950 2798 predicatoribus.
2026 2734 2130 2797 Ego
2168 2735 2270 2784 scio
2307 2730 2417 2800 nufias

250 2818 380 2865 mina
429 2816 732 2881 aliquorum:
784 2832 911 2867 unus
958 2823 1157 2867 vocatur
1202 2818 1432 2881 Magister
1469 2818 1724 2883 Philippus
1761 2818 2021 2875 Keilbach‚
2071 2819 2154 2883 qui
2201 2810 2406 2900 sempe}

250 2901 467 2973 loquitur
505 2902 565 2951 de
603 2901 841 2952 Reuchlin
881 2903 1231 2952 commendans
1271 2918 1405 2959 eum,
1457 2909 1504 2952 et
1551 2903 1701 2954 semel
1739 2904 1966 2973 Magister
2015 2909 2183 2954 noster
2220 2904 2401 2974 petru*

251 2987 412 3051 Meyer
452 2986 688 3049 plebanus
725 2989 775 3036 in
801 2986 1154 3036 Franckfordia
1194 2987 1327 3036 (ledit
1365 2988 1407 3036 ei
1446 2987 1625 3037 bonam
1664 2985 1960 3046 scommam;
1999 3003 2126 3037 unus
2162 2983 2413 3057 Ulrichug⁴

252 3070 311 3119 de
348 3071 527 3120 Hutten
565 3073 646 3135 qui
685 3077 758 3121 est
797 3072 932 3122 valde
969 3071 1208 3128 bestialiS,
1259 3074 1341 3137 qui
1388 3072 1539 3122 semel
1577 3073 1718 3130 dixit,
1770 3074 1808 3122 si
1848 3075 2023 3123 fratres
2061 3055 2422 3137 predicatores]

253 3156 474 3204 facerent
519 3155 612 3204 sibi
661 3156 791 3205 illam
829 3157 1060 3207 Iniuriam
1110 3173 1254 3222 quam
1302 3157 1486 3206 faciunt
1530 3157 1737 3207 Iohanni
1785 3157 2047 3216 Reuchlin,
2097 3159 2202 3222 ipse
2247 3156 2390 3227 velle}

252 3239 357 3287 fieri
394 3239 619 3288 inimicus
658 3257 827 3290 eorum
868 3247 915 3291 et
951 3241 1233 3306 ubicunque
1270 3242 1513 3306 reperiret
1548 3257 1702 3292 unum
1739 3243 2033 3292 monachum
2072 3242 2132 3291 de
2170 3242 2263 3291 hoc
2301 3241 2414 3307 0332*

253 3322 389 3379 dine,
438 3329 555 3372 tunc
602 3325 744 3375 vellet
791 3328 833 3375 ei
880 3332 1135 3391 amputare
1184 3341 1356 3376 nasum
1397 3332 1444 3376 et
1481 3342 1639 3377 aures.
1715 3328 1811 3378 Iste
1848 3329 1992 3377 etiam
2029 3326 2179 3377 habet
2215 3325 2391 3388 multoe

253 3408 434 3456 amicos
481 3408 528 3455 in
568 3408 708 3458 Curia
758 3412 973 3475 episcopi
1022 3413 1105 3476 qui
1155 3412 1299 3461 etiarn
1346 3412 1472 3462 bene
1520 3413 1682 3462 favent
1727 3413 1931 3462 Iohanni
1967 3411 2222 3462 Reuchlin.
2297 3395 2390 3479 Sed

365 3589 378 3615 ¹
410 3590 476 3632 Io.
500 3591 551 3630 R.
578 3593 618 3630 4.
650 3591 713 3630 Io.
738 3592 876 3632 Rene.
900 3597 940 3633 5.
1021 3595 1223 3635 fecerrfit
1245 3598 1283 3636 4.
1363 3593 1410 3620 ¹·²
1439 3597 1505 3636 Io.
1530 3599 1570 3636 4.
1602 3597 1731 3639 Ioan.
1752 3596 1940 3639 Pfeffer.
1961 3600 2001 3637 5.
2080 3595 2098 3622 ³
2127 3595 2323 3637 mfzdatifi
2344 3594 2385 3636 4.

252 3659 269 3685 ⁴
299 3661 365 3701 10.
389 3660 521 3703 Pseff.
545 3663 584 3702 4.
616 3661 743 3700 Ioan.
767 3662 953 3705 Pfeffer.
975 3667 1015 3705 5.
1103 3663 1119 3688 5
1151 3664 1384 3706 Criminib)
1404 3669 1444 3707 4.
1534 3667 1672 3708 Etate
1695 3670 1735 3708 4.
1823 3667 1839 3692 ⁸
1868 3668 1933 3708 Io.
1955 3667 2088 3708 Pfeff.
2111 3670 2152 3708 4.
2185 3668 2249 3707 Io.
2271 3667 2323 3706 P.
2343 3666 2383 3705 5.

255 3731 290 3757 ¹⁰
321 3745 345 3771 e
377 3733 418 3770 4.
450 3744 476 3784 e
507 3735 548 3771 5.
627 3730 660 3756 ¹²
690 3732 942 3784 pzefbyteri
972 3737 1011 3772 5.
1082 3731 1114 3757 ¹3
1146 3732 1238 3774 lias
1270 3739 1310 3775 4.
1325 3740 1364 3776 5.
1437 3733 1468 3761 ¹⁴
1500 3749 1523 3776 e
1556 3740 1596 3776 4.
1629 3751 1654 3790 e
1677 3741 1716 3778 5.
1788 3735 1820 3762 ¹⁵
1852 3751 1875 3777 e
1899 3740 1940 3780 4.
1971 3751 1996 3790 e
2018 3740 2058 3777 5.
2128 3736 2164 3763 ¹⁶
2193 3736 2322 3777 Vale.
2342 3736 2382 3776 5.

368 3800 400 3826 ¹⁸
429 3801 489 3841 M.
515 3804 553 3844 4.
567 3805 605 3842 5.
686 3800 720 3827 ¹⁹
751 3802 810 3841 M.
834 3804 872 3842 4.
887 3807 927 3844 5.
1003 3800 1039 3827 ²²
1070 3803 1231 3843 Ioanni
1259 3806 1371 3845 Reu.
1396 3808 1435 3845 4.
1515 3804 1550 3830 '²⁶
1581 3820 1604 3846 e
1638 3810 1678 3847 4.
1710 3821 1735 3860 e
1767 3811 1807 3848 5.
1896 3805 1932 3832 ²⁷
1958 3823 1968 3848 :
1997 3807 2085 3857 Qui
2116 3810 2156 3847 4.
2192 3839 2201 3848 .
2226 3806 2382 3856 Qui&

252 3871 289 3898 2²3
319 3873 378 3913 M.
400 3868 464 3911 nr.
491 3874 532 3911 4.
619 3871 654 3897 ²⁹
684 3872 1012 3925 Franegfoedia
1043 3877 1081 3913 5.
1170 3873 1202 3900 ³¹
1237 3875 1399 3915 Ioanni
1430 3880 1470 3918 5.
1558 3874 1595 3901 ³4
1624 3877 1688 3917 Io.
1713 3880 1752 3920 4.
1782 3878 1908 3920 Ioan.
1929 3878 2070 3918 Rene.
2094 3882 2134 3919 5.
