2456 4264
45 1203 88 1238 lo

49 1639 88 1672 15

11 2478 88 2530 >τις

347 320 518 351 ORATIO
539 323 770 351 FVNEBBIS
792 323 841 351 IN
863 322 1050 352 LAvmffl
1074 322 1263 351 IOANNIS
1284 323 1515 351 CERDONIS
1539 323 1576 351 S.
1598 322 1897 352 VADEMECVM.
1921 321 2022 350 ETC.
2141 294 2263 355 459

885 455 1128 518 Questio
1166 455 1484 503 Iuristalis.

226 555 323 598 οὔ·
357 555 517 602 Utrum
554 555 781 612 Quattuor
817 571 957 617 grana
995 557 1190 618 luniperi

357 626 563 673 Proiecta
600 627 654 672 ad
691 627 843 674 culum
881 628 996 674 asini

357 697 456 743 Sint
492 698 792 745 confortativa
827 699 1011 746 Cerebri

359 769 509 831 lpsius
546 769 890 818 melancholici?

884 883 1131 947 Questio
1169 885 1495 931 luristalis.

223 983 317 1026 ὒ-
355 983 513 1030 Utrum
550 984 879 1045 Apothecarius
916 985 1027 1032 dans
1064 987 1162 1031 sine
1200 984 1392 1031 consilio
1431 984 1590 1030 medici

355 1053 471 1111 Quid
507 1070 591 1117 pro
631 1071 745 1116 quo,
784 1057 983 1102 merdam
1020 1071 1103 1117 pro
1140 1055 1367 1106 balsamo,

353 1125 518 1172 Album
554 1141 742 1188 grecum
778 1143 864 1189 pro
903 1142 1083 1179 musco,
1123 1140 1300 1174 omnem
1339 1126 1522 1172 herbam
1560 1142 1643 1187 pro
1684 1127 1988 1179 roremarino,

356 1196 510 1259 Neque
546 1198 704 1258 legens
743 1212 890 1260 neque
926 1197 1187 1259 intelligens
1227 1212 1337 1244 suos
1375 1197 1518 1244 libros

357 1269 514 1316 Possit
534 1268 648 1316 -fieri
685 1269 824 1332 alipta
862 1285 915 1316 ac
950 1269 1099 1316 bonus
1137 1270 1395 1331 practicus?

846 1382 1096 1445 Questio
1136 1383 1520 1430 Medicinalis.

223 1483 319 1526 κΐ·
355 1483 512 1530 Utrum
550 1482 700 1529 nudus
737 1499 838 1530 cum
875 1484 1014 1535 nuda,
1055 1483 1188 1530 Solus
1226 1497 1327 1530 cum
1367 1483 1486 1534 sola,

353 1554 460 1600 Sine
495 1554 656 1616 caligis
693 1562 740 1601 et
777 1555 873 1601 sine
909 1570 1068 1616 praeit,

354 1625 580 1673 Habentes
618 1639 712 1672 rem
750 1626 797 1672 in
834 1641 906 1679 re,
945 1626 1133 1674 Carnem
1171 1626 1217 1673 iu
1254 1641 1412 1678 carne,

353 1697 537 1745 Faciant
572 1700 963 1761 presumptionem
1000 1698 1102 1760 ipso
1141 1699 1262 1746 sacto
1300 1698 1371 1746 vel
1407 1698 1463 1745 de
1501 1698 1629 1745 iure?

839 1812 1085 1874 Questio
1125 1812 1517 1859 Medicinalis.

220 1913 317 1956 ὒ-
351 1913 511 1960 Utrum
537 1913 649 1960 Dicti
678 1927 788 1975 spey
813 1912 1006 1959 multum
1034 1913 1099 1959 vel
1127 1914 1366 1974 loquentes
1393 1911 1462 1959 vel
1487 1928 1578 1960 non
1604 1904 1764 1975 parum
1793 1914 2019 1964 dicentes,

354 1983 517 2032 Omnes
552 1985 696 2031 bonas
733 1991 852 2031 artes
889 1991 1254 2039 contemnentes,

357 2056 526 2103 Causas
563 2071 653 2103 non
693 2071 747 2104 ex
782 2056 913 2103 libris
951 2057 1031 2103 sed
1068 2056 1127 2103 ob
1164 2055 1341 2102 lucrum
1379 2056 1710 2117 prolongantes

350 2127 538 2175 Possint
573 2127 935 2190 exceptionibus,
973 2127 1343 2189 replicationibus
1381 2135 1427 2173 et
1462 2127 1844 2189 triplicationibus

353 2198 410 2246 Et
447 2199 514 2247 sic
550 2201 680 2262 quasi
720 2200 765 2246 in
802 2199 1030 2246 infinitum
1067 2199 1421 2262 procedentibus

355 2271 489 2333 Apud
524 2271 717 2318 Minoem
755 2277 802 2318 et
838 2271 1195 2318 Rhadamantum

354 2340 497 2389 Suum
533 2342 701 2390 habere
738 2343 1076 2390 defensoriam?

834 2455 1080 2519 Questio
1118 2456 1537 2504 TheoloicaliS.

223 2557 320 2601 αἳ·
354 2557 512 2605 Utrum
549 2555 679 2605 Secta
718 2558 987 2611 Gnatonica,

354 2627 451 2691 Que
490 2630 538 2676 in
574 2635 675 2676 toto
715 2629 824 2677 orbe
863 2637 934 2676 est
970 2630 1183 2681 maxima,

352 2700 585 2763 Ditarique
621 2701 913 2763 cupientibus
951 2700 1285 2763 amplectenda,

353 2772 569 2820 Discenda
605 2779 652 2819 et
688 2772 1015 2829 exosculanda,

357 2843 427 2891 Sit
461 2850 655 2907 propter
691 2845 817 2893 lucra
855 2845 1114 2891 huberrima

358 2915 576 2963 Omnibus
615 2918 753 2964 sectis
790 2915 1170 2978 philosophorum
1210 2916 1508 2978 preferenda?

902 3029 1147 3092 Questio
1186 3030 1472 3092 Loycaiis.

221 3129 318 3174 οῦ·
351 3128 450 3192 Qut}
486 3136 558 3177 est
594 3130 709 3178 ratio
749 3131 870 3192 quod
907 3133 1138 3178 nominum
1177 3130 1348 3178 Genera

279 3235 284 3238 -
354 3202 392 3247 A
428 3202 711 3264 proprietate
748 3217 902 3249 rerum
942 3210 1146 3264 sumpta,

356 3272 414 3320 Ut
450 3272 679 3320 subtiliter
713 3273 879 3320 docent
914 3274 1105 3335 Modiste

354 3342 410 3390 Et
446 3345 591 3391 nostri
628 3344 963 3406 Alexandriste,

356 3413 539 3462 Scilicet
576 3416 865 3462 Masculinum
905 3416 960 3462 ab
998 3418 1149 3463 Activa

357 3485 412 3532 Et
447 3485 728 3533 Femininum
766 3501 790 3532 a
827 3487 1031 3546 Passiva‚

356 3558 542 3604 Cunnus
580 3564 728 3605 tamen
768 3559 828 3604 sit
867 3558 1047 3620 generis
1085 3557 1321 3606 masculini

360 3628 414 3675 Et
451 3628 648 3676 Mentula
684 3631 865 3691 generis
903 3629 1135 3676 feminini?

218 3808 390 3838 ¹·⁸·¹2¹⁷
419 3810 497 3853 Sic
529 3810 678 3853 editus
708 3815 755 3853 et
776 3811 869 3853 MS.
891 3811 1023 3854 liber.
1082 3811 1101 3838 ²
1131 3813 1337 3864 Quatuor
1366 3816 1449 3855 MS.
1510 3812 1528 3839 ⁷
1557 3813 1829 3874 Apotecarif)
1850 3816 1934 3854 MS.
1995 3810 2029 3839 ¹²
2059 3811 2201 3863 meniu
2223 3814 2263 3852 1.

106 3876 143 3907 ¹⁴
170 3879 333 3936 proca]
371 3882 401 3923 i.
426 3895 467 3923 e.
490 3882 658 3935 braca,
692 3882 854 3927 Hosen,
972 3880 1006 3909 ¹⁸
1044 3883 1249 3937 Dictispm)
1288 3886 1430 3929 multfi
1468 3888 1533 3929 net
1571 3882 1717 3943 [uibar
1757 3888 1795 3927 1.
1838 3887 1954 3939 Spcy
1984 3884 2015 3927 i.
2048 3896 2084 3925 c.
2115 3895 2260 3925 vome·

106 3951 235 3995 Istud
264 3949 412 4008 ῑοᾷὁαν
440 3966 603 3997 vereor
632 3966 691 3995 ne
721 3966 882 4009 pamm
913 3958 1038 3997 recte
1070 3956 1359 3999 mutaverim.
