2456 4264
247 290 366 347 512
401 312 663 342 TRAc'rA'rvs
685 311 914 340 METRICVS
936 311 994 338 DE
1016 309 1305 338 WIMARIENSI
1328 309 1667 338 DISPVTATIONE
1690 310 1730 339 P.
1753 310 2007 340 AVGVSTINI
2027 309 2264 340 ALVELDII.

579 445 631 488 Et
668 456 793 488 more
831 442 1059 486 asinorum
1097 439 1290 486 dulciter
1325 454 1582 494 resonare;.

577 513 664 558 Sed
700 513 746 557 in
784 511 1014 570 theologia
1051 510 1169 556 solet
1205 510 1329 556 valde
1366 511 1530 570 frigide
1568 511 1903 571 philosophare.

685 584 743 627 At
779 596 836 627 ne
873 581 1110 627 obliviscar
1145 581 1299 626 fratris
1336 581 1652 642 respondentis

576 653 637 698 Ob
676 654 892 698 honorem
931 651 1099 697 domini
1136 652 1435 712 presidentis,

510 737 550 769 75
575 723 683 769 Nam
721 722 848 768 ambo
886 736 977 767 non
1016 729 1143 767 erant
1180 735 1287 782 sane
1323 724 1509 774 mentis,

572 793 626 838 Et
665 800 901 854 antequam
938 794 1056 838 irent
1091 792 1147 837 ad
1183 792 1559 852 disputationem,

572 865 795 910 Fecerunt
830 878 962 909 unam
1001 863 1164 909 bonam
1201 864 1612 923 compotacionem‚

573 935 629 980 Ut
665 942 853 996 possent
890 934 1099 980 audacter
1137 933 1190 978 ad
1217 933 1362 978 omnia
1401 934 1587 979 reddere
1626 934 1875 979 racionem:

574 1005 702 1061 Quod
740 1005 916 1066 quidam
954 1018 1068 1065 puer
1104 1011 1255 1049 astans
1293 1004 1404 1050 bene
1444 1003 1637 1054 notavit,

509 1090 551 1122 80
576 1074 658 1130 Qui
695 1076 798 1122 illos
836 1082 983 1136 ‘potos
1020 1074 1185 1121 asinos'
1220 1075 1415 1127 vocavit,
1587 1075 1589 1077 ’

575 1146 662 1192 Nec
699 1147 744 1192 in
782 1147 891 1198 hoc,
930 1146 1088 1197 credo,
1126 1145 1318 1191 multum
1355 1147 1567 1206 peccavit.

570 1217 626 1262 Et
661 1218 865 1263 monachi
903 1217 957 1262 de
995 1216 1297 1277 respondente
1333 1231 1423 1261 non
1459 1216 1570 1261 bene
1607 1217 1940 1276 cogitaverunt,

572 1286 697 1342 Quod
734 1290 880 1348 ipsum
917 1288 1111 1333 auritum
1148 1289 1321 1332 asinum
1358 1287 1403 1332 in
1441 1293 1659 1332 convento
1698 1286 1802 1332 sede
1838 1292 2111 1347 posuerunt,

573 1359 669 1414 Quo
708 1360 1049 1404 circumstantes
1088 1358 1142 1403 ad
1178 1359 1319 1403 risum
1355 1365 1710 1416 commoverunt.

510 1442 550 1474 85
576 1431 780 1474 Attamen
817 1429 916 1474 dico
955 1429 1076 1489 quod
1115 1436 1184 1474 est
1219 1429 1464 1474 monachus
1502 1428 1724 1489 superbus

573 1498 626 1544 Et
663 1502 707 1544 in
746 1501 864 1545 omni
902 1513 1068 1559 genere
1106 1498 1251 1546 scibili
1289 1499 1414 1545 valde
1451 1505 1716 1560 protervus,

575 1569 659 1615 Sed
696 1572 741 1615 in
783 1569 1010 1630 theologia
1047 1571 1117 1615 vix
1152 1569 1358 1615 beanitus
1397 1584 1579 1620 servus:

574 1640 668 1686 Scit
705 1640 900 1700 allegare
937 1640 1075 1686 multa
1117 1646 1163 1686 et
1198 1639 1372 1686 infinita
1408 1640 1531 1691 loca,

570 1709 665 1771 Que
701 1726 792 1756 non
828 1713 1118 1771 reperiuntur
1153 1711 1198 1755 in
1233 1710 1370 1756 biblia
1406 1718 1527 1762 tota,

508 1795 549 1827 90
572 1781 661 1827 Nec
697 1781 743 1826 in
780 1780 930 1841 aliqua
967 1783 1165 1827 omnium
1204 1782 1532 1841 scripturarum
1570 1787 1722 1841 quota.

570 1851 623 1895 Et
659 1850 766 1898 licet
804 1851 1041 1912 aliquando
1078 1851 1192 1897 bene
1229 1851 1338 1897 dixit
1373 1851 1651 1912 aliqualiter,

569 1923 778 1968 Attamen
816 1921 1086 1982 (Marquardi
1122 1920 1306 1981 iudicio)
1343 1936 1435 1967 non
1475 1922 1700 1973 totaliter,

572 1992 659 2038 Sed
695 1994 854 2054 pocius
892 1995 1116 2051 grossiter
1151 1999 1198 2039 et
1233 1993 1471 2046 ruraliter;

569 2063 672 2109 Ideo
710 2063 1001 2124 Marquardus
1039 2064 1148 2110 dixit
1185 2066 1333 2124 ipsum
1370 2065 1647 2124 hereticam,

507 2147 547 2180 95
573 2134 737 2180 Volens
775 2148 876 2180 eum
913 2136 1033 2180 inter
1068 2135 1280 2181 Picardos
1316 2149 1578 2185 numerare,

571 2205 635 2250 lta
671 2204 812 2252 voluit
850 2220 981 2252 suum
1020 2206 1192 2252 socium
1229 2205 1468 2259 infamare;

571 2276 658 2322 Sed
695 2277 783 2323 hoc
819 2277 927 2323 fecit
963 2283 1139 2323 tantum
1178 2278 1350 2328 iocose,

570 2347 689 2400 lmo,
727 2354 778 2394 ut
814 2347 963 2394 verius
1001 2348 1169 2400 dicam,
1209 2347 1400 2393 multum
1437 2346 1619 2400 dolose,

568 2420 775 2464 Attamen
812 2433 896 2465 nec
931 2418 1055 2465 valde
1092 2418 1360 2465 artificiose:

488 2502 549 2552 199
574 2488 684 2544 Quia
723 2491 1066 2536 circumstantes
1103 2491 1190 2536 hoc
1226 2489 1338 2535 bene
1375 2489 1720 2540 intellexerunt,

570 2560 624 2604 Et
659 2562 782 2621 ipsos
819 2575 922 2606 mox
959 2555 1195 2622 suspectos
1231 2559 1508 2612 habuerunt,

568 2632 715 2692 Atque
752 2646 909 2678 eorum
946 2633 1194 2678 versuciam
1230 2631 1320 2677 cito
1359 2630 1673 2677 odoraverunt.

571 2701 656 2747 Sed
692 2703 737 2748 hi
774 2703 1055 2764 disputantes
1093 2703 1417 2749 commiserunt
1453 2701 1710 2748 ambitionis
1746 2703 1916 2749 crimen
1938 2736 1949 2753 ‚

569 2772 624 2818 Et
661 2773 929 2834 disputando
966 2788 1057 2820 non
1093 2773 1372 2819 intraverunt
1410 2779 1582 2819 rectum
1621 2771 1782 2818 limen:

492 2857 553 2890 105
577 2843 680 2889 Ideo
718 2851 906 2905 propter
943 2859 1068 2890 suam
1107 2843 1362 2905 superbiam
1401 2843 1597 2890 sentient
1633 2842 1800 2890 malum
1836 2843 1996 2896 finem;

571 2914 684 2970 Quia
721 2929 810 2976 que
847 2914 902 2960 ab
938 2916 1048 2974 ipsis
1086 2917 1150 2961 sic
1186 2914 1374 2966 flebant,

569 2986 606 3030 A
642 2985 817 3033 malicia
851 2986 1028 3031 initium
1066 2985 1323 3040 sumebant,

568 3056 671 3103 Ideo
710 3049 815 3103 huic
848 3057 1039 3116 negocio
1078 3056 1233 3116 vigiles
1270 3055 1580 3107 intendebant,

570 3127 625 3172 Et
660 3127 902 3174 noluerunt
938 3127 1014 3173 diu
1051 3134 1152 3173 ante
1189 3126 1419 3188 publicare
1455 3127 1827 3187 disputationem,

498 3213 559 3246 110
582 3198 643 3242 Ne
678 3198 797 3244 sorte
835 3198 1141 3245 innotesceret
1177 3211 1258 3259 per
1296 3197 1489 3258 aliquam
1526 3198 1788 3257 regionem,

571 3267 626 3313 Et
663 3269 774 3329 ipsis
812 3275 1020 3330 vergeret
1056 3269 1102 3314 in
1139 3268 1396 3315 scandalum
1434 3275 1480 3313 et
1515 3267 1858 3314 confusionem·

574 3337 647 3383 Sic
682 3339 893 3386 volebant
928 3342 1046 3386 inter
1084 3353 1131 3385 se
1167 3338 1314 3386 solum
1351 3339 1605 3399 disputare,
1755 3393 1759 3398 Δ

573 3408 630 3453 Ut
664 3423 793 3456 nemo
830 3416 988 3471 posset
1026 3425 1183 3457 eorum
1219 3410 1532 3457 conclusiones
1569 3422 1734 3469 negare

574 3479 664 3524 Aut
700 3480 826 3540 ipsos
863 3482 908 3526 in
946 3481 1095 3542 aliquo
1135 3494 1412 3542 oppugnare.

493 3561 553 3594 115
579 3548 664 3593 Sed
699 3550 954 3597 celaverunt
990 3552 1307 3613 disputationis
1344 3558 1442 3599 acta

576 3619 752 3679 Suaque
789 3621 1008 3667 mirabilia
1045 3623 1161 3669 dicta
1198 3630 1243 3669 et
1280 3623 1420 3674 facta,

575 3689 631 3735 Ut
667 3704 691 3735 a
728 3691 833 3735 viris
870 3691 1014 3737 doctis
1051 3699 1281 3738 manerent
1316 3695 1498 3739 intacta.

575 3760 629 3806 Et
653 3760 881 3806 Alveldius
906 3761 951 3806 in
975 3763 1261 3822 peroratione
1286 3763 1370 3809 sibi
1396 3763 1711 3824 disputationis
1736 3762 2050 3810 conclusiones
2074 3761 2341 3817 reservavit,

355 3913 391 3942 ⁹⁵
418 3914 639 3958 Picardos
670 3918 716 3955 et
742 3912 966 3956 Bohemos
997 3915 1251 3967 promiscuo
1279 3913 1519 3956 haereticos
1548 3918 1641 3954 tum
1673 3914 1986 3968 appellabant.
