2456 4264
229 254 309 314 98
528 277 622 306 ῙΟΔ.
647 274 958 305 ΡΕΡΕΒῘΟΟΒΝῙ
978 273 1212 303 DEFENSIO
1234 271 1417 301 CONTRA
1437 268 1646 298 FAMOSAS
1668 270 1710 300 0.
1733 267 1775 298 V.
1799 264 2069 297 EPIS'roLAS‘.

134 551 207 605 εἰ]
482 546 523 592 (1
560 546 664 603 Hec
696 549 811 592 sunt
844 557 936 603 que
981 543 1216 601 sentiunt,
1263 546 1310 589 et
1351 541 1629 588 consultant
1673 538 1792 586 dicti
1825 537 2043 585 decanus
2076 541 2123 584 et

479 631 699 677 doctores
737 627 1002 686 facultatis
1047 626 1258 683 iuridice
1305 627 1355 672 in
1389 625 1616 686 presenti
1660 622 1871 671 materia
1909 622 2124 680 (saniori

1093 709 1276 757 iudicio
1312 710 1486 769 salvo).

367 825 686 875 Serenissime
723 836 786 871 ac
823 824 1133 871 invictissime
1167 822 1403 882 princeps
1439 826 1487 867 et
1521 819 1715 867 domine
1745 817 2112 878 studosissime,
2150 815 2375 863 humilli—

224 925 354 960 mam
390 911 728 959 subiectionem
766 921 827 955 ac
861 908 1183 955 obedientiam
1219 918 1331 953 cum
1361 905 1642 963 eratissimo
1677 900 1977 962 obsequendi
2005 899 2213 959 affectu,
2253 900 2372 947 Glo-
2389 916 2408 947 5

223 998 486 1045 riosissime
519 996 813 1055 imperator,
854 992 1059 1050 Cesaree
1096 995 1174 1049 tue
1207 990 1473 1038 maiestatis
1504 988 1765 1046 mandato,
1801 998 1896 1047 quo
1932 986 2032 1032 iam
2067 984 2266 1045 pridem
2293 983 2380 1031 tibi

224 1080 517 1142 responderi
550 1079 741 1126 voluisti
751 1114 762 1136 ,
809 1076 936 1124 Num
968 1077 1046 1124 rei
1077 1075 1272 1136 publice
1307 1073 1584 1131 Christiane
1619 1071 1859 1133 expediat
1885 1069 2057 1127 Iudeis
2093 1068 2243 1116 libros
2277 1081 2378 1115 au-

220 1165 369 1224 ferri,
397 1165 523 1212 sicut
546 1164 655 1210 iure
678 1161 975 1220 tenebamur,
999 1162 1069 1208 ita
1095 1161 1305 1207 volentes
1324 1171 1421 1219 pro
1445 1158 1581 1205 virili
1602 1160 1767 1204 nostro
1790 1156 1960 1203 saltem
1984 1152 2168 1212 affectu
2192 1152 2378 1200 obtem-

220 1249 527 1310 peravimus,
581 1246 683 1294 Nec
730 1246 866 1293 nobis
914 1245 1201 1303 iucundius,
1250 1244 1488 1304 optatius,
1537 1241 1943 1301 deliqibiliusque
1973 1238 2204 1287 accidere
2251 1250 2376 1298 pos-

222 1339 295 1381 set
329 1327 475 1393 quam
510 1337 557 1379 et
592 1332 643 1378 in
679 1331 771 1379 lioc
806 1332 1021 1392 neqocw,
1057 1334 1105 1377 et
1134 1330 1247 1377 aliis
1279 1330 1426 1376 etiam
1455 1330 1596 1386 lonqe
1627 1323 1940 1386 qravioribus
1967 1328 2120 1383 qrata
2146 1322 2234 1370 tibi
2248 1335 2373 1382 pre·
2395 1317 2434 1370 ιὸ

221 1425 356 1465 stare
391 1416 636 1476 obsequia.
711 1414 1008 1463 Sententiam
1042 1419 1203 1462 autem
1236 1418 1455 1461 nostram
1491 1413 1542 1459 in
1581 1411 1710 1459 dicto
1737 1410 1937 1469 neqocio
1961 1407 2285 1456 Iudaicorum
2309 1408 2378 1455 li—

225 1502 423 1548 brorum
459 1501 699 1548 serenitas
731 1503 816 1546 tua
854 1499 1147 1559 quandoque
1182 1503 1230 1545 et
1264 1498 1320 1545 id
1353 1497 1550 1557 quidem
1578 1495 1873 1557 propediem
1915 1495 1995 1553 (ul
2021 1495 2306 1554 speramus)
2345 1505 2377 1538 a

223 1585 646 1633 Reuerendissimo
695 1585 745 1631 in
783 1582 971 1631 Christo
1011 1588 1160 1645 patre
1209 1589 1259 1631 et
1306 1582 1501 1629 domino
1545 1581 1743 1628 domino
1797 1577 1959 1627 Uriele
1996 1577 2380 1638 Archiepiscopo

223 1669 511 1729 Moquntino
550 1682 612 1716 ac
635 1669 869 1729 principe
904 1670 1125 1716 electore.
1156 1671 1204 1714 et
1227 1680 1269 1715 c.
1309 1667 1535 1727 accipiet.
1663 1715 1668 1720 ,

367 1754 784 1813 Conqratulamur
825 1752 1055 1813 profecto
1095 1752 1323 1813 inprimis
1356 1750 1624 1811 reipublice
1651 1748 1940 1806 'Christiane
1978 1747 2112 1808 quod
2146 1746 2244 1794 hac
2279 1759 2374 1794 no-
2393 1762 2430 1795 15

222 1844 328 1887 stra
367 1841 646 1898 tempestate
681 1838 843 1896 talem*
857 1838 1138 1897 principem
1169 1840 1319 1883 nacta
1356 1840 1454 1897 est,
1500 1835 1586 1883 cui
1629 1835 1758 1882 inter
1801 1836 1869 1880 tot
1900 1836 2161 1892 tantasque
2197 1830 2378 1879 nedum

222 1922 438 1969 Romani
479 1923 699 1982 imperii,
747 1920 838 1967 sed
851 1906 855 1910 ἃ
882 1926 929 1967 et
973 1922 1115 1968 totius
1155 1920 1286 1968 orbis
1313 1919 1613 1978 'fastidiosas
1647 1918 1989 1980 occupationes
2027 1930 2147 1975 cure
2182 1919 2277 1974 est,
2327 1918 2382 1962 ut
2434 1954 2439 1963 .

221 2008 420 2054 sincera
436 2012 442 2028 ¹
457 2006 631 2065 reliqio
668 2004 951 2053 Christiana
995 2010 1044 2053 et
1079 2011 1272 2066 pacata
1317 2005 1381 2052 sit
1412 2009 1460 2052 et
1493 2005 1544 2051 in
1577 2008 1726 2064 portu
1761 2003 1982 2064 naviqet,
2026 2001 2280 2061 maqisque
2315 2011 2378 2047 ae

222 2093 381 2151 maqis
426 2094 644 2148 crescat,
707 2089 1025 2149 adauqeatur
1041 2127 1053 2148 ,
1096 2090 1548 2150 amplificeturque,
1596 2093 1653 2135 ut
1691 2100 1791 2135 non
1834 2089 1899 2135 sit
1943 2084 2289 2146 ambiqendum
2336 2085 2382 2132 si

214 2189 424 2236 presens
463 2175 740 2236 neqocium,
783 2178 837 2221 ut
879 2179 1072 2235 ceptum
1111 2179 1205 2236 est,
1254 2178 1472 2234 optatum
1512 2174 1662 2232 finem
1704 2172 1982 2233 acceperit,
2036 2169 2252 2230 Cesarea
2286 2173 2373 2217 tua
2389 2185 2432 2218 20

220 2261 451 2308 maiestas
479 2260 803 2320 complurium
831 2259 1144 2319 perfidorum
1168 2258 1438 2317 Iudeorum
1465 2258 1660 2306 animas
1697 2257 1788 2305 deo
1823 2257 1900 2304 illi
1924 2257 2103 2318 optimo
2127 2253 2380 2303 maximo-

222 2359 316 2405 que
359 2343 724 2404 expeditissime
774 2344 838 2390 sit
879 2342 1231 2401 lucrifactura.
1305 2342 1374 2390 Id
1421 2342 1554 2403 quod
1591 2354 1648 2390 eo
1681 2342 1897 2390 maxime
1925 2339 2158 2399 futurum
2193 2351 2377 2401 spera-

223 2441 353 2487 mus,
399 2427 540 2485 Quod
570 2440 777 2486 cesarea
815 2433 900 2475 tua
936 2429 1169 2475 maiestas
1198 2429 1248 2475 in
1282 2440 1343 2475 ea
1378 2441 1436 2475 re
1467 2428 1626 2486 viyili,
1675 2426 1927 2487 diliqenti,
1971 2425 2378 2485 solertissimeque
2420 2432 2422 2434 ·

222 2513 534 2560 sollicitatore
567 2513 721 2560 utitur
756 2516 923 2573 utpote
955 2511 1147 2559 Ioanne
1181 2493 1527 2570 Pfefferlcorn,
1567 2512 1653 2572 qui
1686 2523 1785 2559 non
1819 2512 1973 2559 solum
2008 2509 2227 2562 dimissa,
2246 2512 2377 2557 secta
2437 2512 2442 2514 ’

224 2601 370 2655 atque
401 2595 620 2656 perfidia
655 2595 872 2644 Iudaica
899 2596 1050 2654 fidem
1093 2599 1312 2644 nostram
1350 2598 1614 2659 amplexus
1648 2602 1742 2659 est,
1791 2594 1882 2644 sed
1915 2597 2062 2644 etiam
2097 2607 2209 2644 cum
2246 2593 2378 2642 videt
2391 2599 2432 2638 25

222 2682 335 2729 olim
363 2679 557 2738 fratres
593 2681 865 2729 miserrime
900 2681 1128 2740 cecutire,
1159 2682 1311 2740 qalea
1338 2682 1510 2729 salutis
1539 2685 1760 2742 accepta,
1795 2681 2098 2730 accerrimus
2123 2679 2249 2738 fidei
2280 2691 2377 2727 no-

223 2769 323 2824 stre
356 2769 532 2813 contra
570 2765 763 2813 eosdem
798 2766 955 2813 evasit
984 2770 1358 2826 propuqnator,
1400 2766 1548 2814 Cuius
1577 2766 1730 2828 fides,
1768 2765 2072 2825 constantia,
2109 2769 2256 2826 atque
2291 2765 2376 2812 in—

224 2850 454 2909 teqritas,
504 2855 551 2896 et
588 2849 730 2910 apud
766 2850 1179 2912 Aqrippinenses,
1227 2864 1339 2898 cum
1376 2851 1550 2911 quibus
1585 2855 1902 2899 conversatus
1936 2855 2032 2912 est,
2077 2853 2126 2898 et
2163 2849 2377 2908 infinitos
2432 2880 2435 2882 -

224 2935 349 2982 alios
379 2934 500 2981 satis
530 2946 777 2994 superque
803 2940 1066 2996 perspecta
1101 2935 1322 2983 habetur.
1401 2935 1501 2993 Quo
1527 2938 1587 2995 fit
1620 2937 1767 2984 etiam
1803 2934 1938 2997 quod
1961 2934 2020 2983 ob
2045 2938 2234 2982 tantum
2255 2933 2380 2993 fidei

224 3022 385 3076 nostre
421 3019 582 3066 zelum
615 3023 761 3079 atque
798 3020 957 3079 ipsam
987 3020 1230 3068 iusticiam
1263 3022 1627 3081 persecutiones
1657 3022 1839 3070 multas
1861 3020 2047 3079 aeecis
2071 3018 2244 3077 Iudeis
2266 3030 2373 3079 pa-
2388 3030 2430 3064 30

113 3104 204 3158 ‘aiij
227 3103 358 3150 titur.
437 3101 532 3160 Qui
564 3102 714 3162 Iudei
753 3103 943 3162 invidia
967 3099 989 3170 [l
1015 3104 1153 3152 ducti
1194 3105 1402 3153 eundem
1453 3106 1682 3154 mordere
1728 3107 2055 3164 lacerareque
2091 3104 2374 3151 moliuntur.

230 3186 362 3243 Quas
398 3187 605 3234 insidias
639 3193 686 3235 et
718 3189 763 3235 si
796 3189 1157 3236 serenissimam
1189 3194 1321 3237 tuam
1351 3189 1659 3239 Maiestatem
1687 3187 2013 3251 parvifacere
2045 3201 2143 3236 non
2178 3187 2377 3236 dubite-

225 3283 356 3326 mus,
405 3269 631 3318 Attamen
667 3285 900 3331 roqamus
939 3272 1234 3333 humillime,
1283 3280 1525 3334 quatenus
1567 3274 1741 3322 eadem
1788 3275 2029 3323 serenitas
2070 3278 2156 3321 tua
2191 3272 2373 3321 dictum
2422 3284 2429 3308 ·-

223 3354 578 3402 devotissimum
624 3358 870 3405 servulum
913 3371 1054 3406 suum
1103 3360 1495 3407 commendatum
1541 3359 1725 3407 habere
1767 3360 1903 3421 velit,
1949 3365 2097 3419 atque
2141 3357 2231 3405 sub
2278 3357 2374 3404 alis

224 3440 387 3499 aquile
415 3440 565 3500 tueri,
604 3439 897 3504 defensare,
936 3447 1081 3502 atque
1110 3442 1286 3501 fovere
1323 3444 1585 3503 diqnetur,
1624 3443 1710 3492 ubi
1743 3444 1893 3492 veluti
1923 3444 1975 3490 in
2012 3442 2162 3503 Asyla
2195 3449 2370 3490 contra
2385 3449 2427 3483 35

221 3535 386 3591 omnes
410 3522 699 3571 rabidorum
730 3537 910 3573 canum
936 3539 1125 3575 morsus
1148 3532 1294 3587 atque
1318 3530 1533 3576 latratus
1556 3529 1818 3577 tutissimus
1840 3528 2079 3576 consistet.
2153 3526 2222 3574 Id
2244 3525 2377 3587 quod

223 3606 447 3673 Romano
483 3620 545 3655 ac
570 3606 979 3656 Christianissimo
1011 3612 1237 3672 principi
1267 3625 1365 3660 non
1401 3613 1497 3660 erit
1534 3611 1808 3674 indiqnum,
1846 3617 1894 3660 et
1921 3611 2046 3670 fidei
2077 3615 2238 3669 nostre
2273 3612 2372 3658 Ca—

222 3690 395 3750 tlzolice
430 3682 760 3740 utilissimum:
796 3692 872 3739 liis
900 3701 1141 3753 perpetuo
1170 3697 1333 3743 valeat
1363 3694 1687 3744 Serenissima
1723 3701 1809 3743 tua
1834 3675 2250 3755 Maiestasatque
2277 3707 2371 3764 nos

222 3775 294 3823 bis
331 3775 642 3824 deditissimis
679 3778 773 3825 tuis
809 3779 1071 3839 mancipiis
1107 3783 1161 3825 ut
1196 3781 1319 3827 volet
1353 3781 1628 3841 precipiat,
1678 3780 1763 3828 cui
1790 3793 1879 3828 nos
1925 3787 1972 3829 et
2013 3779 2252 3841 quicquid
2276 3791 2370 3827 no-
