2456 4264
223 220 342 277 232
811 241 1049 270 EPISTOLAE
1072 241 1379 270 OBSGVROBVM
1399 241 1608 270 VIBOBVM
1630 241 1777 272 NOVAE.

219 376 396 423 bonum
436 373 705 420 Pastorem.
783 370 958 418 Minor
984 373 1132 430 patet
1166 382 1232 417 ex
1268 369 1428 418 verbis
1464 369 1711 418 Iohannis
1746 369 2078 433 Pfefferlcorn
2124 374 2213 434 qui
2244 373 2363 422 scri-

220 461 288 506 bit
327 460 377 505 in
415 456 583 504 eodem
619 455 748 501 libro
791 455 857 501 ‘se
892 466 996 500 esse
1031 453 1213 501 humile
1248 455 1454 523 ecclesie
1489 451 1787 514 membrum’.
1864 454 1968 503 Sed
1999 456 2184 504 humile
2218 469 2362 504 mem-

219 544 361 590 brum
398 541 449 587 in
486 550 702 598 corpore
737 540 810 583 est
841 549 953 596 peS,
996 537 1115 596 quia
1142 537 1301 597 pedes
1335 541 1473 585 stant
1507 537 1672 596 humi,
1723 539 1780 585 id
1813 543 1887 586 est
1922 540 1974 587 in
2011 544 2180 594 terra‚·
2207 541 2364 601 pedes

218 629 382 672 autem
419 624 694 671 sustentant
728 632 913 680 corpus
948 623 996 666 et
1021 621 1200 668 amotis
1220 621 1434 681 pedibus
1458 623 1598 669 cadit
1620 635 1832 683 corpus:
1869 623 2011 683 Erqo
2036 622 2364 685 Pfefferlcorn

208 708 453 769 presumit
489 704 627 765 quod
662 702 894 751 Ecclesia
929 707 1031 751 stat
1066 704 1118 751 in
1154 717 1234 764 se,
1275 708 1324 752 et
1358 705 1465 766 ipse
1499 710 1744 753 sustentat
1780 707 2056 755 ecclesiam.
2379 725 2400 755 5

357 789 398 835 (i
435 785 727 852 Respondeo
767 785 897 850 quod
923 785 1231 836 Pfefferkorn
1257 801 1355 835 non
1383 788 1530 836 sumit
1555 780 1792 838 terminos
1817 789 1888 838 sic
1924 789 2107 847 stricte,
2147 794 2195 838 et
2219 793 2366 853 prout

214 874 263 921 in
303 887 388 922 sua
427 872 584 936 prima
624 871 933 933 impositione
970 871 1258 933 significant.
1334 870 1432 920 Sed
1471 872 1585 920 dicit
1622 888 1676 922 se
1712 872 2018 930 membrum,
2057 873 2102 922 id
2143 878 2217 922 est
2253 888 2363 937 par-

215 961 311 1005 tem
352 954 572 1019 ecclesie,
612 954 737 1003 sicut
773 955 930 1004 omnis
968 955 1116 1004 homo
1155 954 1458 1005 Christianus
1496 956 1674 1005 dicitur
1712 971 1818 1006 esse
1855 972 1971 1022 pars
1995 956 2241 1021 Ecclesie;
2290 955 2365 1006 vel

216 1042 360 1090 etiam
403 1037 710 1093 ‘membrum’
758 1037 894 1102 largo
943 1039 1086 1087 modo
1134 1039 1315 1088 utendo
1363 1041 1600 1090 terminis.
1637 1094 1644 1101 ,
1675 1040 1737 1089 Et
1783 1042 1994 1090 sumitur
2030 1041 2100 1089 ibi
2140 1039 2364 1090 ‘humilis’

215 1139 306 1189 pro
347 1124 519 1172 devoto
559 1127 606 1171 et
643 1122 874 1187 simplici:
923 1124 1050 1172 sicut
1096 1125 1240 1172 etiam
1278 1124 1328 1172 in
1366 1123 1584 1187 Epistola
1621 1124 1683 1173 ad
1719 1125 1900 1189 Papam
1953 1123 2082 1173 idem
2120 1124 2362 1174 Iohannes
2382 1137 2422 1171 ιο

215 1206 520 1257 Pfefferkorn
559 1207 698 1256 dicit:
754 1207 1057 1272 ‘Quanquam
1105 1196 1303 1257 minime
1351 1208 1526 1273 dignus
1563 1224 1671 1258 sum
1706 1211 1765 1258 'ut
1801 1208 1876 1259 vel
1913 1208 1972 1258 ad
2012 1209 2366 1258 sacratissimos
2436 1203 2438 1206 ’

215 1291 366 1355 pedes
402 1296 513 1341 tuos
551 1290 659 1340 etc.'
732 1290 862 1355 Ergo
902 1306 998 1340 non
1038 1291 1184 1341 debet
1219 1291 1422 1357 intelligi
1448 1293 1579 1358 quod
1605 1292 1913 1343 Pfefferkorn
1938 1291 2156 1357 loquitur
2195 1296 2366 1342 contra

216 1377 411 1439 Papam.

974 1473 1245 1531 Quartus
1268 1475 1604 1525 ArticuluS.

355 1587 396 1633 (Ι
443 1588 580 1635 Dicit
624 1585 998 1636 Reuchlinista:
1055 1588 1384 1652 Pfefferkorn
1430 1594 1559 1638 tenet
1606 1591 1742 1651 quod
1783 1592 1910 1649 fides
1959 1590 2247 1640 Christiana
2295 1594 2423 1659 estus

206 1672 367 1731 falsa,
408 1677 455 1718 et
490 1671 584 1719 hoc
620 1672 821 1719 suismet
857 1673 1017 1720 verbis
1054 1671 1300 1732 affirmat.
1376 1674 1462 1723 Sic
1497 1674 1647 1722 etiam
1671 1675 1848 1723 scribit
1870 1688 1922 1723 se
1948 1675 2136 1723 dixisse
2162 1675 2232 1722 ad
2257 1673 2365 1722 Mo-

210 1757 555 1816 yuntinensem
603 1755 910 1816 Episcopum
958 1758 1011 1805 in
1058 1757 1186 1806 libro
1227 1756 1440 1818 prefato
1476 1758 1616 1818 DJ„-
1667 1757 1744 1806 ‘Si
1784 1752 1912 1816 fides
1960 1758 2251 1806 Christiana
2296 1762 2368 1806 est

211 1853 357 1897 vera,
409 1839 657 1887 Reuchlin
704 1841 895 1887 nullam
936 1842 1208 1900 perfidiam
1256 1842 1379 1889 mihi
1420 1840 1658 1901 facturus
1704 1840 1807 1890 est’.
1882 1841 1987 1890 Sed
2022 1846 2204 1903 postea
2246 1843 2367 1903 plus

211 1936 360 1983 quam
398 1924 450 1970 in
488 1924 712 1970 ducentis
747 1924 871 1971 locis
907 1930 955 1971 et
991 1926 1142 1972 etiam
1180 1926 1231 1972 in
1270 1926 1385 1973 aliis
1409 1927 1512 1975 suis
1546 1927 1689 1975 libris
1713 1927 1867 1988 prius
1890 1927 2091 1988 scriptis
2114 1930 2261 1975 vocat
2285 1926 2365 1975 Io-

210 2007 425 2054 hannem
461 2006 711 2054 Reuchlin
738 2008 1019 2068 perfidum:
1058 2008 1200 2068 Eryo
1224 2007 1629 2069 manifestissime
1653 2011 1744 2059 dat
1781 2011 2061 2071 intelliqere
2094 2011 2231 2071 quod
2263 2024 2364 2059 non
2377 2026 2422 2060 πο

211 2091 389 2139 credat
420 2092 570 2149 fidem
610 2091 950 2140 Christianam
987 2106 1091 2141 esse
1127 2106 1314 2142 veram.
2418 2077 2428 2097 ²

352 2173 394 2220 (Ι
430 2172 723 2237 Respondeo
751 2174 884 2238 quod
910 2174 991 2224 illa
1018 2174 1165 2225 verba
1205 2180 1319 2224 sunt
1354 2173 1619 2226 limitanda.
1695 2175 1817 2234 Quia
1856 2177 2051 2242 quando
2090 2177 2209 2226 dixit
2234 2176 2365 2226 Pses-

210 2256 412 2306 ferkorn
463 2258 518 2304 ‘si
565 2257 687 2307 fides
725 2257 994 2309 Christiana
1045 2267 1117 2310 est
1154 2259 1301 2316 vera’,
1357 2260 1822 2325 subintelligendum
1870 2267 1973 2312 est:
2023 2267 2088 2311 ‘et
2123 2260 2366 2312 Reuchlin

211 2347 283 2390 est
319 2356 464 2390 verus
490 2340 836 2392 Christianus’:
877 2345 990 2408 quia
1029 2346 1070 2393 si
1095 2343 1337 2395 Reuchlin
1376 2345 1547 2395 fuisset
1585 2360 1729 2395 verus
1755 2344 2075 2404 ChristianuS,
2114 2361 2364 2411 nunquam

210 2425 406 2475 fecisset
442 2430 626 2475 tantam
676 2427 956 2491 perfidiam:
1007 2429 1083 2478 vel
1135 2430 1245 2478 dico
1294 2435 1342 2479 et
1378 2429 1553 2479 melius
1600 2429 1731 2494 quod
1773 2430 2017 2481 lohannes
2054 2429 2419 2484 Pfefferkornas

211 2515 420 2572 protunc
457 2509 520 2558 ita
561 2512 740 2560 sensit:
789 2513 900 2575 quia
949 2528 1120 2562 omnes
1167 2528 1337 2564 sumus
1388 2514 1614 2565 homines
1661 2521 1709 2564 et
1745 2515 2016 2564 humanum
2056 2520 2131 2564 est
2168 2529 2362 2565 errare:

212 2593 297 2642 sed
335 2598 452 2642 tunc
489 2595 651 2644 statim
691 2595 781 2645 fuit
818 2595 879 2645 ab
916 2597 1164 2662 Episcopo
1202 2599 1462 2661 castigatus
1500 2604 1548 2648 et
1583 2599 1825 2663 patienter
1873 2583 1983 2649 tulit
2018 2598 2149 2649 illam
2188 2599 2363 2649 Corre-

212 2678 419 2726 ctionem
447 2679 628 2728 faciens
654 2681 983 2744 penitentiam.
1042 2681 1167 2740 Quia
1192 2682 1362 2731 scribit
1388 2683 1635 2747 quomodo
1662 2684 1922 2749 episcopus
1948 2683 2080 2734 dedit
2105 2684 2148 2733 ei
2175 2682 2364 2747 alapam

212 2761 404 2825 quando
444 2762 564 2811 dixit
600 2762 678 2812 illa
718 2763 893 2814 verba:
934 2771 981 2815 et
1017 2767 1088 2815 sic
1125 2765 1297 2815 habuit
1320 2765 1453 2816 illam
1491 2769 1847 2818 correctionem
1885 2784 1978 2834 pro
2016 2773 2220 2833 peccato
2257 2782 2362 2817 suo.

922 2893 965 2940 (1
1013 2892 1283 2950 Quintus
1319 2894 1661 2944 Articulus.
2206 2955 2211 2958 .
2375 2904 2419 2939 ao

351 3001 391 3048 (Ι
429 3003 564 3052 Dicit
595 3003 967 3056 Reuchlinista:
1004 3004 1335 3068 Pfefferlcorn
1364 3005 1504 3065 facit
1538 3022 1590 3056 se
1624 3010 1864 3058 maiorem
1893 3009 2088 3057 Christo
2100 3025 2117 3056 .·
2156 3009 2275 3069 quia
2310 3009 2361 3055 in

211 3085 304 3131 hoc
341 3085 469 3133 libro
514 3089 587 3135 sic
634 3088 758 3137 dicit
792 3090 843 3136 F
850 3090 898 3150 j.
945 3088 1047 3138 ‘Sic
1083 3104 1160 3138 me
1206 3092 1420 3139 tradidit
1457 3092 1702 3142 Reucnlin
1740 3095 1868 3142 sicut
1903 3093 2065 3142 Iudas
2092 3093 2356 3150 Christum,

211 3173 258 3214 et
294 3170 447 3216 multo
474 3168 651 3231 peius',
704 3175 853 3233 quasi
895 3175 1114 3224 diceret:
1168 3176 1324 3236 ‘peius
1369 3180 1441 3223 est
1487 3178 1623 3237 quod
1658 3176 1987 3240 Pfefferlcorn
2035 3178 2254 3225 traditus
2289 3179 2361 3224 est

211 3263 360 3310 quam
398 3254 531 3311 quod
568 3254 803 3305 Christus’
818 3274 838 3314 ;
876 3260 954 3307 vel
991 3260 1171 3319 ‘maqis
1205 3261 1380 3308 merito
1417 3260 1641 3310 Christus
1676 3267 1747 3310 est
1783 3263 2001 3310 traditus
2038 3274 2188 3323 quam
2215 3257 2359 3319 Pfef-

204 3333 468 3392 ferlcorn';
526 3339 602 3385 vel
660 3340 901 3391 ‘Christus
955 3344 1160 3404 diqnior
1198 3343 1309 3404 fuit
1341 3346 1583 3406 passione
1629 3359 1779 3406 quam
1825 3342 2182 3408 Pfefferlcorn’.
2258 3342 2360 3391 Sed
2373 3354 2420 3402 35,

328 3485 339 3511 ¹
370 3487 496 3539 pfeff.
521 3491 561 3528 4.
593 3489 719 3532 Ioan.
742 3493 869 3545 pfeff.
893 3497 933 3535 5.
1012 3494 1030 3521 ²
1059 3494 1194 3550 libro]
1218 3497 1406 3540 Defens.
1429 3511 1539 3552 pag.
1561 3498 1748 3552 paenult.
1825 3497 1843 3523 3
1876 3529 1885 3539 .
1909 3497 2057 3539 Pedes
2079 3499 2119 3539 4.
2148 3496 2296 3538 Pedes
2317 3498 2356 3535 5.

211 3555 227 3581 4
257 3556 443 3597 Pfeffer.
468 3561 508 3597 5.
596 3558 613 3584 ⁶
642 3561 830 3602 Pfeffer.
853 3566 895 3606 5.
983 3565 999 3591 8
1031 3578 1055 3605 e
1079 3568 1120 3607 4.
1151 3580 1176 3620 e
1199 3570 1239 3607 5.
1327 3567 1343 3592 ⁹
1374 3568 1504 3608 modo
1535 3582 1618 3609 non
1638 3569 1763 3610 habet
1785 3571 1825 3613 4.
1912 3566 1996 3595 ¹⁰·¹¹
2026 3567 2092 3608 Io.
2114 3565 2291 3620 pfeffer.
2314 3568 2355 3605 5-

212 3626 340 3680 dicit]
373 3627 563 3668 Defens.
585 3642 691 3682 pag.
714 3630 754 3670 A
773 3632 804 3671 i.
830 3632 900 3672 eol
922 3635 962 3673 2.
1070 3635 1291 3678 sacratiss.
1314 3640 1354 3679 4.
1386 3637 1626 3679 sacratiss.
1644 3643 1684 3679 5.
1787 3637 1819 3664 ¹⁷
1848 3640 1904 3681 D.
1926 3640 1970 3680 J.
1994 3641 2033 3679 4.
2045 3642 2086 3679 5.
2178 3634 2263 3666 ¹⁹³⁰
2290 3634 2354 3674 10·

211 3697 383 3737 Reueh.
406 3701 447 3737 5.
553 3696 590 3722 ²²
618 3699 806 3740 Pfeffer.
828 3704 869 3741 5.
976 3702 1012 3727 ²3
1044 3704 1119 3744 sub
1159 3706 1466 3759 intelligendi-1
1495 3711 1535 3748 5.
1643 3708 1679 3734 ²⁵
1712 3709 1766 3759 Q)
1798 3711 1891 3751 4.5.
1986 3710 2053 3750 Io.
2077 3706 2292 3761 preffer.
2313 3707 2354 3744 5·

210 3765 247 3792 ²⁶
279 3767 401 3817 Quia
430 3769 469 3807 4.
514 3800 524 3811 .
548 3769 669 3818 Quia
698 3771 740 3809 5.
847 3770 883 3795 ²⁷
914 3771 1018 3824 fuit]
1053 3773 1168 3814 fecit
1198 3777 1237 3814 4.
1345 3775 1382 3801 ³¹
1412 3777 1526 3829 pfef.
1550 3781 1591 3818 5.
1689 3776 1726 3802 ³²
1754 3776 1838 3831 eij.
1863 3778 1950 3822 col.
1975 3778 2012 3822 1.
2119 3776 2291 3820 Reueh.
2314 3777 2354 3815 5.

211 3835 246 3861 3³
279 3837 419 3887 Quasi
449 3840 489 3879 4.
577 3838 672 3891 pfe.
694 3842 734 3879 5.
823 3839 858 3866 ³5
891 3870 900 3880 .
925 3842 1009 3882 Vel
1042 3846 1081 3885 4.
1172 3844 1350 3896 pfeffer.
1374 3849 1415 3885 5.
1504 3845 1540 3871 ³5
1571 3877 1581 3887 .
1604 3847 1689 3888 Vel
1721 3850 1761 3887 4.
1850 3848 2031 3901 pfeffer.
2054 3851 2103 3899 5.
