2456 4264
262 259 382 317 526
889 281 1214 311 amsa-onnam
1237 281 1542 310 onscvnonvm
1564 282 1773 310 vmonvM

257 430 340 462 nos
377 421 448 460 est
482 413 713 464 Pedellus‚
754 412 831 473 qui
869 426 953 457 nos
989 412 1156 472 prodit.
1231 410 1346 466 Quid
1380 411 1551 457 multa?
1598 411 1654 458 ad
1690 425 1847 458 omnes
1884 411 2070 462 lateres,
2110 411 2165 457 ad
2201 411 2399 458 dextram

257 493 302 531 et
339 485 393 531 ad
431 485 658 530 sinistram
694 496 873 528 manum
909 482 1057 527 bonus
1084 483 1279 528 Studens
1317 482 1622 528 circumdatus
1660 488 1753 534 est,
1792 481 1979 529 Satanas
2003 483 2196 528 mundus
2222 488 2268 528 et
2292 497 2399 544 pro·

256 555 352 616 pria
390 569 493 600 caro
532 554 681 614 ipsum
718 552 1010 613 impugilant,
1049 560 1101 598 ut
1136 555 1298 599 merito
1338 553 1578 599 exclamat:

739 623 773 669 Ο
811 623 919 669 mihi
956 623 1213 684 praeteritos
1251 623 1410 670 reddat
1448 625 1487 669 si
1523 623 1698 684 Iupiter
1731 623 1903 669 annos!

255 697 320 741 Tu
370 700 542 745 autem,
590 707 689 739 mee
726 693 927 744 Morose,
979 693 1058 740 tibi
1103 694 1331 754 gratulare
1379 700 1539 756 potes,
1587 699 1639 740 ut
1685 693 1884 740 studium
1929 699 2058 739 tuum
2104 695 2150 739 111
2195 693 2439 740 feliciores

255 772 456 826 tempore
492 765 547 810 ad
583 764 716 810 finem
755 764 917 810 tulisti.
990 763 1045 809 Et
1082 778 1167 825 ego
1206 766 1340 811 etiam
1377 764 1562 816 videbo,
1614 764 1737 825 quod
1773 778 1876 809 mox
1912 778 1966 809 ex
1999 764 2221 811 Parnasso
2259 764 2398 825 profi·

251 838 417 887 ciscor‚
457 837 560 896 quia
597 835 706 881 mihi
744 850 835 881 non
873 834 1047 896 placet,
1087 842 1133 882 et
1170 834 1285 881 illud
1321 837 1453 882 etiam
1493 837 1713 896 optimum
1750 841 1834 880 est.
1908 833 2027 880 Vale.

1301 1042 1351 1094 7.

994 1155 1327 1207 Cornelius
1364 1157 1650 1206 Morosus

946 1241 1294 1291 Comestori
1348 1241 1697 1306 Pugnantio
2411 1260 2451 1293 io

945 1330 1014 1376 vel
1060 1331 1215 1390 potius
1262 1329 1492 1376 Abstemio
1541 1327 1705 1384 Quieto

1087 1414 1242 1460 Amico
1281 1420 1407 1461 certo
1436 1414 1480 1460 S.
1506 1414 1553 1460 D.

390 1528 572 1588 Ineptiae
598 1535 712 1579 tuae,
752 1527 812 1573 mi
837 1527 1086 1587 Pugnanti‚
1125 1527 1420 1588 prolixiorem
1446 1526 1793 1588 responsionem
1818 1533 2125 1579 mererentur,
2153 1527 2241 1573 nisi
2270 1533 2396 1574 tuum

249 1598 356 1644 mihi
393 1598 624 1658 ingenium
661 1598 976 1659 persuaderet,
1025 1612 1116 1644 non
1166 1613 1280 1659 opus
1328 1612 1429 1644 esse
1467 1598 1583 1659 apud
1622 1604 1667 1644 te
1704 1597 1965 1659 prolixitate
2002 1597 2269 1649 verborum,
2317 1598 2394 1659 qui

248 1668 503 1714 sanioribus
540 1668 794 1715 rationibus
839 1669 960 1715 haud
1003 1668 1234 1716 illibenter
1278 1669 1415 1716 cediS.
1487 1668 1699 1715 Brevitati
1735 1670 1887 1730 itaque
1935 1669 2150 1720 studebo,
2199 1669 2275 1715 sed
2313 1670 2389 1721 ita,
2413 1680 2451 1712 15

246 1753 302 1784 ne
338 1739 443 1784 dum
479 1738 626 1785 brevis
665 1753 766 1785 esse
801 1739 984 1790 laboro,
1025 1739 1245 1786 obscurus
1283 1740 1403 1786 fiam.
1476 1739 1530 1784 Et
1567 1739 1750 1800 quidem
1786 1739 1957 1790 fateor,
1995 1740 2395 1800 corruptissimum

246 1810 387 1855 fuisse
423 1810 630 1856 Parnassi
667 1824 768 1856 meo
807 1817 1011 1871 tempore
1049 1816 1240 1856 statum:
1281 1810 1359 1856 ubi
1398 1811 1777 1864 comessationes,
1825 1810 1998 1870 iurgia,
2032 1812 2395 1871 ,provocationes

246 1887 292 1926 et
328 1880 477 1927 duella
513 1887 643 1927 erant
679 1881 1067 1942 frequentissima,
1106 1881 1216 1927 adeo
1256 1888 1308 1927 ut
1343 1882 1413 1926 vix
1450 1880 1570 1926 ullus
1608 1880 1728 1932 dies,
1767 1895 1823 1927 ne
1861 1880 2006 1928 dicam
2043 1881 2291 1928 hebdomas
2316 1888 2395 1928 aut

245 1952 411 1997 mensis
457 1953 742 2012 praeteriret,
792 1966 882 2013 quo
930 1966 1022 1997 non
1069 1953 1188 1998 cives
1236 1953 1283 1997 in
1329 1953 1515 2013 propria
1562 1953 1734 1999 viscera
1773 1953 2000 1998 saevirent.
2073 1951 2261 1998 Cautum
2299 1959 2395 1998 erat

242 2021 443 2083 legibus,
491 2022 654 2084 quibus
700 2025 803 2069 novi
841 2022 1042 2069 Studiosi
1088 2029 1133 2068 et
1178 2022 1379 2070 iuniores
1429 2038 1477 2069 se
1524 2021 1806 2083 adstringere
1855 2022 2146 2074 tenebantur,
2194 2037 2250 2069 ne
2289 2024 2390 2084 quis
2406 2035 2449 2067 20

242 2093 658 2154 compotationibus
705 2095 974 2145 interesset,
1032 2107 1088 2139 ne
1136 2093 1239 2154 quis
1286 2092 1690 2140 vociferationibus
1736 2095 1975 2141 nocturnis
2023 2093 2125 2140 aliis
2174 2094 2394 2140 molestus

245 2170 388 2215 esset,
426 2178 483 2209 ne
520 2164 622 2225 quis
659 2163 883 2226 lapidibus
922 2166 1081 2211 stricto
1121 2164 1271 2226 gladio
1308 2163 1571 2217 insultaret;
1609 2177 1666 2210 ne
1703 2166 1807 2226 quis
1843 2171 2134 2226 provocaret,
2174 2171 2251 2212 aut
2288 2179 2394 2226 pro-

181 2253 184 2257 *
242 2243 426 2282 vocatus
462 2236 509 2280 in
547 2249 727 2282 arenam
765 2243 1072 2297 compareret;
1112 2236 1189 2281 sed
1227 2236 1335 2297 quid
1373 2237 1411 2282 si
1448 2240 1656 2297 potator,
1696 2243 1952 2296 grassator,
1990 2242 2277 2297 provocator,
2316 2243 2393 2282 aut

242 2306 478 2352 aliusmodi
518 2312 835 2367 transgressor
871 2308 1030 2353 harum
1068 2306 1221 2367 legum
1259 2314 1381 2353 esset
1417 2313 1495 2353 aut
1531 2305 1807 2354 domesticus
1845 2313 1923 2354 aut
1948 2306 2277 2359 commensalis,
2314 2313 2392 2352 aut

241 2384 438 2438 utroque
474 2377 606 2423 modo
646 2376 822 2424 affinis?
870 2377 985 2434 Quid
1034 2379 1072 2423 si
1110 2391 1158 2423 se
1195 2378 1400 2424 futurum
1437 2377 1781 2424 commensalem
1819 2384 1897 2424 aut
1933 2377 2229 2425 domesticum
2267 2391 2389 2424 men·
2405 2387 2447 2420 25

244 2448 435 2494 tiretur?
475 2448 572 2493 Vidi
608 2462 718 2517 ego,
758 2456 804 2494 et
841 2448 1050 2499 interfui,
1092 2448 1292 2509 quamvis
1330 2449 1563 2501 innoxius,
1601 2448 1680 2495 ubi
1705 2455 1868 2500 noctu,
1906 2449 2216 2510 prospiciente
2244 2455 2391 2495 tamen

242 2533 266 2565 e
305 2519 504 2566 fenestra
527 2519 740 2571 Rectore,
781 2520 950 2566 strictis
989 2519 1150 2580 gladiis
1188 2520 1326 2566 valvis
1364 2525 1410 2565 et
1446 2520 1659 2566 fenestris
1696 2521 1861 2566 iniuria
1897 2518 2048 2566 fieret:
2088 2520 2173 2566 Sed
2211 2519 2287 2566 ubi
2314 2534 2391 2566 au·

241 2589 334 2635 dita
384 2597 481 2636 erat
524 2604 607 2636 vox
653 2591 789 2636 unius
838 2597 1011 2636 tantum
1049 2590 1395 2642 Commensalis‚
1443 2590 1608 2652 reliqui
1656 2604 1812 2637 omnes
1858 2592 2042 2652 impune
2090 2591 2176 2637 hoc
2223 2591 2390 2638 factum

240 2660 458 2707 ferebant.
531 2661 629 2707 Vidi
666 2663 830 2708 iterum
867 2661 1102 2708 cohortem
1139 2667 1503 2724 compotatorum
1539 2663 1587 2707 in
1623 2662 1726 2723 ipso
1774 2662 1960 2709 meridie
2005 2668 2051 2708 et
2097 2662 2308 2707 fenestris
2346 2668 2391 2707 et

239 2731 414 2778 foribus
450 2733 538 2777 vim
574 2731 743 2779 realem
780 2732 966 2793 gladiis,
1004 2732 1298 2779 inhabitatori
1336 2745 1442 2779 vero
1471 2732 1694 2779 verbalem
1718 2731 1873 2793 lingua
1899 2732 2010 2780 satis
2035 2732 2252 2780 maledica
2276 2732 2388 2778 infe·
2403 2741 2445 2774 30

240 2809 426 2854 rentem,
464 2804 732 2864 inspiciente
758 2803 976 2850 Senatore
1012 2818 1104 2850 non
1131 2803 1272 2849 infimi
1298 2803 1530 2857 subsellii;
1568 2805 1783 2855 iurasses,
1809 2804 1978 2850 factum
2002 2817 2196 2855 carcere,
2236 2805 2274 2849 si
2298 2817 2389 2849 non

239 2887 341 2919 cera
365 2873 564 2934 dignum.
630 2874 718 2920 Sed
743 2874 880 2936 quid?
918 2875 1243 2922 commensales
1269 2880 1425 2921 erant:
1464 2874 1510 2920 Si
1534 2875 1851 2921 denunciatum
1881 2881 2016 2926 esset,
2054 2890 2187 2935 poena
2213 2881 2390 2921 antece-

240 2944 418 2990 dentem
446 2943 688 2991 scelestum
714 2946 917 2992 insecuta
942 2946 1165 2993 infelicem
1192 2946 1461 2992 reddidisset
1485 2945 1846 2997 commensalem,
1886 2945 1965 2992 sed
1991 2945 2286 2992 infeliciorem
2313 2945 2389 2991 de-

238 3017 523 3061 nunciantem
558 3015 800 3077 hospitem.
873 3016 1124 3063 Verendum
1160 3018 1280 3063 enim
1318 3023 1436 3068 erat,
1474 3031 1533 3064 ne
1570 3017 1718 3063 omnis
1763 3016 1921 3063 relicta
1946 3017 2029 3063 hac
2064 3031 2219 3063 mensa
2256 3016 2387 3061 aliam

239 3085 472 3145 eligerent.
524 3086 681 3133 Melius
707 3087 850 3147 igi-tur
873 3094 971 3134 erat
995 3102 1096 3135 cum
1121 3088 1358 3134 commodo
1383 3094 1558 3139 tacere,
1598 3101 1730 3149 quam
1755 3087 1955 3149 periuria
1979 3094 2026 3133 et
2047 3087 2281 3135 malefacta
2304 3102 2387 3148 pu·
2404 3094 2447 3127 35

238 3155 339 3201 niri.
412 3156 526 3203 Sane
563 3157 806 3204 dolendum
844 3164 928 3210 est,
967 3160 1151 3205 iuvenes
1189 3160 1335 3220 primo
1373 3161 1524 3204 statim
1561 3160 1772 3219 ingressu
1809 3160 1854 3204 in
1880 3158 2174 3210 Parnassum,
2214 3158 2259 3204 in
2298 3172 2387 3218 quo

238 3226 526 3274 fundamenta
544 3227 870 3275 Christianismi
896 3229 1042 3276 iacere
1064 3230 1299 3281 debebant,
1320 3231 1587 3282 iuramento,
1615 3229 1737 3290 quod
1762 3236 1910 3277 tamen
1934 3230 2118 3291 impune
2143 3229 2311 3275 violare
2335 3228 2388 3273 li·

239 3302 323 3348 cet,
360 3297 595 3359 adstringi,
633 3306 678 3344 et
716 3301 782 3346 sic
817 3301 1028 3361 periuriis
1066 3300 1325 3352 adsuefieri,
1365 3307 1409 3347 et
1435 3301 1491 3346 ad
1515 3300 1591 3346 illa
1617 3301 1746 3361 quasi
1770 3300 2020 3347 manuduci.
2094 3299 2209 3356 Quid
2245 3299 2386 3346 dicam

237 3366 292 3412 de
329 3367 618 3428 prostibulis,
662 3370 825 3430 quibus
862 3371 1086 3432 Apollinis
1133 3371 1288 3423 colles,
1326 3372 1413 3418 hoc
1451 3378 1521 3418 est
1557 3371 1723 3417 Musaea
1760 3371 2064 3418 conscendere
2102 3372 2385 3417 conniventia

238 3437 524 3499 superiorum
559 3440 879 3499 permittebat?
927 3441 1043 3497 Quid
1079 3442 1134 3488 de
1169 3442 1447 3504 negligentia
1484 3442 1828 3488 Studiosorum?
1864 3441 2000 3502 Regis
2036 3441 2092 3487 ad
2127 3441 2378 3502 exemplum
2396 3449 2439 3481 40

237 3514 364 3554 totus
399 3509 754 3569 componebatur
792 3512 940 3564 orbis,
979 3513 1265 3574 negligentes
1303 3520 1431 3559 erant
1466 3513 1706 3565 Doctores,
1744 3513 2102 3574 negligentiores
2138 3512 2379 3558 discentes.

235 3577 374 3631 Novi,
423 3593 538 3641 quos
585 3581 666 3625 otii
702 3588 927 3642 pertaesos
962 3598 1055 3630 non
1090 3586 1380 3645 poenituerit,
1429 3583 1500 3630 bis
1552 3583 1623 3631 vel
1660 3591 1730 3630 ter
1766 3598 1858 3631 non
1895 3583 2037 3630 dicam
2074 3583 2120 3628 in
2157 3583 2381 3632 semestri,

347 3729 366 3758 4
396 3731 434 3786 Ο
465 3728 592 3784 mihi]
631 3732 761 3785 Ver-9.
782 3731 896 3775 Aen.
917 3732 1015 3774 560.

348 3801 383 3828 ¹⁶
412 3799 586 3854 brevis]
616 3802 728 3843 Hor.
753 3805 840 3842 art.
861 3806 982 3856 poet.
1004 3803 1074 3847 25.
1096 3817 1161 3857 sq.
1239 3803 1275 3830 ³²
1306 3804 1428 3859 cera]
1463 3805 1703 3846 consilium
1734 3805 1933 3848 abeundi
1963 3818 2005 3858 q.
2025 3818 2069 3847 v.
2157 3803 2193 3830 ⁴⁰
2222 3802 2379 3859 Regis]

238 3873 458 3918 Claudian.
487 3872 595 3915 1111.
628 3886 751 3916 cons.
772 3873 893 3916 Hon.
916 3872 1015 3915 299.
1038 3886 1103 3928 sq.
1138 3904 1223 3926 ,‚...
1256 3874 1553 3928 Componitur
1591 3876 1713 3917 orbis
1744 3877 1886 3930 Regis
1927 3876 1985 3916 ad
2025 3875 2277 3928 exemplum
2310 3878 2380 3919 ...”
