2456 4264
265 284 383 340 500
991 303 1081 329 DVO
1104 304 1161 330 DE
1184 302 1417 331 MONACHIS
1440 298 1678 330 Cinnamus

378 614 459 669 [Ne
492 614 549 655 ad
578 617 846 668 perpetuum
876 613 1016 653 otium
1046 613 1146 653 haec
1175 613 1348 667 pagina
1378 613 1638 663 damnetur,
1680 626 1781 653 eam
1810 613 1896 654 duo
1934 614 1988 654 de
2027 614 2262 655 monachis
2300 627 2397 654 car-

259 688 380 726 mina
401 688 449 726 in
471 698 518 725 se
552 685 787 737 suscipere
818 683 1049 724 decretum
1072 687 1142 723 est
1164 696 1219 723 ex
1251 682 1465 732 ‘Querela
1485 682 1592 723 fidei
1620 683 1874 737 desumpta,
1908 697 2007 737 quae
2027 684 2198 738 legitur
2218 685 2264 724 in
2284 685 2395 725 Pas-

260 755 499 809 quillorum
535 755 669 796 tomis
702 752 822 808 [Ind‚
853 753 966 795 bibl.
997 753 1127 795 Hutt.
1158 766 1203 795 n.
1227 751 1370 806 55,1.]
1410 768 1453 807 p.
1490 752 1719 797 103...105.
1779 753 2050 803 Valentinus
2081 754 2217 796 Curio
2257 769 2301 808 p.
2325 753 2394 795 99.

261 826 342 880 [94.
365 840 445 880 per
467 823 568 879 ern]
601 825 870 879 praemonuit
901 822 1002 865 “Ad
1023 824 1258 865 lectorem.
1290 824 1451 864 Libuit
1479 824 1555 864 hic
1587 824 1814 865 subiicere
1837 824 2082 875 Querelam
2111 826 2166 865 de
2195 825 2300 876 fide,
2332 826 2400 877 pii

261 902 306 938 et
336 897 591 951 spiritualis
624 897 878 949 cuiuspiam
899 895 1119 947 Parochi,
1150 898 1202 935 ut
1230 894 1434 942 videtur,
1466 898 1574 935 ante
1604 895 1692 935 hoc
1721 898 1924 935 nostrum
1954 894 2157 935 seculum
2178 908 2323 949 nuper
2352 897 2400 935 in

262 968 509 1008 Germania
539 971 793 1020 repertam,
826 970 875 1006 ut
904 966 1089 1018 videas,
1123 967 1292 1019 optime
1322 967 1512 1016 Lector,
1548 965 1688 1005 etiam
1720 969 1827 1005 ante
1859 977 1942 1006 nos
1972 965 2114 1009 fuisse
2145 978 2322 1020 semper
2352 966 2400 1005 in

259 1038 475 1079 Ecclesia
507 1037 679 1091 aliquot
708 1037 809 1091 pios
842 1040 887 1077 et
917 1036 1103 1078 sanctos
1134 1037 1281 1088 viros,
1324 1037 1400 1089 qui
1439 1049 1540 1076 cum
1569 1035 1750 1089 publice
1780 1048 1872 1076 non
1903 1035 2124 1076 auderent
2153 1049 2281 1076 suum
2311 1036 2399 1089 spi-

261 1110 397 1149 ritum
429 1115 473 1149 et
503 1121 686 1149 sensum
716 1106 942 1162 profiteri,
985 1111 1140 1148 tamen
1177 1107 1224 1147 in
1265 1106 1446 1161 angulis
1485 1107 1580 1147 suis
1671 1119 1799 1147 suum
1830 1106 2030 1147 dolorem
2061 1106 2398 1158 extillaverunt,

262 1184 308 1220 et
346 1179 622 1222 visitationis
663 1179 783 1220 diem
826 1179 1228 1232 expectaverunt''‚
1287 1179 1463 1219 Praeter
1511 1178 1929 1231 interpunctionem
1977 1177 2094 1218 nihil
2144 1177 2398 1228 emendavi,

262 1251 351 1291 nisi
383 1250 500 1303 quod
530 1249 773 1304 ‘perorare'
806 1250 973 1302 scripsi
1003 1262 1082 1302 pro
1114 1249 1233 1290 falso
1268 1248 1363 1302 ‘pro
1395 1245 1574 1301 orare⁷.]

1112 1363 1194 1403 DE
1225 1361 1551 1404 MONACHIS.

330 1452 440 1499 Item
479 1452 557 1513 qui
595 1453 639 1498 in
678 1452 887 1498 claustris
926 1451 1119 1511 degunt,
1352 1451 1503 1502 Rixas‚
1542 1450 1646 1496 lites
1685 1458 1730 1497 et
1765 1466 1976 1498 rancores

258 1525 382 1570 quta
418 1537 621 1569 normam
660 1536 707 1568 se
742 1537 834 1568 non
871 1529 1058 1582 regunt,
1353 1521 1530 1568 Habent
1566 1524 1685 1567 inter
1722 1538 1770 1569 se
1809 1523 2002 1569 maiores

260 1593 400 1649 Quam
436 1600 590 1655 patres
627 1595 944 1644 instituerunt,
1354 1593 1556 1638 Monachi
1593 1600 1637 1638 et
1673 1593 1890 1653 Moniales

260 1665 347 1710 Sed
384 1680 482 1726 quae
519 1663 658 1710 vetita
694 1672 800 1709 sunt
837 1670 1070 1724 quaerunt,
1355 1662 1496 1718 Quam
1534 1677 1741 1723 personae
1779 1663 2040 1711 mundiales.

259 1735 418 1781 Vestes
455 1735 665 1781 deserunt
701 1734 988 1784 claustrales,
1355 1732 1439 1788 Qui
1477 1733 1571 1779 vult
1608 1733 1783 1780 Satanae
1821 1736 2011 1785 servire,

261 1805 347 1851 Sed
384 1806 430 1851 in
467 1812 618 1852 mente
655 1819 746 1850 non
785 1811 889 1850 sunt
930 1804 1064 1850 tales:
1354 1803 1610 1850 Claustrum
1646 1804 1780 1851 debet
1813 1807 2028 1852 introire:

258 1876 456 1937 Namque
494 1876 576 1922 sub
614 1876 826 1935 religiosa
1355 1874 1456 1921 Mali
1494 1882 1665 1934 cogunt
1701 1875 1762 1922 ibi
1801 1875 1969 1927 honos,

259 1947 393 1993 Veste
430 1946 542 1993 latet
579 1960 705 1992 mens
743 1945 924 1999 dolosa;
1355 1945 1411 1990 Ut
1448 1953 1630 1993 cantent
1666 1960 1823 1993 eorum
1865 1953 2012 1992 tonOS.

847 2127 930 2166 DE
961 2125 1275 2167 MONACHIS
1304 2125 1818 2169 MENDICANTIBVS.

328 2216 436 2261 Item
474 2216 639 2262 fratres
675 2216 981 2262 mendicantes
1355 2215 1500 2262 Aures
1537 2221 1778 2277 penetrant
1812 2221 2085 2277 magnatum.

259 2288 420 2333 Omnes
458 2286 552 2332 fere
589 2294 696 2333 sunt
733 2287 989 2332 truffantes:
1354 2285 1489 2333 Valde
1525 2285 1767 2347 diligenter
1800 2294 1960 2333 notant

259 2359 423 2404 Parent
460 2372 562 2404 nam
601 2358 722 2418 quod
758 2359 848 2403 sint
885 2358 1059 2408 devoti,
1356 2357 1437 2403 Ubi
1474 2358 1631 2404 divites
1667 2364 1913 2419 aegrotant:

259 2429 369 2474 Cum
407 2427 497 2474 sint
534 2435 681 2475 tamen
719 2442 910 2490 nequam
951 2427 1059 2473 toti:
1354 2428 1416 2474 lbi
1456 2435 1669 2480 currunt,
1710 2443 1793 2476 nec
1828 2428 2070 2476 cessabunt

260 2499 482 2560 Quicquid
518 2500 765 2560 praedicant
802 2511 1034 2550 sermone,
1354 2499 1503 2546 Donec
1539 2500 1664 2561 ipsos
1701 2500 2012 2553 tumulabunt;

260 2570 376 2615 Raro
416 2571 644 2632 complent
681 2572 880 2623 actione:
1356 2569 1444 2616 Sed
1480 2570 1535 2617 ad
1570 2585 1696 2618 casas
1733 2572 2000 2617 miserorum

262 2641 454 2692 Metunt‚
494 2641 569 2687 ubi
607 2655 829 2703 nusquam
867 2647 1046 2692 serunt,
1353 2641 1513 2688 Nullus
1551 2642 1618 2688 ire
1655 2641 1750 2688 vult
1786 2657 1956 2689 eorum.
2008 2669 2016 2673 -

262 2711 447 2771 Semper
482 2711 585 2772 plus
624 2727 757 2774 quam
796 2727 875 2759 sua
912 2717 1145 2773 quaerunt;
1354 2712 1468 2759 Puto
1506 2726 1610 2759 vero
1650 2713 1770 2774 quod
1808 2714 2069 2774 prodesset,

263 2782 375 2827 Oves
413 2781 579 2829 alienas
619 2784 832 2835 tondunt,
1356 2783 1401 2829 Si
1439 2785 1483 2830 in
1520 2783 1687 2830 mundo
1726 2784 1877 2830 nullus
1915 2791 2035 2830 esset

262 2851 315 2897 Et
350 2854 612 2913 parrochias
651 2854 955 2905 confundunt,
1358 2854 1602 2901 Monachus
1639 2854 1707 2900 vel
1745 2854 1977 2908 Monialis,

259 2923 472 2968 Dantibus
510 2924 787 2985 applaudunt
821 2939 946 2976 care,
1357 2925 1456 2972 Sive
1494 2931 1615 2972 secta
1649 2926 1941 2987 Begynnalis:

262 2993 346 3038 Sed
384 2995 460 3055 qui
495 2995 606 3040 nihil
642 3002 838 3057 possunt
874 2996 979 3041 dare
1356 2997 1601 3057 Postquam
1638 2999 1754 3043 enim
1791 2997 1857 3043 sic
1893 3003 2156 3049 creverunt,

261 3063 341 3108 Vel
378 3064 551 3125 replere
588 3066 651 3111 eis
688 3081 890 3118 manum,
1354 3067 1444 3112 Lex
1481 3073 1527 3113 et
1562 3067 1672 3114 fides
1707 3069 1961 3129 perierunt,

262 3132 367 3179 lllos
404 3137 590 3181 mittunt
628 3137 680 3182 ad
717 3137 973 3183 Plebanum.
1354 3138 1408 3183 Et
1446 3137 1588 3184 totius
1625 3139 1779 3185 mundi
1816 3146 1960 3186 status

262 3203 451 3250 Pulchre
486 3221 700 3265 perorare
736 3209 904 3259 sciunt,
1355 3209 1435 3255 Est
1471 3211 1517 3254 in
1554 3209 1720 3256 malum
1756 3216 2073 3258 commutatus.

264 3273 340 3318 His
379 3277 454 3334 qui
489 3278 677 3323 credunt
712 3281 827 3339 capti
866 3278 1001 3324 fiunt:
1354 3280 1512 3326 Utrum
1548 3281 1680 3342 culpa
1716 3283 1774 3327 sit
1811 3296 1990 3335 eorum,

264 3343 349 3389 Per
385 3345 623 3393 verborum
662 3355 923 3410 apparatum
1355 3350 1510 3397 Nescit
1546 3352 1755 3398 conditor
1791 3359 2069 3400 cunctorum.
