<?xml version="1.0" encoding="UTF-8"?>
<!DOCTYPE html PUBLIC "-//W3C//DTD XHTML 1.0 Transitional//EN"
    "http://www.w3.org/TR/xhtml1/DTD/xhtml1-transitional.dtd">
<html xmlns="http://www.w3.org/1999/xhtml" xml:lang="en" lang="en">
 <head>
  <title>
</title>
<meta http-equiv="Content-Type" content="text/html;charset=utf-8" />
  <meta name='ocr-system' content='tesseract 3.04.00' />
  <meta name='ocr-capabilities' content='ocr_page ocr_carea ocr_par ocr_line ocrx_word'/>
</head>
<body>
  <div class='ocr_page' id='page_1' title='image "./supoperaquaerepe01huttuoft_0549.png"; bbox 0 0 2456 4264; ppageno 0'>
   <div class='ocr_carea' id='block_1_1' title="bbox 857 280 2285 341">
    <p class='ocr_par' dir='ltr' id='par_1_1' title="bbox 857 280 2285 341">
     <span class='ocr_line' id='line_1_1' title="bbox 857 280 2285 341; baseline 0.004 -7"><span class='ocrx_word' id='word_1_1' title='bbox 857 306 1146 341; x_wconf 76' lang='lat' dir='ltr'><strong>PASQVILLVS</strong></span> <span class='ocrx_word' id='word_1_2' title='bbox 1168 305 1414 336; x_wconf 62' lang='lat' dir='ltr'>KARRANVS</span> <span class='ocrx_word' id='word_1_3' title='bbox 1434 306 1571 335; x_wconf 71' lang='lat' dir='ltr'><strong><em>EXVL.</em></strong></span> <span class='ocrx_word' id='word_1_4' title='bbox 2165 280 2285 340; x_wconf 79' lang='lat'>509</span> 
     </span>
    </p>
   </div>
   <div class='ocr_carea' id='block_1_2' title="bbox 77 436 2300 2997">
    <p class='ocr_par' dir='ltr' id='par_1_2' title="bbox 77 436 2300 2997">
     <span class='ocr_line' id='line_1_2' title="bbox 140 436 2288 500; baseline 0 -16"><span class='ocrx_word' id='word_1_5' title='bbox 140 437 249 484; x_wconf 90' lang='lat' dir='ltr'>stini</span> <span class='ocrx_word' id='word_1_6' title='bbox 285 436 682 494; x_wconf 75' lang='lat' dir='ltr'>Queretrunckerii</span> <span class='ocrx_word' id='word_1_7' title='bbox 730 437 866 500; x_wconf 86' lang='lat' dir='ltr'>vulgo</span> <span class='ocrx_word' id='word_1_8' title='bbox 914 439 1166 490; x_wconf 80' lang='lat' dir='ltr'>inculcatis,</span> <span class='ocrx_word' id='word_1_9' title='bbox 1241 439 1276 485; x_wconf 94' lang='grc' dir='ltr'><strong>Ο</strong></span> <span class='ocrx_word' id='word_1_10' title='bbox 1323 439 1502 486; x_wconf 89' lang='lat' dir='ltr'>domine</span> <span class='ocrx_word' id='word_1_11' title='bbox 1549 438 1749 492; x_wconf 85' lang='lat' dir='ltr'>Alveldi,</span> <span class='ocrx_word' id='word_1_12' title='bbox 1795 439 1971 500; x_wconf 85' lang='lat' dir='ltr'>respice</span> <span class='ocrx_word' id='word_1_13' title='bbox 2016 453 2106 500; x_wconf 88' lang='lat' dir='ltr'>quo</span> <span class='ocrx_word' id='word_1_14' title='bbox 2155 446 2288 500; x_wconf 90' lang='lat' dir='ltr'>pacto</span> 
     </span>
     <span class='ocr_line' id='line_1_3' title="bbox 138 507 2289 572; baseline 0 -17"><span class='ocrx_word' id='word_1_15' title='bbox 138 515 292 555; x_wconf 86' lang='lat' dir='ltr'>vestro</span> <span class='ocrx_word' id='word_1_16' title='bbox 329 507 496 555; x_wconf 84' lang='lat' dir='ltr'>auxilio</span> <span class='ocrx_word' id='word_1_17' title='bbox 523 509 708 555; x_wconf 90' lang='lat' dir='ltr'>Romani</span> <span class='ocrx_word' id='word_1_18' title='bbox 747 512 1103 557; x_wconf 87' lang='lat' dir='ltr'>obscuraverunt</span> <span class='ocrx_word' id='word_1_19' title='bbox 1140 525 1299 556; x_wconf 89' lang='lat' dir='ltr'>aurum</span> <span class='ocrx_word' id='word_1_20' title='bbox 1337 511 1382 556; x_wconf 91' lang='lat' dir='ltr'>in</span> <span class='ocrx_word' id='word_1_21' title='bbox 1421 511 1677 563; x_wconf 81' lang='lat' dir='ltr'><strong>Germania,</strong></span> <span class='ocrx_word' id='word_1_22' title='bbox 1717 516 1763 556; x_wconf 92' lang='lat' dir='ltr'>et</span> <span class='ocrx_word' id='word_1_23' title='bbox 1799 511 1913 557; x_wconf 89' lang='lat' dir='ltr'>istac</span> <span class='ocrx_word' id='word_1_24' title='bbox 1950 509 2027 556; x_wconf 90' lang='lat' dir='ltr'>ubi</span> <span class='ocrx_word' id='word_1_25' title='bbox 2063 511 2193 572; x_wconf 89' lang='lat' dir='ltr'>prius</span> <span class='ocrx_word' id='word_1_26' title='bbox 2218 512 2289 556; x_wconf 83' lang='lat' dir='ltr'>vix</span> 
     </span>
     <span class='ocr_line' id='line_1_4' title="bbox 137 574 2290 643; baseline 0.001 -18"><span class='ocrx_word' id='word_1_27' title='bbox 137 581 216 626; x_wconf 89' lang='lat' dir='ltr'>uni</span> <span class='ocrx_word' id='word_1_28' title='bbox 252 579 424 626; x_wconf 88' lang='lat' dir='ltr'>homini</span> <span class='ocrx_word' id='word_1_29' title='bbox 460 593 544 641; x_wconf 90' lang='lat' dir='ltr'>per</span> <span class='ocrx_word' id='word_1_30' title='bbox 578 580 714 642; x_wconf 83' lang='lat' dir='ltr'>Alpes</span> <span class='ocrx_word' id='word_1_31' title='bbox 751 583 818 627; x_wconf 89' lang='lat' dir='ltr'>via</span> <span class='ocrx_word' id='word_1_32' title='bbox 857 584 1026 643; x_wconf 87' lang='lat' dir='ltr'>patuit,</span> <span class='ocrx_word' id='word_1_33' title='bbox 1074 584 1277 642; x_wconf 84' lang='lat' dir='ltr'>integros</span> <span class='ocrx_word' id='word_1_34' title='bbox 1315 574 1562 628; x_wconf 86' lang='lat' dir='ltr'>Germaniae</span> <span class='ocrx_word' id='word_1_35' title='bbox 1609 588 1786 628; x_wconf 88' lang='lat' dir='ltr'>montes</span> <span class='ocrx_word' id='word_1_36' title='bbox 1822 582 2007 628; x_wconf 86' lang='lat' dir='ltr'>Romam</span> <span class='ocrx_word' id='word_1_37' title='bbox 2044 580 2290 628; x_wconf 86' lang='lat' dir='ltr'>transtule-</span> 
     </span>
     <span class='ocr_line' id='line_1_5' title="bbox 124 650 2290 714; baseline 0.001 -18"><span class='ocrx_word' id='word_1_38' title='bbox 124 657 268 702; x_wconf 80' lang='lat' dir='ltr'>·runt,</span> <span class='ocrx_word' id='word_1_39' title='bbox 306 665 392 712; x_wconf 92' lang='lat' dir='ltr'>pro</span> <span class='ocrx_word' id='word_1_40' title='bbox 430 650 597 712; x_wconf 88' lang='lat' dir='ltr'>quibus</span> <span class='ocrx_word' id='word_1_41' title='bbox 635 652 844 699; x_wconf 89' lang='lat' dir='ltr'>omnibus</span> <span class='ocrx_word' id='word_1_42' title='bbox 882 653 1159 699; x_wconf 82' lang='lat' dir='ltr'>callidissimi</span> <span class='ocrx_word' id='word_1_43' title='bbox 1198 660 1472 699; x_wconf 77' lang='lat' dir='ltr'>mercatores</span> <span class='ocrx_word' id='word_1_44' title='bbox 1498 653 1781 714; x_wconf 87' lang='lat' dir='ltr'>reliquerunt</span> <span class='ocrx_word' id='word_1_45' title='bbox 1804 652 1936 699; x_wconf 90' lang='lat' dir='ltr'>nobis</span> <span class='ocrx_word' id='word_1_46' title='bbox 1962 652 2290 714; x_wconf 80' lang='lat' dir='ltr'>quinquaginta</span> 
     </span>
     <span class='ocr_line' id='line_1_6' title="bbox 103 721 2290 786; baseline 0.001 -19"><span class='ocrx_word' id='word_1_47' title='bbox 103 721 263 768; x_wconf 63' lang='lat' dir='ltr'>§milia</span> <span class='ocrx_word' id='word_1_48' title='bbox 299 721 503 783; x_wconf 90' lang='lat' dir='ltr'>plaustra</span> <span class='ocrx_word' id='word_1_49' title='bbox 541 723 948 786; x_wconf 86' lang='lat' dir='ltr'>indulgentiarum,</span> <span class='ocrx_word' id='word_1_50' title='bbox 986 723 1156 775; x_wconf 84' lang='lat' dir='ltr'>bullas.</span> <span class='ocrx_word' id='word_1_51' title='bbox 1196 724 1365 775; x_wconf 90' lang='lat' dir='ltr'>brevia,</span> <span class='ocrx_word' id='word_1_52' title='bbox 1404 724 1596 775; x_wconf 90' lang='lat' dir='ltr'>indulta,</span> <span class='ocrx_word' id='word_1_53' title='bbox 1635 725 1935 770; x_wconf 89' lang='lat' dir='ltr'>instrumenta</span> <span class='ocrx_word' id='word_1_54' title='bbox 1971 730 2016 769; x_wconf 90' lang='lat' dir='ltr'>et</span> <span class='ocrx_word' id='word_1_55' title='bbox 2051 723 2192 770; x_wconf 89' lang='lat' dir='ltr'>multa</span> <span class='ocrx_word' id='word_1_56' title='bbox 2230 723 2290 769; x_wconf 90' lang='lat' dir='ltr'>si·</span> 
     </span>
     <span class='ocr_line' id='line_1_7' title="bbox 138 792 2291 857; baseline 0.001 -19"><span class='ocrx_word' id='word_1_57' title='bbox 138 792 274 839; x_wconf 89' lang='lat' dir='ltr'>milia.</span> <span class='ocrx_word' id='word_1_58' title='bbox 346 793 444 839; x_wconf 89' lang='lat' dir='ltr'>vide</span> <span class='ocrx_word' id='word_1_59' title='bbox 482 809 615 855; x_wconf 91' lang='lat' dir='ltr'>quam</span> <span class='ocrx_word' id='word_1_60' title='bbox 652 795 846 855; x_wconf 91' lang='lat' dir='ltr'>dispersi</span> <span class='ocrx_word' id='word_1_61' title='bbox 886 802 1015 841; x_wconf 89' lang='lat' dir='ltr'>erant</span> <span class='ocrx_word' id='word_1_62' title='bbox 1062 810 1144 857; x_wconf 91' lang='lat' dir='ltr'>per</span> <span class='ocrx_word' id='word_1_63' title='bbox 1190 796 1445 841; x_wconf 89' lang='lat' dir='ltr'>universam</span> <span class='ocrx_word' id='word_1_64' title='bbox 1482 794 1707 855; x_wconf 83' lang='lat' dir='ltr'>Europam</span> <span class='ocrx_word' id='word_1_65' title='bbox 1745 795 1799 839; x_wconf 88' lang='lat' dir='ltr'>ad</span> <span class='ocrx_word' id='word_1_66' title='bbox 1836 795 2143 855; x_wconf 85' lang='lat' dir='ltr'>emungendos</span> <span class='ocrx_word' id='word_1_67' title='bbox 2180 809 2291 856; x_wconf 92' lang='lat' dir='ltr'>pau-</span> 
     </span>
     <span class='ocr_line' id='line_1_8' title="bbox 138 864 2290 926; baseline 0 -17"><span class='ocrx_word' id='word_1_68' title='bbox 138 877 298 925; x_wconf 89' lang='lat' dir='ltr'>perum</span> <span class='ocrx_word' id='word_1_69' title='bbox 344 864 536 911; x_wconf 90' lang='lat' dir='ltr'>sudores</span> <span class='ocrx_word' id='word_1_70' title='bbox 573 865 921 912; x_wconf 89' lang='lat' dir='ltr'>Romanensium</span> <span class='ocrx_word' id='word_1_71' title='bbox 960 866 1206 918; x_wconf 88' lang='lat' dir='ltr'>Curtisani‚</span> <span class='ocrx_word' id='word_1_72' title='bbox 1255 865 1513 917; x_wconf 85' lang='lat' dir='ltr'>stabularii,</span> <span class='ocrx_word' id='word_1_73' title='bbox 1562 865 1808 916; x_wconf 90' lang='lat' dir='ltr'>muliones,</span> <span class='ocrx_word' id='word_1_74' title='bbox 1858 879 2102 926; x_wconf 85' lang='lat' dir='ltr'>agasones,</span> <span class='ocrx_word' id='word_1_75' title='bbox 2152 865 2290 911; x_wconf 91' lang='lat' dir='ltr'>Silve-</span> 
     </span>
     <span class='ocr_line' id='line_1_9' title="bbox 139 934 2289 999; baseline 0 -19"><span class='ocrx_word' id='word_1_76' title='bbox 139 941 367 986; x_wconf 89' lang='lat' dir='ltr'>strenses,</span> <span class='ocrx_word' id='word_1_77' title='bbox 405 934 669 988; x_wconf 87' lang='lat' dir='ltr'>Eccienses,</span> <span class='ocrx_word' id='word_1_78' title='bbox 708 937 1007 988; x_wconf 87' lang='lat' dir='ltr'>Caietaniani,</span> <span class='ocrx_word' id='word_1_79' title='bbox 1046 936 1325 999; x_wconf 85' lang='lat' dir='ltr'>Capricornii</span> <span class='ocrx_word' id='word_1_80' title='bbox 1363 945 1500 997; x_wconf 88' lang='lat' dir='ltr'>atque</span> <span class='ocrx_word' id='word_1_81' title='bbox 1525 937 1569 982; x_wconf 91' lang='lat' dir='ltr'>id</span> <span class='ocrx_word' id='word_1_82' title='bbox 1595 949 1738 997; x_wconf 88' lang='lat' dir='ltr'>genus</span> <span class='ocrx_word' id='word_1_83' title='bbox 1765 935 2058 987; x_wconf 84' lang='lat' dir='ltr'>crabronum,</span> <span class='ocrx_word' id='word_1_84' title='bbox 2098 950 2289 997; x_wconf 90' lang='lat' dir='ltr'>quorum</span> 
     </span>
     <span class='ocr_line' id='line_1_10' title="bbox 145 1006 2291 1068; baseline 0 -17"><span class='ocrx_word' id='word_1_85' title='bbox 145 1019 350 1052; x_wconf 87' lang='lat' dir='ltr'>caussam</span> <span class='ocrx_word' id='word_1_86' title='bbox 389 1013 439 1053; x_wconf 90' lang='lat' dir='ltr'>tu</span> <span class='ocrx_word' id='word_1_87' title='bbox 476 1010 660 1068; x_wconf 83' lang='lat' dir='ltr'>egregie</span> <span class='ocrx_word' id='word_1_88' title='bbox 698 1009 854 1054; x_wconf 90' lang='lat' dir='ltr'>tueris.</span> <span class='ocrx_word' id='word_1_89' title='bbox 930 1009 1038 1054; x_wconf 88' lang='lat' dir='ltr'>mihi</span> <span class='ocrx_word' id='word_1_90' title='bbox 1079 1017 1225 1054; x_wconf 86' lang='lat' dir='ltr'>tamen</span> <span class='ocrx_word' id='word_1_91' title='bbox 1264 1008 1403 1053; x_wconf 92' lang='lat' dir='ltr'>nolim</span> <span class='ocrx_word' id='word_1_92' title='bbox 1445 1007 1578 1053; x_wconf 87' lang='lat' dir='ltr'>talem</span> <span class='ocrx_word' id='word_1_93' title='bbox 1615 1014 1878 1068; x_wconf 90' lang='lat' dir='ltr'>patronum,</span> <span class='ocrx_word' id='word_1_94' title='bbox 1919 1008 1956 1052; x_wconf 88' lang='lat' dir='ltr'>si</span> <span class='ocrx_word' id='word_1_95' title='bbox 1994 1006 2063 1052; x_wconf 92' lang='lat' dir='ltr'>vel</span> <span class='ocrx_word' id='word_1_96' title='bbox 2101 1007 2155 1052; x_wconf 89' lang='lat' dir='ltr'>de</span> <span class='ocrx_word' id='word_1_97' title='bbox 2192 1007 2291 1053; x_wconf 91' lang='lat' dir='ltr'>lana</span> 
     </span>
     <span class='ocr_line' id='line_1_11' title="bbox 83 1077 2292 1140; baseline 0 -18"><span class='ocrx_word' id='word_1_98' title='bbox 83 1078 328 1138; x_wconf 85' lang='lat' dir='ltr'>1ocaprina</span> <span class='ocrx_word' id='word_1_99' title='bbox 373 1091 446 1124; x_wconf 91' lang='lat' dir='ltr'>res</span> <span class='ocrx_word' id='word_1_100' title='bbox 493 1085 719 1139; x_wconf 80' lang='lat' dir='ltr'>ageretur.</span> <span class='ocrx_word' id='word_1_101' title='bbox 793 1078 828 1124; x_wconf 89' lang='grc' dir='ltr'>Ο</span> <span class='ocrx_word' id='word_1_102' title='bbox 874 1093 991 1126; x_wconf 89' lang='lat' dir='ltr'>nunc</span> <span class='ocrx_word' id='word_1_103' title='bbox 1036 1078 1183 1126; x_wconf 82' lang='lat' dir='ltr'>felicia</span> <span class='ocrx_word' id='word_1_104' title='bbox 1225 1087 1450 1140; x_wconf 88' lang='lat' dir='ltr'>tempora,</span> <span class='ocrx_word' id='word_1_105' title='bbox 1502 1077 1666 1139; x_wconf 90' lang='lat' dir='ltr'>quibus</span> <span class='ocrx_word' id='word_1_106' title='bbox 1714 1078 1880 1124; x_wconf 88' lang='lat' dir='ltr'>veritas</span> <span class='ocrx_word' id='word_1_107' title='bbox 1917 1078 2092 1123; x_wconf 90' lang='lat' dir='ltr'>Domini</span> <span class='ocrx_word' id='word_1_108' title='bbox 2139 1077 2292 1129; x_wconf 85' lang='lat' dir='ltr'>eluxit,</span> 
     </span>
     <span class='ocr_line' id='line_1_12' title="bbox 141 1148 2293 1210; baseline 0 -17"><span class='ocrx_word' id='word_1_109' title='bbox 141 1148 318 1194; x_wconf 88' lang='lat' dir='ltr'>etiamsi</span> <span class='ocrx_word' id='word_1_110' title='bbox 357 1150 485 1210; x_wconf 88' lang='lat' dir='ltr'>quasi</span> <span class='ocrx_word' id='word_1_111' title='bbox 524 1164 660 1196; x_wconf 91' lang='lat' dir='ltr'>ursus</span> <span class='ocrx_word' id='word_1_112' title='bbox 697 1152 742 1196; x_wconf 90' lang='lat' dir='ltr'>in</span> <span class='ocrx_word' id='word_1_113' title='bbox 781 1151 970 1197; x_wconf 87' lang='lat' dir='ltr'>cathena</span> <span class='ocrx_word' id='word_1_114' title='bbox 1008 1151 1184 1197; x_wconf 92' lang='lat' dir='ltr'>vinctus</span> <span class='ocrx_word' id='word_1_115' title='bbox 1223 1149 1454 1210; x_wconf 86' lang='lat' dir='ltr'>ringeres:</span> <span class='ocrx_word' id='word_1_116' title='bbox 1493 1150 1676 1210; x_wconf 89' lang='lat' dir='ltr'>sapiunt</span> <span class='ocrx_word' id='word_1_117' title='bbox 1712 1149 1798 1194; x_wconf 92' lang='lat' dir='ltr'>iam</span> <span class='ocrx_word' id='word_1_118' title='bbox 1836 1148 1962 1194; x_wconf 92' lang='lat' dir='ltr'>vobis</span> <span class='ocrx_word' id='word_1_119' title='bbox 1989 1149 2196 1194; x_wconf 92' lang='lat' dir='ltr'>omnibus</span> <span class='ocrx_word' id='word_1_120' title='bbox 2224 1163 2293 1194; x_wconf 91' lang='lat' dir='ltr'>re·</span> 
     </span>
     <span class='ocr_line' id='line_1_13' title="bbox 140 1219 2294 1281; baseline 0 -17"><span class='ocrx_word' id='word_1_121' title='bbox 140 1219 392 1279; x_wconf 85' lang='lat' dir='ltr'>nitentibus</span> <span class='ocrx_word' id='word_1_122' title='bbox 418 1221 604 1273; x_wconf 88' lang='lat' dir='ltr'>rustici,</span> <span class='ocrx_word' id='word_1_123' title='bbox 643 1221 788 1273; x_wconf 85' lang='lat' dir='ltr'>cives,</span> <span class='ocrx_word' id='word_1_124' title='bbox 827 1222 1017 1272; x_wconf 89' lang='lat' dir='ltr'>milites,</span> <span class='ocrx_word' id='word_1_125' title='bbox 1056 1223 1272 1271; x_wconf 88' lang='lat' dir='ltr'>comites,</span> <span class='ocrx_word' id='word_1_126' title='bbox 1311 1221 1473 1271; x_wconf 86' lang='lat' dir='ltr'>duces,</span> <span class='ocrx_word' id='word_1_127' title='bbox 1512 1221 1742 1281; x_wconf 87' lang='lat' dir='ltr'>principes</span> <span class='ocrx_word' id='word_1_128' title='bbox 1770 1226 1814 1264; x_wconf 90' lang='lat' dir='ltr'>et</span> <span class='ocrx_word' id='word_1_129' title='bbox 1839 1233 2000 1281; x_wconf 87' lang='lat' dir='ltr'>reges,</span> <span class='ocrx_word' id='word_1_130' title='bbox 2040 1226 2294 1280; x_wconf 86' lang='lat' dir='ltr'>agnoscunt</span> 
     </span>
     <span class='ocr_line' id='line_1_14' title="bbox 140 1290 2293 1354; baseline 0 -18"><span class='ocrx_word' id='word_1_131' title='bbox 140 1296 187 1336; x_wconf 88' lang='lat' dir='ltr'>et</span> <span class='ocrx_word' id='word_1_132' title='bbox 223 1290 567 1352; x_wconf 88' lang='lat' dir='ltr'>deprehendunt</span> <span class='ocrx_word' id='word_1_133' title='bbox 603 1299 774 1338; x_wconf 91' lang='lat' dir='ltr'>vestras</span> <span class='ocrx_word' id='word_1_134' title='bbox 812 1294 1090 1354; x_wconf 88' lang='lat' dir='ltr'>imposturas</span> <span class='ocrx_word' id='word_1_135' title='bbox 1128 1300 1173 1339; x_wconf 88' lang='lat' dir='ltr'>et</span> <span class='ocrx_word' id='word_1_136' title='bbox 1221 1291 1418 1338; x_wconf 81' lang='lat' dir='ltr'>offutias.</span> <span class='ocrx_word' id='word_1_137' title='bbox 1476 1305 1671 1352; x_wconf 87' lang='lat' dir='ltr'>agnosce</span> <span class='ocrx_word' id='word_1_138' title='bbox 1722 1297 1841 1336; x_wconf 90' lang='lat' dir='ltr'>tuam</span> <span class='ocrx_word' id='word_1_139' title='bbox 1890 1291 2196 1337; x_wconf 79' lang='lat' dir='ltr'>infelicitatem</span> <span class='ocrx_word' id='word_1_140' title='bbox 2247 1291 2293 1336; x_wconf 92' lang='lat' dir='ltr'>in</span> 
     </span>
     <span class='ocr_line' id='line_1_15' title="bbox 139 1361 2295 1425; baseline 0 -19"><span class='ocrx_word' id='word_1_141' title='bbox 139 1362 267 1422; x_wconf 85' lang='lat' dir='ltr'>virga</span> <span class='ocrx_word' id='word_1_142' title='bbox 304 1362 630 1422; x_wconf 85' lang='lat' dir='ltr'>indignationis</span> <span class='ocrx_word' id='word_1_143' title='bbox 667 1370 779 1415; x_wconf 80' lang='lat' dir='ltr'>tuae:</span> <span class='ocrx_word' id='word_1_144' title='bbox 817 1364 916 1409; x_wconf 90' lang='lat' dir='ltr'>vide</span> <span class='ocrx_word' id='word_1_145' title='bbox 953 1377 1086 1425; x_wconf 90' lang='lat' dir='ltr'>quam</span> <span class='ocrx_word' id='word_1_146' title='bbox 1125 1363 1368 1409; x_wconf 75' lang='lat' dir='ltr'>infeliciter</span> <span class='ocrx_word' id='word_1_147' title='bbox 1403 1377 1504 1409; x_wconf 92' lang='lat' dir='ltr'>cum</span> <span class='ocrx_word' id='word_1_148' title='bbox 1543 1361 1761 1424; x_wconf 90' lang='lat' dir='ltr'>pediculis</span> <span class='ocrx_word' id='word_1_149' title='bbox 1793 1361 1919 1407; x_wconf 58' lang='lat' dir='ltr'>&#39;domi</span> <span class='ocrx_word' id='word_1_150' title='bbox 1956 1363 2211 1414; x_wconf 87' lang='lat' dir='ltr'>certaveris,</span> <span class='ocrx_word' id='word_1_151' title='bbox 2250 1368 2295 1407; x_wconf 89' lang='lat' dir='ltr'>et</span> 
     </span>
     <span class='ocr_line' id='line_1_16' title="bbox 82 1433 2295 1495; baseline -0 -16"><span class='ocrx_word' id='word_1_152' title='bbox 82 1439 125 1474; x_wconf 81' lang='lat'>15</span> <span class='ocrx_word' id='word_1_153' title='bbox 144 1447 277 1494; x_wconf 88' lang='lat' dir='ltr'>quam</span> <span class='ocrx_word' id='word_1_154' title='bbox 313 1435 426 1480; x_wconf 86' lang='lat' dir='ltr'>mari</span> <span class='ocrx_word' id='word_1_155' title='bbox 461 1433 580 1480; x_wconf 89' lang='lat' dir='ltr'>malo</span> <span class='ocrx_word' id='word_1_156' title='bbox 617 1433 738 1480; x_wconf 90' lang='lat' dir='ltr'>filius</span> <span class='ocrx_word' id='word_1_157' title='bbox 777 1434 1064 1480; x_wconf 87' lang='lat' dir='ltr'>tenebrarum</span> <span class='ocrx_word' id='word_1_158' title='bbox 1101 1436 1146 1480; x_wconf 89' lang='lat' dir='ltr'>in</span> <span class='ocrx_word' id='word_1_159' title='bbox 1185 1435 1330 1481; x_wconf 90' lang='lat' dir='ltr'>lucem</span> <span class='ocrx_word' id='word_1_160' title='bbox 1354 1434 1604 1495; x_wconf 88' lang='lat' dir='ltr'>prodieris:</span> <span class='ocrx_word' id='word_1_161' title='bbox 1641 1434 1750 1479; x_wconf 90' lang='lat' dir='ltr'>vivit</span> <span class='ocrx_word' id='word_1_162' title='bbox 1775 1434 1891 1481; x_wconf 87' lang='lat' dir='ltr'>euim</span> <span class='ocrx_word' id='word_1_163' title='bbox 1916 1434 2104 1485; x_wconf 88' lang='lat' dir='ltr'>veritas,</span> <span class='ocrx_word' id='word_1_164' title='bbox 2143 1439 2193 1478; x_wconf 88' lang='lat' dir='ltr'>tu</span> <span class='ocrx_word' id='word_1_165' title='bbox 2218 1448 2295 1479; x_wconf 88' lang='lat' dir='ltr'>au-</span> 
     </span>
     <span class='ocr_line' id='line_1_17' title="bbox 140 1503 2295 1566; baseline -0 -16"><span class='ocrx_word' id='word_1_166' title='bbox 140 1510 230 1550; x_wconf 91' lang='lat' dir='ltr'>tem</span> <span class='ocrx_word' id='word_1_167' title='bbox 266 1503 552 1566; x_wconf 88' lang='lat' dir='ltr'>permanebis</span> <span class='ocrx_word' id='word_1_168' title='bbox 588 1520 672 1566; x_wconf 90' lang='lat' dir='ltr'>per</span> <span class='ocrx_word' id='word_1_169' title='bbox 708 1506 855 1552; x_wconf 89' lang='lat' dir='ltr'>omnia</span> <span class='ocrx_word' id='word_1_170' title='bbox 895 1505 1060 1553; x_wconf 90' lang='lat' dir='ltr'>saecula</span> <span class='ocrx_word' id='word_1_171' title='bbox 1097 1506 1369 1554; x_wconf 73' lang='lat' dir='ltr'>saeculorum</span> <span class='ocrx_word' id='word_1_172' title='bbox 1416 1505 1808 1552; x_wconf 87' lang='lat' dir='ltr'>alveldialissimus</span> <span class='ocrx_word' id='word_1_173' title='bbox 1844 1504 2094 1555; x_wconf 84' lang='lat' dir='ltr'>Alveldius.</span> <span class='ocrx_word' id='word_1_174' title='bbox 2142 1511 2186 1549; x_wconf 86' lang='lat' dir='ltr'>et</span> <span class='ocrx_word' id='word_1_175' title='bbox 2224 1518 2295 1549; x_wconf 90' lang='lat' dir='ltr'>ve-</span> 
     </span>
     <span class='ocr_line' id='line_1_18' title="bbox 138 1575 2293 1639; baseline -0 -18"><span class='ocrx_word' id='word_1_176' title='bbox 138 1581 235 1622; x_wconf 89' lang='lat' dir='ltr'>stra</span> <span class='ocrx_word' id='word_1_177' title='bbox 271 1575 409 1622; x_wconf 85' lang='lat' dir='ltr'>Sedes</span> <span class='ocrx_word' id='word_1_178' title='bbox 445 1575 699 1638; x_wconf 89' lang='lat' dir='ltr'>apostolica</span> <span class='ocrx_word' id='word_1_179' title='bbox 744 1590 864 1623; x_wconf 91' lang='lat' dir='ltr'>nunc</span> <span class='ocrx_word' id='word_1_180' title='bbox 910 1583 956 1623; x_wconf 91' lang='lat' dir='ltr'>et</span> <span class='ocrx_word' id='word_1_181' title='bbox 1003 1591 1182 1639; x_wconf 87' lang='lat' dir='ltr'>semper</span> <span class='ocrx_word' id='word_1_182' title='bbox 1219 1577 1411 1625; x_wconf 90' lang='lat' dir='ltr'>ficulnea</span> <span class='ocrx_word' id='word_1_183' title='bbox 1447 1578 1672 1623; x_wconf 89' lang='lat' dir='ltr'>materies.</span> <span class='ocrx_word' id='word_1_184' title='bbox 1745 1575 1891 1632; x_wconf 85' lang='lat' dir='ltr'>Quare</span> <span class='ocrx_word' id='word_1_185' title='bbox 1928 1577 2015 1621; x_wconf 90' lang='lat' dir='ltr'>nisi</span> <span class='ocrx_word' id='word_1_186' title='bbox 2053 1577 2098 1621; x_wconf 90' lang='lat' dir='ltr'>in</span> <span class='ocrx_word' id='word_1_187' title='bbox 2137 1588 2293 1636; x_wconf 89' lang='lat' dir='ltr'>perpe-</span> 
     </span>
     <span class='ocr_line' id='line_1_19' title="bbox 103 1645 2298 1710; baseline -0 -17"><span class='ocrx_word' id='word_1_188' title='bbox 103 1650 110 1653; x_wconf 83' lang='grc'><em>“</em></span> <span class='ocrx_word' id='word_1_189' title='bbox 141 1652 268 1693; x_wconf 91' lang='lat' dir='ltr'>tuum</span> <span class='ocrx_word' id='word_1_190' title='bbox 307 1648 373 1693; x_wconf 89' lang='lat' dir='ltr'>tui</span> <span class='ocrx_word' id='word_1_191' title='bbox 411 1645 582 1694; x_wconf 91' lang='lat' dir='ltr'>oblitus</span> <span class='ocrx_word' id='word_1_192' title='bbox 620 1661 691 1699; x_wconf 92' lang='lat' dir='ltr'>es,</span> <span class='ocrx_word' id='word_1_193' title='bbox 742 1649 830 1694; x_wconf 88' lang='lat' dir='ltr'>iam</span> <span class='ocrx_word' id='word_1_194' title='bbox 876 1649 1042 1710; x_wconf 81' lang='lat' dir='ltr'>agnitae</span> <span class='ocrx_word' id='word_1_195' title='bbox 1093 1651 1270 1696; x_wconf 89' lang='lat' dir='ltr'>veritati</span> <span class='ocrx_word' id='word_1_196' title='bbox 1318 1649 1447 1701; x_wconf 91' lang='lat' dir='ltr'>cede,</span> <span class='ocrx_word' id='word_1_197' title='bbox 1496 1662 1580 1694; x_wconf 90' lang='lat' dir='ltr'>nec</span> <span class='ocrx_word' id='word_1_198' title='bbox 1616 1649 1661 1694; x_wconf 94' lang='lat' dir='ltr'>in</span> <span class='ocrx_word' id='word_1_199' title='bbox 1699 1647 1982 1707; x_wconf 91' lang='lat' dir='ltr'>longitudine</span> <span class='ocrx_word' id='word_1_200' title='bbox 2018 1647 2192 1693; x_wconf 88' lang='lat' dir='ltr'>dierum</span> <span class='ocrx_word' id='word_1_201' title='bbox 2232 1646 2298 1691; x_wconf 90' lang='lat' dir='ltr'>in-</span> 
     </span>
     <span class='ocr_line' id='line_1_20' title="bbox 137 1711 2296 1783; baseline -0 -19"><span class='ocrx_word' id='word_1_202' title='bbox 137 1720 259 1771; x_wconf 84' lang='lat' dir='ltr'>sani;</span> <span class='ocrx_word' id='word_1_203' title='bbox 306 1717 525 1766; x_wconf 84' lang='lat' dir='ltr'>erubesce</span> <span class='ocrx_word' id='word_1_204' title='bbox 572 1719 708 1765; x_wconf 91' lang='lat' dir='ltr'>simul</span> <span class='ocrx_word' id='word_1_205' title='bbox 755 1734 857 1766; x_wconf 92' lang='lat' dir='ltr'>cum</span> <span class='ocrx_word' id='word_1_206' title='bbox 904 1727 985 1767; x_wconf 89' lang='lat' dir='ltr'>tuo</span> <span class='ocrx_word' id='word_1_207' title='bbox 1025 1721 1256 1782; x_wconf 86' lang='lat' dir='ltr'>evangelio</span> <span class='ocrx_word' id='word_1_208' title='bbox 1295 1735 1349 1767; x_wconf 83' lang='lat' dir='ltr'>ex</span> <span class='ocrx_word' id='word_1_209' title='bbox 1386 1721 1538 1768; x_wconf 89' lang='lat' dir='ltr'>cloaca</span> <span class='ocrx_word' id='word_1_210' title='bbox 1577 1720 1896 1766; x_wconf 88' lang='lat' dir='ltr'>Monachorum</span> <span class='ocrx_word' id='word_1_211' title='bbox 1934 1711 2103 1783; x_wconf 73' lang='lat' dir='ltr'>ascito.</span> <span class='ocrx_word' id='word_1_212' title='bbox 2153 1717 2296 1764; x_wconf 90' lang='lat' dir='ltr'>abiice</span> 
     </span>
     <span class='ocr_line' id='line_1_21' title="bbox 81 1788 2297 1850; baseline -0 -15"><span class='ocrx_word' id='word_1_213' title='bbox 81 1789 343 1836; x_wconf 63' lang='lat' dir='ltr'>enitentem</span> <span class='ocrx_word' id='word_1_214' title='bbox 380 1791 661 1844; x_wconf 88' lang='lat' dir='ltr'>meretricis;</span> <span class='ocrx_word' id='word_1_215' title='bbox 701 1798 747 1837; x_wconf 92' lang='lat' dir='ltr'>et</span> <span class='ocrx_word' id='word_1_216' title='bbox 782 1798 835 1838; x_wconf 88' lang='lat' dir='ltr'>nt</span> <span class='ocrx_word' id='word_1_217' title='bbox 872 1791 954 1838; x_wconf 90' lang='lat' dir='ltr'>tibi</span> <span class='ocrx_word' id='word_1_218' title='bbox 996 1799 1114 1838; x_wconf 88' lang='lat' dir='ltr'>tuam</span> <span class='ocrx_word' id='word_1_219' title='bbox 1153 1793 1422 1840; x_wconf 90' lang='lat' dir='ltr'>dementiam</span> <span class='ocrx_word' id='word_1_220' title='bbox 1448 1791 1655 1838; x_wconf 88' lang='lat' dir='ltr'>Christus</span> <span class='ocrx_word' id='word_1_221' title='bbox 1692 1791 1923 1850; x_wconf 85' lang='lat' dir='ltr'>ignoscat,</span> <span class='ocrx_word' id='word_1_222' title='bbox 1962 1790 2076 1837; x_wconf 89' lang='lat' dir='ltr'>hanc</span> <span class='ocrx_word' id='word_1_223' title='bbox 2113 1788 2297 1836; x_wconf 90' lang='lat' dir='ltr'>cantile-</span> 
     </span>
     <span class='ocr_line' id='line_1_22' title="bbox 136 1861 2299 1925; baseline -0.001 -18"><span class='ocrx_word' id='word_1_224' title='bbox 136 1875 241 1908; x_wconf 85' lang='lat' dir='ltr'>nam</span> <span class='ocrx_word' id='word_1_225' title='bbox 275 1868 386 1923; x_wconf 90' lang='lat' dir='ltr'>post</span> <span class='ocrx_word' id='word_1_226' title='bbox 422 1867 528 1909; x_wconf 90' lang='lat' dir='ltr'>octo</span> <span class='ocrx_word' id='word_1_227' title='bbox 566 1876 726 1909; x_wconf 91' lang='lat' dir='ltr'>versus</span> <span class='ocrx_word' id='word_1_228' title='bbox 763 1862 808 1909; x_wconf 88' lang='lat' dir='ltr'>S.</span> <span class='ocrx_word' id='word_1_229' title='bbox 834 1863 1049 1909; x_wconf 86' lang='lat' dir='ltr'>Bernardi</span> <span class='ocrx_word' id='word_1_230' title='bbox 1086 1879 1171 1925; x_wconf 90' lang='lat' dir='ltr'>pro</span> <span class='ocrx_word' id='word_1_231' title='bbox 1211 1864 1409 1911; x_wconf 89' lang='lat' dir='ltr'>Collecta</span> <span class='ocrx_word' id='word_1_232' title='bbox 1445 1863 1514 1908; x_wconf 92' lang='lat' dir='ltr'>vel</span> <span class='ocrx_word' id='word_1_233' title='bbox 1551 1862 1607 1909; x_wconf 91' lang='lat' dir='ltr'>ad</span> <span class='ocrx_word' id='word_1_234' title='bbox 1645 1863 1783 1908; x_wconf 89' lang='lat' dir='ltr'>ravim</span> <span class='ocrx_word' id='word_1_235' title='bbox 1820 1876 1967 1922; x_wconf 89' lang='lat' dir='ltr'>usque</span> <span class='ocrx_word' id='word_1_236' title='bbox 2005 1875 2113 1907; x_wconf 88' lang='lat' dir='ltr'>cane</span> <span class='ocrx_word' id='word_1_237' title='bbox 2153 1861 2299 1906; x_wconf 87' lang='lat' dir='ltr'>‘Mise-</span> 
     </span>
     <span class='ocr_line' id='line_1_23' title="bbox 136 1932 2298 1996; baseline -0 -18"><span class='ocrx_word' id='word_1_238' title='bbox 136 1945 239 1979; x_wconf 86' lang='lat' dir='ltr'>rere</span> <span class='ocrx_word' id='word_1_239' title='bbox 274 1932 388 1985; x_wconf 90' lang='lat' dir='ltr'>mei,</span> <span class='ocrx_word' id='word_1_240' title='bbox 427 1933 565 1986; x_wconf 87' lang='lat' dir='ltr'>deus.</span> <span class='ocrx_word' id='word_1_241' title='bbox 604 1935 711 1996; x_wconf 89' lang='lat' dir='ltr'>quia</span> <span class='ocrx_word' id='word_1_242' title='bbox 747 1933 1029 1982; x_wconf 88' lang='lat' dir='ltr'>conculcavit</span> <span class='ocrx_word' id='word_1_243' title='bbox 1065 1949 1136 1981; x_wconf 80' lang='lat' dir='ltr'>ine</span> <span class='ocrx_word' id='word_1_244' title='bbox 1174 1936 1331 1988; x_wconf 91' lang='lat' dir='ltr'>homo,</span> <span class='ocrx_word' id='word_1_245' title='bbox 1373 1941 1419 1981; x_wconf 90' lang='lat' dir='ltr'>et</span> <span class='ocrx_word' id='word_1_246' title='bbox 1455 1934 1604 1981; x_wconf 83' lang='lat' dir='ltr'>sactus</span> <span class='ocrx_word' id='word_1_247' title='bbox 1644 1947 1743 1979; x_wconf 92' lang='lat' dir='ltr'>sum</span> <span class='ocrx_word' id='word_1_248' title='bbox 1781 1933 1900 1978; x_wconf 88' lang='lat' dir='ltr'>sicut</span> <span class='ocrx_word' id='word_1_249' title='bbox 1937 1933 2090 1978; x_wconf 92' lang='lat' dir='ltr'>asinus</span> <span class='ocrx_word' id='word_1_250' title='bbox 2129 1939 2175 1978; x_wconf 91' lang='lat' dir='ltr'>et</span> <span class='ocrx_word' id='word_1_251' title='bbox 2200 1945 2298 1976; x_wconf 91' lang='lat' dir='ltr'>mu-</span> 
     </span>
     <span class='ocr_line' id='line_1_24' title="bbox 137 2001 2296 2067; baseline -0 -18"><span class='ocrx_word' id='word_1_252' title='bbox 137 2001 232 2055; x_wconf 86' lang='lat' dir='ltr'>lus,</span> <span class='ocrx_word' id='word_1_253' title='bbox 270 2004 319 2050; x_wconf 92' lang='lat' dir='ltr'>in</span> <span class='ocrx_word' id='word_1_254' title='bbox 357 2003 523 2067; x_wconf 89' lang='lat' dir='ltr'>quibus</span> <span class='ocrx_word' id='word_1_255' title='bbox 560 2001 651 2052; x_wconf 86' lang='lat' dir='ltr'>non</span> <span class='ocrx_word' id='word_1_256' title='bbox 689 2013 761 2052; x_wconf 92' lang='lat' dir='ltr'>est</span> <span class='ocrx_word' id='word_1_257' title='bbox 796 2005 1080 2060; x_wconf 89' lang='lat' dir='ltr'>intellectus;</span> <span class='ocrx_word' id='word_1_258' title='bbox 1130 2009 1274 2054; x_wconf 86' lang='lat' dir='ltr'>erravi</span> <span class='ocrx_word' id='word_1_259' title='bbox 1313 2008 1433 2053; x_wconf 90' lang='lat' dir='ltr'>sicut</span> <span class='ocrx_word' id='word_1_260' title='bbox 1469 2006 1553 2052; x_wconf 88' lang='lat' dir='ltr'>bos</span> <span class='ocrx_word' id='word_1_261' title='bbox 1592 2006 1670 2065; x_wconf 92' lang='lat' dir='ltr'>qui</span> <span class='ocrx_word' id='word_1_262' title='bbox 1707 2005 1867 2065; x_wconf 87' lang='lat' dir='ltr'>periit,</span> <span class='ocrx_word' id='word_1_263' title='bbox 1906 2010 1952 2049; x_wconf 89' lang='lat' dir='ltr'>et</span> <span class='ocrx_word' id='word_1_264' title='bbox 1988 2003 2117 2050; x_wconf 83' lang='lat' dir='ltr'>frons</span> <span class='ocrx_word' id='word_1_265' title='bbox 2154 2016 2296 2048; x_wconf 89' lang='lat' dir='ltr'>mere-</span> 
     </span>
     <span class='ocr_line' id='line_1_25' title="bbox 139 2074 2295 2139; baseline -0 -19"><span class='ocrx_word' id='word_1_266' title='bbox 139 2075 269 2122; x_wconf 88' lang='lat' dir='ltr'>tricis</span> <span class='ocrx_word' id='word_1_267' title='bbox 304 2075 426 2123; x_wconf 79' lang='lat' dir='ltr'>facta</span> <span class='ocrx_word' id='word_1_268' title='bbox 461 2083 532 2122; x_wconf 82' lang='lat' dir='ltr'>est</span> <span class='ocrx_word' id='word_1_269' title='bbox 567 2077 702 2129; x_wconf 91' lang='lat' dir='ltr'>mihi,</span> <span class='ocrx_word' id='word_1_270' title='bbox 743 2079 957 2138; x_wconf 90' lang='lat' dir='ltr'>quoniam</span> <span class='ocrx_word' id='word_1_271' title='bbox 982 2079 1246 2139; x_wconf 86' lang='lat' dir='ltr'>iniquitates</span> <span class='ocrx_word' id='word_1_272' title='bbox 1273 2093 1383 2126; x_wconf 73' lang='lat' dir='ltr'>meae</span> <span class='ocrx_word' id='word_1_273' title='bbox 1409 2090 1720 2138; x_wconf 83' lang='lat' dir='ltr'>supergressae</span> <span class='ocrx_word' id='word_1_274' title='bbox 1747 2082 1854 2121; x_wconf 90' lang='lat' dir='ltr'>sunt</span> <span class='ocrx_word' id='word_1_275' title='bbox 1878 2074 2103 2122; x_wconf 90' lang='lat' dir='ltr'>cucullum</span> <span class='ocrx_word' id='word_1_276' title='bbox 2130 2088 2295 2125; x_wconf 89' lang='lat' dir='ltr'>meum,</span> 
     </span>
     <span class='ocr_line' id='line_1_26' title="bbox 77 2146 2297 2211; baseline -0.003 -14"><span class='ocrx_word' id='word_1_277' title='bbox 77 2152 187 2197; x_wconf 66' lang='lat' dir='ltr'>net</span> <span class='ocrx_word' id='word_1_278' title='bbox 221 2147 342 2194; x_wconf 91' lang='lat' dir='ltr'>sicut</span> <span class='ocrx_word' id='word_1_279' title='bbox 377 2161 494 2195; x_wconf 90' lang='lat' dir='ltr'>onus</span> <span class='ocrx_word' id='word_1_280' title='bbox 529 2162 666 2210; x_wconf 86' lang='lat' dir='ltr'>grave</span> <span class='ocrx_word' id='word_1_281' title='bbox 704 2155 898 2210; x_wconf 84' lang='lat' dir='ltr'>gravatae</span> <span class='ocrx_word' id='word_1_282' title='bbox 936 2156 1043 2196; x_wconf 88' lang='lat' dir='ltr'>sunt</span> <span class='ocrx_word' id='word_1_283' title='bbox 1081 2165 1220 2211; x_wconf 91' lang='lat' dir='ltr'>super</span> <span class='ocrx_word' id='word_1_284' title='bbox 1256 2164 1340 2198; x_wconf 88' lang='lat' dir='ltr'>me.</span> <span class='ocrx_word' id='word_1_285' title='bbox 1414 2154 1692 2211; x_wconf 90' lang='lat' dir='ltr'>putruerunt</span> <span class='ocrx_word' id='word_1_286' title='bbox 1729 2153 1774 2192; x_wconf 88' lang='lat' dir='ltr'>et</span> <span class='ocrx_word' id='word_1_287' title='bbox 1811 2153 2039 2208; x_wconf 85' lang='lat' dir='ltr'>corruptae</span> <span class='ocrx_word' id='word_1_288' title='bbox 2077 2152 2184 2192; x_wconf 87' lang='lat' dir='ltr'>sunt</span> <span class='ocrx_word' id='word_1_289' title='bbox 2209 2146 2297 2191; x_wconf 87' lang='lat' dir='ltr'>Ro-</span> 
     </span>
     <span class='ocr_line' id='line_1_27' title="bbox 135 2217 2298 2280; baseline -0.001 -15"><span class='ocrx_word' id='word_1_290' title='bbox 135 2219 377 2265; x_wconf 81' lang='lat' dir='ltr'>manitates</span> <span class='ocrx_word' id='word_1_291' title='bbox 412 2232 524 2266; x_wconf 84' lang='lat' dir='ltr'>meae</span> <span class='ocrx_word' id='word_1_292' title='bbox 560 2235 584 2268; x_wconf 87' lang='lat' dir='ltr'>a</span> <span class='ocrx_word' id='word_1_293' title='bbox 622 2220 735 2267; x_wconf 81' lang='lat' dir='ltr'>facie</span> <span class='ocrx_word' id='word_1_294' title='bbox 772 2218 1007 2268; x_wconf 88' lang='lat' dir='ltr'>veritatis&#39;.</span> <span class='ocrx_word' id='word_1_295' title='bbox 1080 2221 1184 2268; x_wconf 84' lang='lat' dir='ltr'>Haec</span> <span class='ocrx_word' id='word_1_296' title='bbox 1220 2222 1371 2273; x_wconf 90' lang='lat' dir='ltr'>habui,</span> <span class='ocrx_word' id='word_1_297' title='bbox 1411 2222 1471 2266; x_wconf 91' lang='lat' dir='ltr'>mi</span> <span class='ocrx_word' id='word_1_298' title='bbox 1496 2218 1682 2270; x_wconf 90' lang='lat' dir='ltr'>Alveldi,</span> <span class='ocrx_word' id='word_1_299' title='bbox 1722 2232 1822 2280; x_wconf 88' lang='lat' dir='ltr'>quae</span> <span class='ocrx_word' id='word_1_300' title='bbox 1861 2219 1907 2264; x_wconf 94' lang='lat' dir='ltr'>in</span> <span class='ocrx_word' id='word_1_301' title='bbox 1934 2231 2028 2264; x_wconf 91' lang='lat' dir='ltr'>rem</span> <span class='ocrx_word' id='word_1_302' title='bbox 2056 2224 2176 2263; x_wconf 86' lang='lat' dir='ltr'>tuam</span> <span class='ocrx_word' id='word_1_303' title='bbox 2204 2217 2298 2262; x_wconf 92' lang='lat' dir='ltr'>visa</span> 
     </span>
     <span class='ocr_line' id='line_1_28' title="bbox 137 2288 2298 2354; baseline -0.001 -18"><span class='ocrx_word' id='word_1_304' title='bbox 137 2296 245 2337; x_wconf 89' lang='lat' dir='ltr'>sunt</span> <span class='ocrx_word' id='word_1_305' title='bbox 279 2291 493 2338; x_wconf 89' lang='lat' dir='ltr'>attinere.</span> <span class='ocrx_word' id='word_1_306' title='bbox 540 2292 579 2338; x_wconf 90' lang='lat' dir='ltr'>si</span> <span class='ocrx_word' id='word_1_307' title='bbox 617 2292 789 2354; x_wconf 89' lang='lat' dir='ltr'>aliquid</span> <span class='ocrx_word' id='word_1_308' title='bbox 828 2292 948 2338; x_wconf 89' lang='lat' dir='ltr'>aliud</span> <span class='ocrx_word' id='word_1_309' title='bbox 984 2293 1030 2338; x_wconf 93' lang='lat' dir='ltr'>in</span> <span class='ocrx_word' id='word_1_310' title='bbox 1066 2293 1290 2340; x_wconf 89' lang='lat' dir='ltr'>mandatis</span> <span class='ocrx_word' id='word_1_311' title='bbox 1340 2292 1395 2340; x_wconf 92' lang='lat' dir='ltr'>ab</span> <span class='ocrx_word' id='word_1_312' title='bbox 1433 2293 1709 2354; x_wconf 89' lang='lat' dir='ltr'>Imperatore</span> <span class='ocrx_word' id='word_1_313' title='bbox 1756 2303 1930 2335; x_wconf 89' lang='lat' dir='ltr'>summo</span> <span class='ocrx_word' id='word_1_314' title='bbox 1968 2288 2184 2336; x_wconf 82' lang='lat' dir='ltr'>Pontifice</span> <span class='ocrx_word' id='word_1_315' title='bbox 2223 2289 2298 2334; x_wconf 88' lang='lat' dir='ltr'>ha-</span> 
     </span>
     <span class='ocr_line' id='line_1_29' title="bbox 135 2360 2298 2425; baseline -0.001 -17"><span class='ocrx_word' id='word_1_316' title='bbox 135 2360 302 2414; x_wconf 84' lang='lat' dir='ltr'>buero,</span> <span class='ocrx_word' id='word_1_317' title='bbox 341 2361 465 2423; x_wconf 90' lang='lat' dir='ltr'>quod</span> <span class='ocrx_word' id='word_1_318' title='bbox 511 2369 634 2409; x_wconf 90' lang='lat' dir='ltr'>tuam</span> <span class='ocrx_word' id='word_1_319' title='bbox 670 2363 986 2410; x_wconf 87' lang='lat' dir='ltr'>Alvelditatem</span> <span class='ocrx_word' id='word_1_320' title='bbox 1024 2365 1242 2425; x_wconf 88' lang='lat' dir='ltr'>attigerit.</span> <span class='ocrx_word' id='word_1_321' title='bbox 1280 2364 1392 2411; x_wconf 91' lang='lat' dir='ltr'>nihil</span> <span class='ocrx_word' id='word_1_322' title='bbox 1431 2370 1474 2410; x_wconf 91' lang='lat' dir='ltr'>te</span> <span class='ocrx_word' id='word_1_323' title='bbox 1512 2361 1680 2410; x_wconf 90' lang='lat' dir='ltr'>celabo.</span> <span class='ocrx_word' id='word_1_324' title='bbox 1755 2360 1841 2407; x_wconf 88' lang='lat' dir='ltr'>Sed</span> <span class='ocrx_word' id='word_1_325' title='bbox 1879 2360 1990 2406; x_wconf 89' lang='lat' dir='ltr'>illud</span> <span class='ocrx_word' id='word_1_326' title='bbox 2027 2374 2143 2421; x_wconf 74' lang='lat' dir='ltr'>pene</span> <span class='ocrx_word' id='word_1_327' title='bbox 2181 2360 2298 2406; x_wconf 87' lang='lat' dir='ltr'>exci-</span> 
     </span>
     <span class='ocr_line' id='line_1_30' title="bbox 137 2432 2297 2487; baseline -0.001 -9"><span class='ocrx_word' id='word_1_328' title='bbox 137 2432 304 2479; x_wconf 86' lang='lat' dir='ltr'>disset:</span> <span class='ocrx_word' id='word_1_329' title='bbox 342 2435 560 2481; x_wconf 88' lang='lat' dir='ltr'>miramur</span> <span class='ocrx_word' id='word_1_330' title='bbox 596 2435 737 2482; x_wconf 91' lang='lat' dir='ltr'>multa</span> <span class='ocrx_word' id='word_1_331' title='bbox 774 2436 819 2481; x_wconf 91' lang='lat' dir='ltr'>in</span> <span class='ocrx_word' id='word_1_332' title='bbox 861 2435 950 2481; x_wconf 89' lang='lat' dir='ltr'>tuis</span> <span class='ocrx_word' id='word_1_333' title='bbox 988 2435 1257 2483; x_wconf 89' lang='lat' dir='ltr'>tractatibus</span> <span class='ocrx_word' id='word_1_334' title='bbox 1283 2436 1473 2483; x_wconf 89' lang='lat' dir='ltr'>inveniri</span> <span class='ocrx_word' id='word_1_335' title='bbox 1499 2434 1680 2487; x_wconf 88' lang='lat' dir='ltr'>Graeca,</span> <span class='ocrx_word' id='word_1_336' title='bbox 1720 2432 1961 2483; x_wconf 88' lang='lat' dir='ltr'>Hebraica,</span> <span class='ocrx_word' id='word_1_337' title='bbox 1999 2432 2297 2481; x_wconf 88' lang='lat' dir='ltr'>Noveniatica,</span> 
     </span>
     <span class='ocr_line' id='line_1_31' title="bbox 79 2501 2299 2570; baseline -0.002 -19"><span class='ocrx_word' id='word_1_338' title='bbox 79 2503 455 2566; x_wconf 74' lang='lat' dir='ltr'>aoApuleiauica,</span> <span class='ocrx_word' id='word_1_339' title='bbox 510 2505 770 2558; x_wconf 87' lang='lat' dir='ltr'>Vulcanica,</span> <span class='ocrx_word' id='word_1_340' title='bbox 817 2506 1230 2560; x_wconf 81' lang='lat' dir='ltr'>Kelbersartiatica‚</span> <span class='ocrx_word' id='word_1_341' title='bbox 1279 2507 1411 2570; x_wconf 92' lang='lat' dir='ltr'>plura</span> <span class='ocrx_word' id='word_1_342' title='bbox 1449 2507 1712 2556; x_wconf 90' lang='lat' dir='ltr'>Romanica‚</span> <span class='ocrx_word' id='word_1_343' title='bbox 1762 2502 1902 2550; x_wconf 88' lang='lat' dir='ltr'>multa</span> <span class='ocrx_word' id='word_1_344' title='bbox 1950 2505 2057 2549; x_wconf 88' lang='lat' dir='ltr'>item</span> <span class='ocrx_word' id='word_1_345' title='bbox 2108 2509 2206 2554; x_wconf 90' lang='lat' dir='ltr'>tua,</span> <span class='ocrx_word' id='word_1_346' title='bbox 2256 2501 2299 2547; x_wconf 91' lang='lat' dir='ltr'>id</span> 
     </span>
     <span class='ocr_line' id='line_1_32' title="bbox 138 2575 2296 2641; baseline -0.002 -19"><span class='ocrx_word' id='word_1_347' title='bbox 138 2582 211 2622; x_wconf 88' lang='lat' dir='ltr'>est</span> <span class='ocrx_word' id='word_1_348' title='bbox 234 2575 484 2629; x_wconf 84' lang='lat' dir='ltr'>Alveldica,</span> <span class='ocrx_word' id='word_1_349' title='bbox 522 2577 635 2624; x_wconf 90' lang='lat' dir='ltr'>nihil</span> <span class='ocrx_word' id='word_1_350' title='bbox 675 2584 823 2624; x_wconf 88' lang='lat' dir='ltr'>tamen</span> <span class='ocrx_word' id='word_1_351' title='bbox 848 2578 1174 2626; x_wconf 87' lang='lat' dir='ltr'>Christianum:</span> <span class='ocrx_word' id='word_1_352' title='bbox 1214 2593 1354 2641; x_wconf 88' lang='lat' dir='ltr'>quare</span> <span class='ocrx_word' id='word_1_353' title='bbox 1392 2580 1437 2625; x_wconf 90' lang='lat' dir='ltr'>in</span> <span class='ocrx_word' id='word_1_354' title='bbox 1474 2584 1710 2639; x_wconf 89' lang='lat' dir='ltr'>posterum</span> <span class='ocrx_word' id='word_1_355' title='bbox 1749 2575 2017 2637; x_wconf 88' lang='lat' dir='ltr'>prudentius</span> <span class='ocrx_word' id='word_1_356' title='bbox 2055 2588 2149 2620; x_wconf 88' lang='lat' dir='ltr'>rem</span> <span class='ocrx_word' id='word_1_357' title='bbox 2177 2581 2296 2619; x_wconf 87' lang='lat' dir='ltr'>tuam</span> 
     </span>
     <span class='ocr_line' id='line_1_33' title="bbox 136 2644 2299 2712; baseline -0.001 -20"><span class='ocrx_word' id='word_1_358' title='bbox 136 2660 222 2708; x_wconf 81' lang='lat' dir='ltr'>age</span> <span class='ocrx_word' id='word_1_359' title='bbox 258 2662 359 2694; x_wconf 93' lang='lat' dir='ltr'>cum</span> <span class='ocrx_word' id='word_1_360' title='bbox 398 2647 492 2695; x_wconf 90' lang='lat' dir='ltr'>tuis</span> <span class='ocrx_word' id='word_1_361' title='bbox 529 2648 676 2696; x_wconf 86' lang='lat' dir='ltr'>latriis</span> <span class='ocrx_word' id='word_1_362' title='bbox 715 2656 760 2695; x_wconf 93' lang='lat' dir='ltr'>et</span> <span class='ocrx_word' id='word_1_363' title='bbox 800 2649 1083 2702; x_wconf 90' lang='lat' dir='ltr'>tractatibus,</span> <span class='ocrx_word' id='word_1_364' title='bbox 1122 2657 1259 2712; x_wconf 88' lang='lat' dir='ltr'>atque</span> <span class='ocrx_word' id='word_1_365' title='bbox 1287 2658 1414 2697; x_wconf 88' lang='lat' dir='ltr'>tuum</span> <span class='ocrx_word' id='word_1_366' title='bbox 1440 2649 1565 2696; x_wconf 85' lang='lat' dir='ltr'>illum</span> <span class='ocrx_word' id='word_1_367' title='bbox 1593 2653 1906 2694; x_wconf 87' lang='lat' dir='ltr'>correctorem</span> <span class='ocrx_word' id='word_1_368' title='bbox 1933 2644 2299 2706; x_wconf 87' lang='lat' dir='ltr'>magisterculum</span> 
     </span>
     <span class='ocr_line' id='line_1_34' title="bbox 135 2716 2300 2783; baseline -0.001 -20"><span class='ocrx_word' id='word_1_369' title='bbox 135 2717 514 2783; x_wconf 70' lang='lat' dir='ltr'>Novenianiscum</span> <span class='ocrx_word' id='word_1_370' title='bbox 558 2727 604 2766; x_wconf 91' lang='lat' dir='ltr'>et</span> <span class='ocrx_word' id='word_1_371' title='bbox 651 2720 897 2768; x_wconf 86' lang='lat' dir='ltr'>asinarium</span> <span class='ocrx_word' id='word_1_372' title='bbox 935 2721 1095 2783; x_wconf 85' lang='lat' dir='ltr'>Apulei</span> <span class='ocrx_word' id='word_1_373' title='bbox 1135 2735 1393 2783; x_wconf 82' lang='lat' dir='ltr'>praemone‚</span> <span class='ocrx_word' id='word_1_374' title='bbox 1443 2735 1498 2767; x_wconf 88' lang='lat' dir='ltr'>ne</span> <span class='ocrx_word' id='word_1_375' title='bbox 1548 2727 1637 2767; x_wconf 90' lang='lat' dir='ltr'>tam</span> <span class='ocrx_word' id='word_1_376' title='bbox 1675 2718 1869 2765; x_wconf 90' lang='lat' dir='ltr'>absurde</span> <span class='ocrx_word' id='word_1_377' title='bbox 1909 2716 2204 2765; x_wconf 82' lang='lat' dir='ltr'>Graecolatina</span> <span class='ocrx_word' id='word_1_378' title='bbox 2255 2722 2300 2760; x_wconf 90' lang='lat' dir='ltr'>et</span> 
     </span>
     <span class='ocr_line' id='line_1_35' title="bbox 135 2787 2300 2852; baseline -0.002 -16"><span class='ocrx_word' id='word_1_379' title='bbox 135 2788 509 2852; x_wconf 80' lang='lat' dir='ltr'>Hebraicograeca</span> <span class='ocrx_word' id='word_1_380' title='bbox 548 2794 638 2838; x_wconf 91' lang='lat' dir='ltr'>tuis</span> <span class='ocrx_word' id='word_1_381' title='bbox 676 2792 765 2838; x_wconf 90' lang='lat' dir='ltr'>illis</span> <span class='ocrx_word' id='word_1_382' title='bbox 807 2793 1073 2839; x_wconf 86' lang='lat' dir='ltr'>tractatibus</span> <span class='ocrx_word' id='word_1_383' title='bbox 1123 2795 1415 2841; x_wconf 87' lang='lat' dir='ltr'>immisceant.</span> <span class='ocrx_word' id='word_1_384' title='bbox 1492 2799 1539 2838; x_wconf 92' lang='lat' dir='ltr'>tu</span> <span class='ocrx_word' id='word_1_385' title='bbox 1578 2792 1695 2838; x_wconf 89' lang='lat' dir='ltr'>enim</span> <span class='ocrx_word' id='word_1_386' title='bbox 1735 2797 1950 2850; x_wconf 87' lang='lat' dir='ltr'>tanquam</span> <span class='ocrx_word' id='word_1_387' title='bbox 1987 2788 2174 2850; x_wconf 83' lang='lat' dir='ltr'>simplex</span> <span class='ocrx_word' id='word_1_388' title='bbox 2212 2787 2300 2833; x_wconf 87' lang='lat' dir='ltr'>sra-</span> 
     </span>
     <span class='ocr_line' id='line_1_36' title="bbox 80 2858 2298 2913; baseline -0.001 -7"><span class='ocrx_word' id='word_1_389' title='bbox 80 2873 123 2907; x_wconf 66' lang='grc'>35</span> <span class='ocrx_word' id='word_1_390' title='bbox 139 2866 210 2907; x_wconf 81' lang='lat' dir='ltr'>ter</span> <span class='ocrx_word' id='word_1_391' title='bbox 254 2875 309 2908; x_wconf 85' lang='lat' dir='ltr'>ex</span> <span class='ocrx_word' id='word_1_392' title='bbox 356 2860 569 2910; x_wconf 86' lang='lat' dir='ltr'>instituto</span> <span class='ocrx_word' id='word_1_393' title='bbox 619 2863 792 2910; x_wconf 89' lang='lat' dir='ltr'>ordinis</span> <span class='ocrx_word' id='word_1_394' title='bbox 843 2864 906 2910; x_wconf 91' lang='lat' dir='ltr'>tui</span> <span class='ocrx_word' id='word_1_395' title='bbox 944 2864 1100 2911; x_wconf 89' lang='lat' dir='ltr'>Latina</span> <span class='ocrx_word' id='word_1_396' title='bbox 1149 2880 1240 2912; x_wconf 91' lang='lat' dir='ltr'>non</span> <span class='ocrx_word' id='word_1_397' title='bbox 1278 2864 1516 2912; x_wconf 90' lang='lat' dir='ltr'>admodum</span> <span class='ocrx_word' id='word_1_398' title='bbox 1563 2861 1724 2913; x_wconf 89' lang='lat' dir='ltr'>calles,</span> <span class='ocrx_word' id='word_1_399' title='bbox 1775 2868 1900 2907; x_wconf 88' lang='lat' dir='ltr'>taceo</span> <span class='ocrx_word' id='word_1_400' title='bbox 1940 2860 2093 2907; x_wconf 84' lang='lat' dir='ltr'>Graece</span> <span class='ocrx_word' id='word_1_401' title='bbox 2132 2866 2177 2905; x_wconf 91' lang='lat' dir='ltr'>et</span> <span class='ocrx_word' id='word_1_402' title='bbox 2214 2858 2298 2904; x_wconf 84' lang='lat' dir='ltr'>He·</span> 
     </span>
     <span class='ocr_line' id='line_1_37' title="bbox 137 2930 2295 2997; baseline -0.001 -19"><span class='ocrx_word' id='word_1_403' title='bbox 137 2930 332 2986; x_wconf 77' lang='lat' dir='ltr'>hraice3&#39;</span> <span class='ocrx_word' id='word_1_404' title='bbox 359 2933 479 2980; x_wconf 89' lang='lat' dir='ltr'>unde</span> <span class='ocrx_word' id='word_1_405' title='bbox 515 2935 663 2982; x_wconf 90' lang='lat' dir='ltr'>omnia</span> <span class='ocrx_word' id='word_1_406' title='bbox 702 2950 803 2997; x_wconf 67' lang='lat' dir='ltr'>quae</span> <span class='ocrx_word' id='word_1_407' title='bbox 843 2937 932 2982; x_wconf 89' lang='lat' dir='ltr'>tuis</span> <span class='ocrx_word' id='word_1_408' title='bbox 970 2936 1115 2983; x_wconf 89' lang='lat' dir='ltr'>latriis</span> <span class='ocrx_word' id='word_1_409' title='bbox 1154 2943 1200 2983; x_wconf 90' lang='lat' dir='ltr'>et</span> <span class='ocrx_word' id='word_1_410' title='bbox 1239 2935 1506 2985; x_wconf 88' lang='lat' dir='ltr'>tractatibus</span> <span class='ocrx_word' id='word_1_411' title='bbox 1544 2933 1806 2987; x_wconf 89' lang='lat' dir='ltr'>intrudunt,</span> <span class='ocrx_word' id='word_1_412' title='bbox 1856 2947 1940 2994; x_wconf 87' lang='lat' dir='ltr'>pro</span> <span class='ocrx_word' id='word_1_413' title='bbox 1981 2938 2022 2977; x_wconf 91' lang='lat' dir='ltr'>te</span> <span class='ocrx_word' id='word_1_414' title='bbox 2061 2944 2159 2977; x_wconf 89' lang='lat' dir='ltr'>esse</span> <span class='ocrx_word' id='word_1_415' title='bbox 2198 2944 2295 2976; x_wconf 87' lang='lat' dir='ltr'>cre·</span> 
     </span>
    </p>
   </div>
   <div class='ocr_carea' id='block_1_3' title="bbox 140 3029 412 3037">
    <p class='ocr_par' dir='ltr' id='par_1_3' title="bbox 140 3029 412 3037">
     <span class='ocr_line' id='line_1_38' title="bbox 140 3029 412 3037; baseline 0 1227"><span class='ocrx_word' id='word_1_416' title='bbox 140 3029 412 3037; x_wconf 95' lang='lat' dir='ltr'> </span> 
     </span>
    </p>
   </div>
   <div class='ocr_carea' id='block_1_4' title="bbox 628 3072 1747 3145">
    <p class='ocr_par' dir='ltr' id='par_1_4' title="bbox 628 3072 1747 3145">
     <span class='ocr_line' id='line_1_39' title="bbox 628 3072 1747 3145; baseline -0.001 -16"><span class='ocrx_word' id='word_1_417' title='bbox 628 3072 645 3095; x_wconf 57' lang='lat'>⁸</span> <span class='ocrx_word' id='word_1_418' title='bbox 817 3088 928 3129; x_wconf 87' lang='lat' dir='ltr'>Cum</span> <span class='ocrx_word' id='word_1_419' title='bbox 960 3088 1139 3132; x_wconf 82' lang='lat' dir='ltr'>duabus</span> <span class='ocrx_word' id='word_1_420' title='bbox 1171 3089 1375 3145; x_wconf 83' lang='lat' dir='ltr'>epistolis</span> <span class='ocrx_word' id='word_1_421' title='bbox 1407 3088 1589 3131; x_wconf 71' lang='lat' dir='ltr'>clai-orsi</span> <span class='ocrx_word' id='word_1_422' title='bbox 1618 3088 1747 3131; x_wconf 80' lang='lat' dir='ltr'>viron</span> 
     </span>
    </p>
   </div>
   <div class='ocr_carea' id='block_1_5' title="bbox 134 3158 2301 4002">
    <p class='ocr_par' dir='ltr' id='par_1_5' title="bbox 817 3158 1604 3216">
     <span class='ocr_line' id='line_1_40' title="bbox 817 3158 1604 3216; baseline 0.001 -15"><span class='ocrx_word' id='word_1_423' title='bbox 817 3160 945 3212; x_wconf 83' lang='lat' dir='ltr'>Quas</span> <span class='ocrx_word' id='word_1_424' title='bbox 975 3158 1170 3216; x_wconf 62' lang='lat' dir='ltr'>nequaqg,</span> <span class='ocrx_word' id='word_1_425' title='bbox 1201 3162 1328 3203; x_wconf 81' lang='lat' dir='ltr'>dices</span> <span class='ocrx_word' id='word_1_426' title='bbox 1360 3162 1604 3216; x_wconf 71' lang='lat' dir='ltr'>impetitor.</span> 
     </span>
    </p>

    <p class='ocr_par' dir='ltr' id='par_1_6' title="bbox 135 3227 2301 3427">
     <span class='ocr_line' id='line_1_41' title="bbox 136 3227 2299 3288; baseline -0.001 -15"><span class='ocrx_word' id='word_1_427' title='bbox 136 3231 232 3273; x_wconf 81' lang='lat' dir='ltr'>vide</span> <span class='ocrx_word' id='word_1_428' title='bbox 261 3244 396 3285; x_wconf 82' lang='lat' dir='ltr'>supra</span> <span class='ocrx_word' id='word_1_429' title='bbox 425 3246 468 3286; x_wconf 88' lang='lat' dir='ltr'>p.</span> <span class='ocrx_word' id='word_1_430' title='bbox 491 3229 590 3273; x_wconf 81' lang='lat'>451.</span> <span class='ocrx_word' id='word_1_431' title='bbox 611 3244 704 3286; x_wconf 72' lang='lat' dir='ltr'>sqq.</span> <span class='ocrx_word' id='word_1_432' title='bbox 739 3231 810 3272; x_wconf 88' lang='lat' dir='ltr'>Ibi</span> <span class='ocrx_word' id='word_1_433' title='bbox 851 3231 1001 3273; x_wconf 85' lang='lat' dir='ltr'>altera</span> <span class='ocrx_word' id='word_1_434' title='bbox 1042 3232 1238 3287; x_wconf 81' lang='lat' dir='ltr'>epistola</span> <span class='ocrx_word' id='word_1_435' title='bbox 1279 3234 1339 3288; x_wconf 89' lang='lat' dir='ltr'>(p.</span> <span class='ocrx_word' id='word_1_436' title='bbox 1363 3232 1464 3285; x_wconf 78' lang='lat'>453)</span> <span class='ocrx_word' id='word_1_437' title='bbox 1499 3235 1570 3274; x_wconf 79' lang='lat' dir='ltr'>eet</span> <span class='ocrx_word' id='word_1_438' title='bbox 1597 3230 1781 3273; x_wconf 86' lang='lat' dir='ltr'>Ioannis</span> <span class='ocrx_word' id='word_1_439' title='bbox 1811 3229 2130 3271; x_wconf 83' lang='lat' dir='ltr'>Dormisecure</span> <span class='ocrx_word' id='word_1_440' title='bbox 2162 3227 2299 3271; x_wconf 82' lang='lat' dir='ltr'>Petro</span> 
     </span>
     <span class='ocr_line' id='line_1_42' title="bbox 136 3300 2301 3359; baseline -0 -17"><span class='ocrx_word' id='word_1_441' title='bbox 136 3301 503 3356; x_wconf 80' lang='lat' dir='ltr'>Tardesurgerio</span> <span class='ocrx_word' id='word_1_442' title='bbox 544 3301 735 3356; x_wconf 83' lang='lat' dir='ltr'>scripta.</span> <span class='ocrx_word' id='word_1_443' title='bbox 842 3301 1030 3359; x_wconf 87' lang='lat' dir='ltr'>domini]</span> <span class='ocrx_word' id='word_1_444' title='bbox 1072 3304 1116 3345; x_wconf 87' lang='lat' dir='ltr'>d.</span> <span class='ocrx_word' id='word_1_445' title='bbox 1150 3306 1249 3349; x_wconf 84' lang='lat' dir='ltr'>edd.</span> <span class='ocrx_word' id='word_1_446' title='bbox 1281 3305 1388 3359; x_wconf 73' lang='lat' dir='ltr'>Ipse</span> <span class='ocrx_word' id='word_1_447' title='bbox 1419 3304 1639 3347; x_wconf 72' lang='lat' dir='ltr'>Alveldiue</span> <span class='ocrx_word' id='word_1_448' title='bbox 1667 3303 1707 3345; x_wconf 79' lang='lat' dir='ltr'>lz.</span> <span class='ocrx_word' id='word_1_449' title='bbox 1730 3306 1756 3345; x_wconf 90' lang='lat' dir='ltr'>l.</span> <span class='ocrx_word' id='word_1_450' title='bbox 1787 3302 2015 3357; x_wconf 61' lang='lat' dir='ltr'>Augustini</span> <span class='ocrx_word' id='word_1_451' title='bbox 2045 3300 2301 3351; x_wconf 77' lang='lat' dir='ltr'>Queretrun-</span> 
     </span>
     <span class='ocr_line' id='line_1_43' title="bbox 135 3372 786 3427; baseline 0.003 -13"><span class='ocrx_word' id='word_1_452' title='bbox 135 3372 272 3414; x_wconf 62' lang='lat' dir='ltr'>eherii</span> <span class='ocrx_word' id='word_1_453' title='bbox 298 3374 460 3415; x_wconf 85' lang='lat' dir='ltr'>nomine</span> <span class='ocrx_word' id='word_1_454' title='bbox 489 3375 583 3427; x_wconf 84' lang='lat' dir='ltr'>peti</span> <span class='ocrx_word' id='word_1_455' title='bbox 607 3374 786 3418; x_wconf 81' lang='lat' dir='ltr'>videtur.</span> 
     </span>
    </p>

    <p class='ocr_par' dir='ltr' id='par_1_7' title="bbox 134 3442 2299 4002">
     <span class='ocr_line' id='line_1_44' title="bbox 248 3442 2299 3501; baseline 0 -16"><span class='ocrx_word' id='word_1_456' title='bbox 248 3442 267 3469; x_wconf 82' lang='lat'><strong>²</strong></span> <span class='ocrx_word' id='word_1_457' title='bbox 305 3444 457 3486; x_wconf 79' lang='lat' dir='ltr'>isthac</span> <span class='ocrx_word' id='word_1_458' title='bbox 490 3447 533 3486; x_wconf 89' lang='lat'>3.</span> <span class='ocrx_word' id='word_1_459' title='bbox 650 3442 667 3468; x_wconf 80' lang='lat'>⁵</span> <span class='ocrx_word' id='word_1_460' title='bbox 709 3443 857 3486; x_wconf 87' lang='lat' dir='ltr'>millia</span> <span class='ocrx_word' id='word_1_461' title='bbox 889 3448 934 3488; x_wconf 91' lang='lat'>3.</span> <span class='ocrx_word' id='word_1_462' title='bbox 1042 3446 1059 3473; x_wconf 77' lang='lat'>¹⁵</span> <span class='ocrx_word' id='word_1_463' title='bbox 1098 3446 1313 3501; x_wconf 82' lang='lat' dir='ltr'>Cajetani</span> <span class='ocrx_word' id='word_1_464' title='bbox 1347 3450 1390 3489; x_wconf 90' lang='lat'>3.</span> <span class='ocrx_word' id='word_1_465' title='bbox 1500 3446 1770 3501; x_wconf 86' lang='lat' dir='ltr'>Capricorni</span> <span class='ocrx_word' id='word_1_466' title='bbox 1801 3446 1897 3488; x_wconf 86' lang='lat' dir='ltr'>edd.</span> <span class='ocrx_word' id='word_1_467' title='bbox 2006 3442 2037 3471; x_wconf 90' lang='lat'>¹¹</span> <span class='ocrx_word' id='word_1_468' title='bbox 2082 3445 2222 3486; x_wconf 81' lang='lat' dir='ltr'>etiam</span> <span class='ocrx_word' id='word_1_469' title='bbox 2256 3446 2299 3486; x_wconf 93' lang='lat'>3.</span> 
     </span>
     <span class='ocr_line' id='line_1_45' title="bbox 138 3513 2299 3572; baseline 0.001 -16"><span class='ocrx_word' id='word_1_470' title='bbox 138 3518 307 3557; x_wconf 83' lang='lat' dir='ltr'>catena</span> <span class='ocrx_word' id='word_1_471' title='bbox 339 3518 380 3558; x_wconf 84' lang='lat'>3.</span> <span class='ocrx_word' id='word_1_472' title='bbox 470 3514 504 3542; x_wconf 82' lang='lat'>¹⁴</span> <span class='ocrx_word' id='word_1_473' title='bbox 534 3515 667 3570; x_wconf 82' lang='lat' dir='ltr'>virga</span> <span class='ocrx_word' id='word_1_474' title='bbox 698 3513 897 3572; x_wconf 59' lang='lat' dir='ltr'>indiga]</span> <span class='ocrx_word' id='word_1_475' title='bbox 933 3516 1101 3560; x_wconf 88' lang='lat' dir='ltr'>Thren.</span> <span class='ocrx_word' id='word_1_476' title='bbox 1126 3519 1210 3562; x_wconf 92' lang='lat'>111.</span> <span class='ocrx_word' id='word_1_477' title='bbox 1238 3518 1275 3561; x_wconf 90' lang='lat'>1.</span> <span class='ocrx_word' id='word_1_478' title='bbox 1364 3517 1397 3545; x_wconf 77' lang='lat'>¹⁶</span> <span class='ocrx_word' id='word_1_479' title='bbox 1431 3517 1850 3561; x_wconf 77' lang='lat' dir='ltr'>alveldianissimus</span> <span class='ocrx_word' id='word_1_480' title='bbox 1883 3519 1926 3559; x_wconf 89' lang='lat'>3.</span> <span class='ocrx_word' id='word_1_481' title='bbox 2014 3514 2098 3543; x_wconf 58' lang='lat'>²¹³²</span> <span class='ocrx_word' id='word_1_482' title='bbox 2130 3514 2299 3558; x_wconf 84' lang='lat' dir='ltr'>Psalm.</span> 
     </span>
     <span class='ocr_line' id='line_1_46' title="bbox 135 3584 2299 3642; baseline -0.001 -15"><span class='ocrx_word' id='word_1_483' title='bbox 135 3586 231 3628; x_wconf 85' lang='lat' dir='ltr'>LV.</span> <span class='ocrx_word' id='word_1_484' title='bbox 254 3588 295 3628; x_wconf 85' lang='lat'>2.</span> <span class='ocrx_word' id='word_1_485' title='bbox 355 3586 392 3613; x_wconf 80' lang='lat'>²³</span> <span class='ocrx_word' id='word_1_486' title='bbox 422 3584 580 3642; x_wconf 81' lang='lat' dir='ltr'>periit]</span> <span class='ocrx_word' id='word_1_487' title='bbox 612 3601 669 3628; x_wconf 86' lang='lat' dir='ltr'>an</span> <span class='ocrx_word' id='word_1_488' title='bbox 698 3588 868 3641; x_wconf 83' lang='lat' dir='ltr'>petiit?</span> <span class='ocrx_word' id='word_1_489' title='bbox 957 3586 1100 3642; x_wconf 84' lang='lat' dir='ltr'>frons]</span> <span class='ocrx_word' id='word_1_490' title='bbox 1125 3590 1287 3633; x_wconf 85' lang='lat' dir='ltr'>Ierem.</span> <span class='ocrx_word' id='word_1_491' title='bbox 1312 3590 1392 3631; x_wconf 91' lang='lat'>111.</span> <span class='ocrx_word' id='word_1_492' title='bbox 1417 3589 1458 3631; x_wconf 86' lang='lat'>3.</span> <span class='ocrx_word' id='word_1_493' title='bbox 1526 3587 1563 3616; x_wconf 80' lang='lat'>²⁸</span> <span class='ocrx_word' id='word_1_494' title='bbox 1592 3588 1988 3631; x_wconf 78' lang='lat' dir='ltr'>Alveldialitatem</span> <span class='ocrx_word' id='word_1_495' title='bbox 2013 3591 2055 3630; x_wconf 82' lang='lat'>3.</span> <span class='ocrx_word' id='word_1_496' title='bbox 2115 3586 2150 3613; x_wconf 82' lang='lat'>²⁹</span> <span class='ocrx_word' id='word_1_497' title='bbox 2180 3585 2299 3627; x_wconf 88' lang='lat' dir='ltr'>Phil.</span> 
     </span>
     <span class='ocr_line' id='line_1_47' title="bbox 134 3657 2299 3718; baseline -0.001 -19"><span class='ocrx_word' id='word_1_498' title='bbox 134 3657 432 3701; x_wconf 82' lang='lat' dir='ltr'>Novenianus</span> <span class='ocrx_word' id='word_1_499' title='bbox 463 3658 803 3700; x_wconf 80' lang='lat' dir='ltr'>Hassfurtensis</span> <span class='ocrx_word' id='word_1_500' title='bbox 842 3659 1025 3701; x_wconf 80' lang='lat' dir='ltr'>Franco</span> <span class='ocrx_word' id='word_1_501' title='bbox 1055 3660 1506 3718; x_wconf 76' lang='lat' dir='ltr'>Lucubratiunculas</span> <span class='ocrx_word' id='word_1_502' title='bbox 1616 3664 1777 3703; x_wconf 85' lang='lat' dir='ltr'>contra</span> <span class='ocrx_word' id='word_1_503' title='bbox 1817 3664 2049 3702; x_wconf 81' lang='lat' dir='ltr'>auctorem</span> <span class='ocrx_word' id='word_1_504' title='bbox 2089 3659 2299 3700; x_wconf 83' lang='lat' dir='ltr'>obscuro-</span> 
     </span>
     <span class='ocr_line' id='line_1_48' title="bbox 136 3728 2297 3787; baseline 0 -18"><span class='ocrx_word' id='word_1_505' title='bbox 136 3740 235 3769; x_wconf 85' lang='lat' dir='ltr'>rum</span> <span class='ocrx_word' id='word_1_506' title='bbox 263 3728 402 3772; x_wconf 84' lang='lat' dir='ltr'>viror.</span> <span class='ocrx_word' id='word_1_507' title='bbox 426 3729 553 3783; x_wconf 80' lang='lat' dir='ltr'>Lips.</span> <span class='ocrx_word' id='word_1_508' title='bbox 580 3728 700 3769; x_wconf 83' lang='lat'>1516.</span> <span class='ocrx_word' id='word_1_509' title='bbox 727 3733 772 3770; x_wconf 84' lang='lat' dir='ltr'>et</span> <span class='ocrx_word' id='word_1_510' title='bbox 801 3729 978 3772; x_wconf 81' lang='lat' dir='ltr'>scholia</span> <span class='ocrx_word' id='word_1_511' title='bbox 1010 3731 1067 3772; x_wconf 88' lang='lat' dir='ltr'>ad</span> <span class='ocrx_word' id='word_1_512' title='bbox 1092 3732 1278 3774; x_wconf 74' lang='lat' dir='ltr'>Buseliii</span> <span class='ocrx_word' id='word_1_513' title='bbox 1300 3733 1492 3787; x_wconf 78' lang='lat' dir='ltr'>Lipsica</span> <span class='ocrx_word' id='word_1_514' title='bbox 1523 3732 1679 3775; x_wconf 83' lang='lat' dir='ltr'>edidit.</span> <span class='ocrx_word' id='word_1_515' title='bbox 1768 3731 1805 3759; x_wconf 83' lang='lat'>⁸⁰</span> <span class='ocrx_word' id='word_1_516' title='bbox 1834 3731 2054 3786; x_wconf 81' lang='lat' dir='ltr'>Apuleius</span> <span class='ocrx_word' id='word_1_517' title='bbox 2085 3730 2159 3770; x_wconf 90' lang='lat' dir='ltr'>hic</span> <span class='ocrx_word' id='word_1_518' title='bbox 2190 3730 2297 3781; x_wconf 90' lang='lat' dir='ltr'>Lip-</span> 
     </span>
     <span class='ocr_line' id='line_1_49' title="bbox 137 3798 2297 3859; baseline -0.001 -18"><span class='ocrx_word' id='word_1_519' title='bbox 137 3800 305 3842; x_wconf 70' lang='lat' dir='ltr'>aiensis</span> <span class='ocrx_word' id='word_1_520' title='bbox 326 3801 426 3855; x_wconf 87' lang='lat' dir='ltr'>quis</span> <span class='ocrx_word' id='word_1_521' title='bbox 458 3801 532 3853; x_wconf 84' lang='lat' dir='ltr'>sit,</span> <span class='ocrx_word' id='word_1_522' title='bbox 565 3813 685 3842; x_wconf 87' lang='lat' dir='ltr'>nunc</span> <span class='ocrx_word' id='word_1_523' title='bbox 716 3801 902 3855; x_wconf 81' lang='lat' dir='ltr'>ignoro:</span> <span class='ocrx_word' id='word_1_524' title='bbox 934 3803 1079 3856; x_wconf 78' lang='lat' dir='ltr'>Apel?</span> <span class='ocrx_word' id='word_1_525' title='bbox 1166 3800 1444 3859; x_wconf 86' lang='lat' dir='ltr'>Vulcanica]</span> <span class='ocrx_word' id='word_1_526' title='bbox 1469 3804 1704 3846; x_wconf 83' lang='lat' dir='ltr'>Vulcanus</span> <span class='ocrx_word' id='word_1_527' title='bbox 1735 3818 1770 3846; x_wconf 79' lang='lat' dir='ltr'>s.</span> <span class='ocrx_word' id='word_1_528' title='bbox 1795 3803 1994 3845; x_wconf 80' lang='lat' dir='ltr'>claudus</span> <span class='ocrx_word' id='word_1_529' title='bbox 2016 3800 2200 3854; x_wconf 81' lang='lat' dir='ltr'>Lipsius</span> <span class='ocrx_word' id='word_1_530' title='bbox 2231 3798 2297 3838; x_wconf 88' lang='lat' dir='ltr'>‹li-</span> 
     </span>
     <span class='ocr_line' id='line_1_50' title="bbox 135 3869 2295 3930; baseline -0.002 -18"><span class='ocrx_word' id='word_1_531' title='bbox 135 3869 332 3913; x_wconf 77' lang='lat' dir='ltr'>cebatur</span> <span class='ocrx_word' id='word_1_532' title='bbox 351 3871 525 3927; x_wconf 84' lang='lat' dir='ltr'>Wolfg.</span> <span class='ocrx_word' id='word_1_533' title='bbox 548 3871 710 3914; x_wconf 89' lang='lat' dir='ltr'>Polich</span> <span class='ocrx_word' id='word_1_534' title='bbox 732 3872 788 3914; x_wconf 84' lang='lat' dir='ltr'>(lc</span> <span class='ocrx_word' id='word_1_535' title='bbox 810 3873 1118 3916; x_wconf 80' lang='lat' dir='ltr'>Mellerstadt.</span> <span class='ocrx_word' id='word_1_536' title='bbox 1153 3875 1221 3918; x_wconf 81' lang='lat' dir='ltr'>Cf.</span> <span class='ocrx_word' id='word_1_537' title='bbox 1247 3875 1304 3916; x_wconf 87' lang='lat' dir='ltr'>ad</span> <span class='ocrx_word' id='word_1_538' title='bbox 1326 3876 1442 3930; x_wconf 82' lang='lat' dir='ltr'>Epp.</span> <span class='ocrx_word' id='word_1_539' title='bbox 1468 3876 1521 3918; x_wconf 89' lang='grc' dir='ltr'>Ο.</span> <span class='ocrx_word' id='word_1_540' title='bbox 1544 3876 1599 3920; x_wconf 88' lang='lat' dir='ltr'>V.</span> <span class='ocrx_word' id='word_1_541' title='bbox 1621 3877 1679 3917; x_wconf 89' lang='grc' dir='ltr'>ΙΙ.</span> <span class='ocrx_word' id='word_1_542' title='bbox 1703 3876 1770 3917; x_wconf 87' lang='grc'>70.</span> <span class='ocrx_word' id='word_1_543' title='bbox 1861 3869 2085 3923; x_wconf 84' lang='lat' dir='ltr'>Kelberf.]</span> <span class='ocrx_word' id='word_1_544' title='bbox 2109 3870 2295 3912; x_wconf 83' lang='lat' dir='ltr'>Hieron.</span> 
     </span>
     <span class='ocr_line' id='line_1_51' title="bbox 137 3940 2212 4002; baseline 0.001 -19"><span class='ocrx_word' id='word_1_545' title='bbox 137 3940 471 3997; x_wconf 75' lang='lat' dir='ltr'>Tungereheim</span> <span class='ocrx_word' id='word_1_546' title='bbox 504 3943 911 3986; x_wconf 78' lang='lat' dir='ltr'>Ocheenfurtensis</span> <span class='ocrx_word' id='word_1_547' title='bbox 942 3945 1124 3987; x_wconf 81' lang='lat' dir='ltr'>Franco</span> <span class='ocrx_word' id='word_1_548' title='bbox 1145 3946 1487 3988; x_wconf 81' lang='lat' dir='ltr'>Kelberfurtius</span> <span class='ocrx_word' id='word_1_549' title='bbox 1519 3947 1687 4002; x_wconf 82' lang='lat' dir='ltr'>frigido</span> <span class='ocrx_word' id='word_1_550' title='bbox 1720 3946 1924 3989; x_wconf 84' lang='lat' dir='ltr'>convitio</span> <span class='ocrx_word' id='word_1_551' title='bbox 1955 3940 2212 3986; x_wconf 75' lang='lat' dir='ltr'>dicebatur·</span> 
     </span>
    </p>
   </div>
  </div>
 </body>
</html>
