<?xml version="1.0" encoding="UTF-8"?>
<!DOCTYPE html PUBLIC "-//W3C//DTD XHTML 1.0 Transitional//EN"
    "http://www.w3.org/TR/xhtml1/DTD/xhtml1-transitional.dtd">
<html xmlns="http://www.w3.org/1999/xhtml" xml:lang="en" lang="en">
 <head>
  <title>
</title>
<meta http-equiv="Content-Type" content="text/html;charset=utf-8" />
  <meta name='ocr-system' content='tesseract 3.04.00' />
  <meta name='ocr-capabilities' content='ocr_page ocr_carea ocr_par ocr_line ocrx_word'/>
</head>
<body>
  <div class='ocr_page' id='page_1' title='image "./supoperaquaerepe01huttuoft_0076.png"; bbox 0 0 2456 4264; ppageno 0'>
   <div class='ocr_carea' id='block_1_1' title="bbox 271 239 1740 297">
    <p class='ocr_par' dir='ltr' id='par_1_1' title="bbox 271 239 1740 297">
     <span class='ocr_line' id='line_1_1' title="bbox 271 239 1740 297; baseline -0.003 -7"><span class='ocrx_word' id='word_1_1' title='bbox 271 239 348 297; x_wconf 76' lang='lat'><strong>36</strong></span> <span class='ocrx_word' id='word_1_2' title='bbox 931 258 1166 286; x_wconf 81' lang='lat' dir='ltr'>EPISTOLAE</span> <span class='ocrx_word' id='word_1_3' title='bbox 1190 255 1495 284; x_wconf 78' lang='lat' dir='ltr'>OBSCVRORVM</span> <span class='ocrx_word' id='word_1_4' title='bbox 1516 254 1740 285; x_wconf 70' lang='lat' dir='ltr'><strong>vlnonvu.</strong></span> 
     </span>
    </p>
   </div>
   <div class='ocr_carea' id='block_1_2' title="bbox 263 380 2456 2134">
    <p class='ocr_par' dir='ltr' id='par_1_2' title="bbox 266 380 2412 446">
     <span class='ocr_line' id='line_1_2' title="bbox 266 380 2412 446; baseline -0.004 -7"><span class='ocrx_word' id='word_1_5' title='bbox 266 391 555 440; x_wconf 78' lang='lat' dir='ltr'>tentationes</span> <span class='ocrx_word' id='word_1_6' title='bbox 604 386 807 444; x_wconf 91' lang='lat' dir='ltr'><strong>diaboli,</strong></span> <span class='ocrx_word' id='word_1_7' title='bbox 859 392 906 435; x_wconf 90' lang='lat' dir='ltr'><strong>et</strong></span> <span class='ocrx_word' id='word_1_8' title='bbox 943 385 1190 435; x_wconf 88' lang='lat' dir='ltr'><strong>stimulum</strong></span> <span class='ocrx_word' id='word_1_9' title='bbox 1239 385 1423 441; x_wconf 81' lang='lat' dir='ltr'><strong>carniS,</strong></span> <span class='ocrx_word' id='word_1_10' title='bbox 1478 388 1524 432; x_wconf 91' lang='lat' dir='ltr'><strong>et</strong></span> <span class='ocrx_word' id='word_1_11' title='bbox 1568 388 1738 446; x_wconf 90' lang='lat' dir='ltr'><strong>petere</strong></span> <span class='ocrx_word' id='word_1_12' title='bbox 1786 384 1836 430; x_wconf 87' lang='lat' dir='ltr'><strong>in</strong></span> <span class='ocrx_word' id='word_1_13' title='bbox 1888 380 2191 430; x_wconf 89' lang='lat' dir='ltr'><strong>orationibus</strong></span> <span class='ocrx_word' id='word_1_14' title='bbox 2226 381 2412 437; x_wconf 59' lang='lat' dir='ltr'><strong>vestris</strong></span> 
     </span>
    </p>

    <p class='ocr_par' dir='ltr' id='par_1_3' title="bbox 268 464 2412 539">
     <span class='ocr_line' id='line_1_3' title="bbox 268 464 2412 539; baseline -0.004 -16"><span class='ocrx_word' id='word_1_15' title='bbox 268 475 397 539; x_wconf 84' lang='lat' dir='ltr'><strong>quod</strong></span> <span class='ocrx_word' id='word_1_16' title='bbox 436 474 659 522; x_wconf 90' lang='lat' dir='ltr'><strong>dominus</strong></span> <span class='ocrx_word' id='word_1_17' title='bbox 699 470 808 520; x_wconf 90' lang='lat' dir='ltr'><strong>velit</strong></span> <span class='ocrx_word' id='word_1_18' title='bbox 845 485 928 519; x_wconf 88' lang='lat' dir='ltr'><strong>vos</strong></span> <span class='ocrx_word' id='word_1_19' title='bbox 967 469 1212 519; x_wconf 87' lang='lat' dir='ltr'><strong>custodire</strong></span> <span class='ocrx_word' id='word_1_20' title='bbox 1250 485 1276 518; x_wconf 93' lang='lat' dir='ltr'><strong>a</strong></span> <span class='ocrx_word' id='word_1_21' title='bbox 1314 467 1453 517; x_wconf 88' lang='lat' dir='ltr'><strong>malis</strong></span> <span class='ocrx_word' id='word_1_22' title='bbox 1491 465 1879 530; x_wconf 57' lang='lat' dir='ltr'><strong>cogitationibus</strong></span> <span class='ocrx_word' id='word_1_23' title='bbox 1954 465 2058 529; x_wconf 85' lang='lat' dir='ltr'><strong>Ego</strong></span> <span class='ocrx_word' id='word_1_24' title='bbox 2097 464 2245 513; x_wconf 90' lang='lat' dir='ltr'><strong>credo</strong></span> <span class='ocrx_word' id='word_1_25' title='bbox 2283 466 2412 527; x_wconf 90' lang='lat' dir='ltr'><strong>quod</strong></span> 
     </span>
    </p>

    <p class='ocr_par' dir='ltr' id='par_1_4' title="bbox 269 547 2411 619">
     <span class='ocr_line' id='line_1_4' title="bbox 269 547 2411 619; baseline -0.005 -12"><span class='ocrx_word' id='word_1_26' title='bbox 269 559 376 607; x_wconf 85' lang='lat' dir='ltr'><strong>talia</strong></span> <span class='ocrx_word' id='word_1_27' title='bbox 416 558 598 619; x_wconf 77' lang='lat' dir='ltr'><strong>legistis</strong></span> <span class='ocrx_word' id='word_1_28' title='bbox 635 557 685 603; x_wconf 91' lang='lat' dir='ltr'><strong>in</strong></span> <span class='ocrx_word' id='word_1_29' title='bbox 723 555 878 618; x_wconf 88' lang='lat' dir='ltr'><strong>poetis</strong></span> <span class='ocrx_word' id='word_1_30' title='bbox 917 552 1247 617; x_wconf 81' lang='lat' dir='ltr'><strong>secularibuS,</strong></span> <span class='ocrx_word' id='word_1_31' title='bbox 1299 558 1346 601; x_wconf 89' lang='lat' dir='ltr'><strong>et</strong></span> <span class='ocrx_word' id='word_1_32' title='bbox 1392 552 1624 616; x_wconf 86' lang='lat' dir='ltr'><strong>peieratis</strong></span> <span class='ocrx_word' id='word_1_33' title='bbox 1669 565 1755 599; x_wconf 86' lang='lat' dir='ltr'><strong>vos</strong></span> <span class='ocrx_word' id='word_1_34' title='bbox 1792 550 1922 599; x_wconf 88' lang='lat' dir='ltr'><strong>inde.</strong></span> <span class='ocrx_word' id='word_1_35' title='bbox 1998 555 2047 598; x_wconf 90' lang='lat' dir='ltr'><strong>et</strong></span> <span class='ocrx_word' id='word_1_36' title='bbox 2085 562 2203 611; x_wconf 87' lang='lat' dir='ltr'><strong>ergo</strong></span> <span class='ocrx_word' id='word_1_37' title='bbox 2243 547 2411 604; x_wconf 84' lang='lat' dir='ltr'><strong>vellem</strong></span> 
     </span>
    </p>

    <p class='ocr_par' dir='ltr' id='par_1_5' title="bbox 268 632 2414 705">
     <span class='ocr_line' id='line_1_5' title="bbox 268 632 2414 705; baseline -0.003 -16"><span class='ocrx_word' id='word_1_38' title='bbox 268 642 396 705; x_wconf 87' lang='lat' dir='ltr'><strong>quod</strong></span> <span class='ocrx_word' id='word_1_39' title='bbox 435 640 742 688; x_wconf 75' lang='lat' dir='ltr'><strong>dimitteretis</strong></span> <span class='ocrx_word' id='word_1_40' title='bbox 789 637 895 686; x_wconf 94' lang='lat' dir='ltr'><strong>illos</strong></span> <span class='ocrx_word' id='word_1_41' title='bbox 943 637 1138 700; x_wconf 81' lang='lat' dir='ltr'><strong>poetaS,</strong></span> <span class='ocrx_word' id='word_1_42' title='bbox 1193 637 1303 699; x_wconf 89' lang='lat' dir='ltr'><strong>quia</strong></span> <span class='ocrx_word' id='word_1_43' title='bbox 1354 637 1486 684; x_wconf 86' lang='lat' dir='ltr'><strong>scitis</strong></span> <span class='ocrx_word' id='word_1_44' title='bbox 1534 635 1663 699; x_wconf 91' lang='lat' dir='ltr'><strong>quod</strong></span> <span class='ocrx_word' id='word_1_45' title='bbox 1711 639 1909 683; x_wconf 87' lang='lat' dir='ltr'><strong>sanctus</strong></span> <span class='ocrx_word' id='word_1_46' title='bbox 1945 634 2276 697; x_wconf 80' lang='lat' dir='ltr'><strong>Hieronymus</strong></span> <span class='ocrx_word' id='word_1_47' title='bbox 2324 632 2414 682; x_wconf 84' lang='lat' dir='ltr'><strong>fuit</strong></span> 
     </span>
    </p>

    <p class='ocr_par' dir='ltr' id='par_1_6' title="bbox 263 717 2456 2134">
     <span class='ocr_line' id='line_1_6' title="bbox 265 717 2456 790; baseline -0.002 -19"><span class='ocrx_word' id='word_1_48' title='bbox 265 738 529 789; x_wconf 87' lang='lat' dir='ltr'><strong>percussus</strong></span> <span class='ocrx_word' id='word_1_49' title='bbox 555 722 614 771; x_wconf 92' lang='lat' dir='ltr'><strong>ab</strong></span> <span class='ocrx_word' id='word_1_50' title='bbox 654 721 853 784; x_wconf 83' lang='lat' dir='ltr'><strong>angele,</strong></span> <span class='ocrx_word' id='word_1_51' title='bbox 895 721 1004 785; x_wconf 89' lang='lat' dir='ltr'><strong>quia</strong></span> <span class='ocrx_word' id='word_1_52' title='bbox 1042 719 1160 782; x_wconf 85' lang='lat' dir='ltr'><strong>legit</strong></span> <span class='ocrx_word' id='word_1_53' title='bbox 1195 721 1245 768; x_wconf 92' lang='lat' dir='ltr'><strong>in</strong></span> <span class='ocrx_word' id='word_1_54' title='bbox 1282 720 1410 768; x_wconf 93' lang='lat' dir='ltr'><strong>libro</strong></span> <span class='ocrx_word' id='word_1_55' title='bbox 1446 726 1719 783; x_wconf 87' lang='lat' dir='ltr'><strong>poetarum.</strong></span> <span class='ocrx_word' id='word_1_56' title='bbox 1794 718 1855 766; x_wconf 83' lang='lat' dir='ltr'><strong>Et</strong></span> <span class='ocrx_word' id='word_1_57' title='bbox 1879 718 2136 780; x_wconf 78' lang='lat' dir='ltr'><strong>Daventrie</strong></span> <span class='ocrx_word' id='word_1_58' title='bbox 2175 731 2289 780; x_wconf 76' lang='lat' dir='ltr'><strong>sepe</strong></span> <span class='ocrx_word' id='word_1_59' title='bbox 2315 717 2412 766; x_wconf 83' lang='lat' dir='ltr'><strong>dixi</strong></span> <span class='ocrx_word' id='word_1_60' title='bbox 2438 737 2456 790; x_wconf 53' lang='lat' dir='ltr'><strong>,i</strong></span> 
     </span>
     <span class='ocr_line' id='line_1_7' title="bbox 268 800 2412 870; baseline -0.002 -13"><span class='ocrx_word' id='word_1_61' title='bbox 268 810 412 857; x_wconf 80' lang='lat' dir='ltr'><strong>etiam</strong></span> <span class='ocrx_word' id='word_1_62' title='bbox 450 807 584 855; x_wconf 89' lang='lat' dir='ltr'><strong>vobis</strong></span> <span class='ocrx_word' id='word_1_63' title='bbox 623 806 751 870; x_wconf 87' lang='lat' dir='ltr'><strong>quod</strong></span> <span class='ocrx_word' id='word_1_64' title='bbox 790 820 888 853; x_wconf 91' lang='lat' dir='ltr'><strong>non</strong></span> <span class='ocrx_word' id='word_1_65' title='bbox 929 804 1176 854; x_wconf 79' lang='lat' dir='ltr'><strong>deberetis</strong></span> <span class='ocrx_word' id='word_1_66' title='bbox 1213 804 1316 852; x_wconf 86' lang='lat' dir='ltr'><strong>fieri</strong></span> <span class='ocrx_word' id='word_1_67' title='bbox 1355 810 1499 868; x_wconf 88' lang='lat' dir='ltr'><strong>poeta</strong></span> <span class='ocrx_word' id='word_1_68' title='bbox 1536 803 1612 852; x_wconf 86' lang='lat' dir='ltr'><strong>vel</strong></span> <span class='ocrx_word' id='word_1_69' title='bbox 1649 804 1843 859; x_wconf 89' lang='lat' dir='ltr'><strong>iurista,</strong></span> <span class='ocrx_word' id='word_1_70' title='bbox 1883 803 1994 866; x_wconf 90' lang='lat' dir='ltr'><strong>quia</strong></span> <span class='ocrx_word' id='word_1_71' title='bbox 2034 802 2110 849; x_wconf 90' lang='lat' dir='ltr'><strong>isti</strong></span> <span class='ocrx_word' id='word_1_72' title='bbox 2149 806 2263 850; x_wconf 89' lang='lat' dir='ltr'><strong>sunt</strong></span> <span class='ocrx_word' id='word_1_73' title='bbox 2287 800 2412 852; x_wconf 79' lang='lat' dir='ltr'><strong>male</strong></span> 
     </span>
     <span class='ocr_line' id='line_1_8' title="bbox 267 886 2456 955; baseline -0.003 -15"><span class='ocrx_word' id='word_1_74' title='bbox 267 892 559 941; x_wconf 80' lang='lat' dir='ltr'><strong>affectionati</strong></span> <span class='ocrx_word' id='word_1_75' title='bbox 595 892 645 938; x_wconf 93' lang='lat' dir='ltr'><strong>in</strong></span> <span class='ocrx_word' id='word_1_76' title='bbox 683 890 803 947; x_wconf 87' lang='lat' dir='ltr'><strong>fide,</strong></span> <span class='ocrx_word' id='word_1_77' title='bbox 855 894 901 938; x_wconf 90' lang='lat' dir='ltr'><strong>et</strong></span> <span class='ocrx_word' id='word_1_78' title='bbox 952 888 1135 937; x_wconf 89' lang='lat' dir='ltr'><strong>habent</strong></span> <span class='ocrx_word' id='word_1_79' title='bbox 1174 889 1310 952; x_wconf 82' lang='lat' dir='ltr'><strong>quasi</strong></span> <span class='ocrx_word' id='word_1_80' title='bbox 1349 903 1519 936; x_wconf 87' lang='lat' dir='ltr'><strong>omnes</strong></span> <span class='ocrx_word' id='word_1_81' title='bbox 1557 887 1734 936; x_wconf 86' lang='lat' dir='ltr'><strong>malam</strong></span> <span class='ocrx_word' id='word_1_82' title='bbox 1773 887 2136 951; x_wconf 88' lang='lat' dir='ltr'><strong>dispositionem</strong></span> <span class='ocrx_word' id='word_1_83' title='bbox 2176 887 2226 933; x_wconf 90' lang='lat' dir='ltr'><strong>in</strong></span> <span class='ocrx_word' id='word_1_84' title='bbox 2265 886 2412 934; x_wconf 90' lang='lat' dir='ltr'><strong>mori·</strong></span> <span class='ocrx_word' id='word_1_85' title='bbox 2444 898 2456 955; x_wconf 58' lang='grc' dir='ltr'>ᾗ</span> 
     </span>
     <span class='ocr_line' id='line_1_9' title="bbox 267 971 2410 1036; baseline -0.003 -11"><span class='ocrx_word' id='word_1_86' title='bbox 267 977 373 1025; x_wconf 86' lang='lat' dir='ltr'><strong>bus.</strong></span> <span class='ocrx_word' id='word_1_87' title='bbox 450 976 509 1024; x_wconf 90' lang='lat' dir='ltr'><strong>Et</strong></span> <span class='ocrx_word' id='word_1_88' title='bbox 556 975 615 1023; x_wconf 92' lang='lat' dir='ltr'><strong>de</strong></span> <span class='ocrx_word' id='word_1_89' title='bbox 662 973 754 1022; x_wconf 91' lang='lat' dir='ltr'><strong>illis</strong></span> <span class='ocrx_word' id='word_1_90' title='bbox 799 971 1013 1036; x_wconf 86' lang='lat' dir='ltr'><strong>loquitur</strong></span> <span class='ocrx_word' id='word_1_91' title='bbox 1049 971 1330 1022; x_wconf 86' lang='lat' dir='ltr'><strong>Psalmista:</strong></span> <span class='ocrx_word' id='word_1_92' title='bbox 1383 971 1552 1021; x_wconf 88' lang='lat' dir='ltr'><strong>‘Odisti</strong></span> <span class='ocrx_word' id='word_1_93' title='bbox 1590 987 1762 1021; x_wconf 86' lang='lat' dir='ltr'><strong>omnes</strong></span> <span class='ocrx_word' id='word_1_94' title='bbox 1799 971 2116 1021; x_wconf 86' lang='lat' dir='ltr'><strong>observantes</strong></span> <span class='ocrx_word' id='word_1_95' title='bbox 2152 971 2410 1019; x_wconf 87' lang='lat' dir='ltr'><strong>vanitatem</strong></span> 
     </span>
     <span class='ocr_line' id='line_1_10' title="bbox 267 1054 2456 1123; baseline -0.002 -16"><span class='ocrx_word' id='word_1_96' title='bbox 267 1059 596 1123; x_wconf 68' lang='lat' dir='ltr'><strong>supervacue.</strong></span> <span class='ocrx_word' id='word_1_97' title='bbox 670 1059 825 1107; x_wconf 87' lang='lat' dir='ltr'><strong>Etiam</strong></span> <span class='ocrx_word' id='word_1_98' title='bbox 883 1058 942 1106; x_wconf 90' lang='lat' dir='ltr'><strong>de</strong></span> <span class='ocrx_word' id='word_1_99' title='bbox 1002 1057 1094 1105; x_wconf 91' lang='lat' dir='ltr'><strong>alio</strong></span> <span class='ocrx_word' id='word_1_100' title='bbox 1141 1056 1250 1105; x_wconf 91' lang='lat' dir='ltr'><strong>volo</strong></span> <span class='ocrx_word' id='word_1_101' title='bbox 1296 1056 1513 1105; x_wconf 86' lang='lat' dir='ltr'><strong>scribere</strong></span> <span class='ocrx_word' id='word_1_102' title='bbox 1561 1056 1711 1105; x_wconf 75' lang='lat' dir='ltr'><strong>vobis</strong></span> <span class='ocrx_word' id='word_1_103' title='bbox 1786 1056 1885 1120; x_wconf 91' lang='lat' dir='ltr'><strong>Ipsi</strong></span> <span class='ocrx_word' id='word_1_104' title='bbox 1932 1056 2102 1104; x_wconf 90' lang='lat' dir='ltr'><strong>dicunt</strong></span> <span class='ocrx_word' id='word_1_105' title='bbox 2151 1054 2281 1117; x_wconf 87' lang='lat' dir='ltr'><strong>quod</strong></span> <span class='ocrx_word' id='word_1_106' title='bbox 2328 1060 2456 1103; x_wconf 79' lang='lat' dir='ltr'><strong>vos³</strong></span> 
     </span>
     <span class='ocr_line' id='line_1_11' title="bbox 266 1090 2456 1207; baseline -0.002 -16"><span class='ocrx_word' id='word_1_107' title='bbox 266 1144 527 1206; x_wconf 74' lang='lat' dir='ltr'><strong>scripsistis</strong></span> <span class='ocrx_word' id='word_1_108' title='bbox 574 1148 741 1191; x_wconf 87' lang='lat' dir='ltr'><strong>contra</strong></span> <span class='ocrx_word' id='word_1_109' title='bbox 779 1142 1010 1190; x_wconf 86' lang='lat' dir='ltr'><strong>Ioannem</strong></span> <span class='ocrx_word' id='word_1_110' title='bbox 1048 1140 1287 1190; x_wconf 91' lang='lat' dir='ltr'><strong>Reuchlin</strong></span> <span class='ocrx_word' id='word_1_111' title='bbox 1337 1142 1384 1189; x_wconf 94' lang='lat' dir='ltr'><strong>in</strong></span> <span class='ocrx_word' id='word_1_112' title='bbox 1434 1156 1578 1190; x_wconf 89' lang='lat' dir='ltr'><strong>causa</strong></span> <span class='ocrx_word' id='word_1_113' title='bbox 1627 1141 1767 1197; x_wconf 78' lang='lat' dir='ltr'><strong>fidei3</strong></span> <span class='ocrx_word' id='word_1_114' title='bbox 1819 1146 1866 1189; x_wconf 90' lang='lat' dir='ltr'><strong>et</strong></span> <span class='ocrx_word' id='word_1_115' title='bbox 1915 1145 1989 1189; x_wconf 88' lang='lat' dir='ltr'><strong>est</strong></span> <span class='ocrx_word' id='word_1_116' title='bbox 2034 1139 2245 1194; x_wconf 89' lang='lat' dir='ltr'><strong>bonum,</strong></span> <span class='ocrx_word' id='word_1_117' title='bbox 2295 1090 2456 1207; x_wconf 43' lang='lat' dir='ltr'><strong>quia&#39;us</strong></span> 
     </span>
     <span class='ocr_line' id='line_1_12' title="bbox 265 1215 2456 1290; baseline -0.003 -14"><span class='ocrx_word' id='word_1_118' title='bbox 265 1228 406 1277; x_wconf 78' lang='lat' dir='ltr'><strong>vultis</strong></span> <span class='ocrx_word' id='word_1_119' title='bbox 443 1227 625 1275; x_wconf 88' lang='lat' dir='ltr'><strong>lucrari</strong></span> <span class='ocrx_word' id='word_1_120' title='bbox 663 1242 810 1290; x_wconf 86' lang='lat' dir='ltr'><strong>super</strong></span> <span class='ocrx_word' id='word_1_121' title='bbox 849 1225 1081 1274; x_wconf 87' lang='lat' dir='ltr'><strong>talentum</strong></span> <span class='ocrx_word' id='word_1_122' title='bbox 1120 1231 1334 1273; x_wconf 89' lang='lat' dir='ltr'><strong>vestrum</strong></span> <span class='ocrx_word' id='word_1_123' title='bbox 1373 1226 1502 1288; x_wconf 85' lang='lat' dir='ltr'><strong>quod</strong></span> <span class='ocrx_word' id='word_1_124' title='bbox 1540 1226 1740 1274; x_wconf 86' lang='lat' dir='ltr'><strong>tradidit</strong></span> <span class='ocrx_word' id='word_1_125' title='bbox 1778 1224 1912 1273; x_wconf 89' lang='lat' dir='ltr'><strong>vobis</strong></span> <span class='ocrx_word' id='word_1_126' title='bbox 1950 1224 2086 1273; x_wconf 91' lang='lat' dir='ltr'><strong>deus.</strong></span> <span class='ocrx_word' id='word_1_127' title='bbox 2162 1222 2256 1271; x_wconf 90' lang='lat' dir='ltr'><strong>Sed</strong></span> <span class='ocrx_word' id='word_1_128' title='bbox 2296 1222 2412 1271; x_wconf 91' lang='lat' dir='ltr'><strong>dici·</strong></span> <span class='ocrx_word' id='word_1_129' title='bbox 2454 1215 2456 1220; x_wconf 65' lang='grc'><strong>’</strong></span> 
     </span>
     <span class='ocr_line' id='line_1_13' title="bbox 267 1220 2456 1439; baseline -0.002 -79"><span class='ocrx_word' id='word_1_130' title='bbox 267 1313 391 1361; x_wconf 85' lang='lat' dir='ltr'><strong>citur</strong></span> <span class='ocrx_word' id='word_1_131' title='bbox 429 1295 507 1360; x_wconf 88' lang='lat' dir='ltr'><strong>hic</strong></span> <span class='ocrx_word' id='word_1_132' title='bbox 546 1311 674 1375; x_wconf 86' lang='lat' dir='ltr'><strong>quod</strong></span> <span class='ocrx_word' id='word_1_133' title='bbox 711 1311 916 1359; x_wconf 89' lang='lat' dir='ltr'><strong>loannes</strong></span> <span class='ocrx_word' id='word_1_134' title='bbox 953 1309 1285 1366; x_wconf 81' lang='lat' dir='ltr'><strong>Pfefferkorn,</strong></span> <span class='ocrx_word' id='word_1_135' title='bbox 1327 1325 1470 1374; x_wconf 89' lang='lat' dir='ltr'><strong>quem</strong></span> <span class='ocrx_word' id='word_1_136' title='bbox 1511 1311 1655 1359; x_wconf 88' lang='lat' dir='ltr'><strong>etiam</strong></span> <span class='ocrx_word' id='word_1_137' title='bbox 1694 1308 1950 1358; x_wconf 82' lang='lat' dir='ltr'><strong>defenditis</strong></span> <span class='ocrx_word' id='word_1_138' title='bbox 1987 1323 2096 1364; x_wconf 85' lang='lat' dir='ltr'><strong>VOS,</strong></span> <span class='ocrx_word' id='word_1_139' title='bbox 2147 1313 2220 1357; x_wconf 88' lang='lat' dir='ltr'><strong>est</strong></span> <span class='ocrx_word' id='word_1_140' title='bbox 2256 1220 2456 1439; x_wconf 54' lang='lat' dir='ltr'><strong>malusj</strong></span> 
     </span>
     <span class='ocr_line' id='line_1_14' title="bbox 266 1391 2425 1459; baseline -0.001 -16"><span class='ocrx_word' id='word_1_141' title='bbox 266 1411 500 1459; x_wconf 87' lang='lat' dir='ltr'><strong>nequam,</strong></span> <span class='ocrx_word' id='word_1_142' title='bbox 552 1401 599 1443; x_wconf 87' lang='lat' dir='ltr'><strong>et</strong></span> <span class='ocrx_word' id='word_1_143' title='bbox 649 1410 748 1443; x_wconf 90' lang='lat' dir='ltr'><strong>non</strong></span> <span class='ocrx_word' id='word_1_144' title='bbox 797 1400 868 1443; x_wconf 87' lang='lat' dir='ltr'><strong>est</strong></span> <span class='ocrx_word' id='word_1_145' title='bbox 917 1394 1071 1443; x_wconf 86' lang='lat' dir='ltr'><strong>sactus</strong></span> <span class='ocrx_word' id='word_1_146' title='bbox 1119 1394 1410 1442; x_wconf 89' lang='lat' dir='ltr'><strong>christianus</strong></span> <span class='ocrx_word' id='word_1_147' title='bbox 1458 1410 1626 1444; x_wconf 89' lang='lat' dir='ltr'><strong>amore</strong></span> <span class='ocrx_word' id='word_1_148' title='bbox 1672 1394 1807 1450; x_wconf 87' lang='lat' dir='ltr'><strong>fidei,</strong></span> <span class='ocrx_word' id='word_1_149' title='bbox 1856 1393 1941 1442; x_wconf 88' lang='lat' dir='ltr'><strong>sed</strong></span> <span class='ocrx_word' id='word_1_150' title='bbox 1979 1397 2242 1456; x_wconf 83' lang='lat' dir='ltr'><strong>propterea</strong></span> <span class='ocrx_word' id='word_1_151' title='bbox 2282 1391 2425 1456; x_wconf 60' lang='lat' dir='ltr'><strong>quod*-</strong></span> 
     </span>
     <span class='ocr_line' id='line_1_15' title="bbox 265 1475 2431 1548; baseline -0.001 -20"><span class='ocrx_word' id='word_1_152' title='bbox 265 1480 398 1542; x_wconf 80' lang='lat' dir='ltr'><strong>Iudei</strong></span> <span class='ocrx_word' id='word_1_153' title='bbox 439 1478 696 1529; x_wconf 84' lang='lat' dir='ltr'><strong>voluerunt</strong></span> <span class='ocrx_word' id='word_1_154' title='bbox 735 1479 1184 1541; x_wconf 84' lang='lat' dir='ltr'><strong>eumsuspendere</strong></span> <span class='ocrx_word' id='word_1_155' title='bbox 1223 1485 1426 1541; x_wconf 88' lang='lat' dir='ltr'><strong>propter</strong></span> <span class='ocrx_word' id='word_1_156' title='bbox 1463 1494 1577 1528; x_wconf 89' lang='lat' dir='ltr'><strong>suas</strong></span> <span class='ocrx_word' id='word_1_157' title='bbox 1614 1480 1876 1543; x_wconf 81' lang='lat' dir='ltr'><strong>nequitiaS‚</strong></span> <span class='ocrx_word' id='word_1_158' title='bbox 1927 1479 2038 1541; x_wconf 89' lang='lat' dir='ltr'><strong>quia</strong></span> <span class='ocrx_word' id='word_1_159' title='bbox 2078 1476 2246 1525; x_wconf 88' lang='lat' dir='ltr'><strong>dicunt</strong></span> <span class='ocrx_word' id='word_1_160' title='bbox 2284 1475 2431 1548; x_wconf 78' lang='lat' dir='ltr'><strong>quod¹</strong></span> 
     </span>
     <span class='ocr_line' id='line_1_16' title="bbox 267 1560 2423 1627; baseline -0 -15"><span class='ocrx_word' id='word_1_161' title='bbox 267 1571 338 1612; x_wconf 87' lang='lat' dir='ltr'><strong>est</strong></span> <span class='ocrx_word' id='word_1_162' title='bbox 375 1565 452 1612; x_wconf 87' lang='lat' dir='ltr'><strong>sur</strong></span> <span class='ocrx_word' id='word_1_163' title='bbox 492 1569 540 1612; x_wconf 90' lang='lat' dir='ltr'><strong>et</strong></span> <span class='ocrx_word' id='word_1_164' title='bbox 576 1563 826 1627; x_wconf 88' lang='lat' dir='ltr'><strong>proditor,</strong></span> <span class='ocrx_word' id='word_1_165' title='bbox 877 1567 925 1611; x_wconf 93' lang='lat' dir='ltr'><strong>et</strong></span> <span class='ocrx_word' id='word_1_166' title='bbox 974 1564 1044 1611; x_wconf 91' lang='lat' dir='ltr'><strong>sic</strong></span> <span class='ocrx_word' id='word_1_167' title='bbox 1080 1564 1170 1611; x_wconf 88' lang='lat' dir='ltr'><strong>fuit</strong></span> <span class='ocrx_word' id='word_1_168' title='bbox 1206 1562 1502 1625; x_wconf 88' lang='lat' dir='ltr'><strong>baptizatus;</strong></span> <span class='ocrx_word' id='word_1_169' title='bbox 1552 1570 1600 1611; x_wconf 90' lang='lat' dir='ltr'><strong>et</strong></span> <span class='ocrx_word' id='word_1_170' title='bbox 1637 1578 1806 1611; x_wconf 88' lang='lat' dir='ltr'><strong>omnes</strong></span> <span class='ocrx_word' id='word_1_171' title='bbox 1844 1562 2012 1611; x_wconf 91' lang='lat' dir='ltr'><strong>dicunt</strong></span> <span class='ocrx_word' id='word_1_172' title='bbox 2050 1562 2179 1625; x_wconf 88' lang='lat' dir='ltr'><strong>quod</strong></span> <span class='ocrx_word' id='word_1_173' title='bbox 2220 1560 2423 1618; x_wconf 52' lang='lat' dir='ltr'><strong>occulte,</strong></span> 
     </span>
     <span class='ocr_line' id='line_1_17' title="bbox 267 1645 2413 1710; baseline -0.001 -14"><span class='ocrx_word' id='word_1_174' title='bbox 267 1655 339 1697; x_wconf 87' lang='lat' dir='ltr'><strong>est</strong></span> <span class='ocrx_word' id='word_1_175' title='bbox 375 1647 530 1696; x_wconf 89' lang='lat' dir='ltr'><strong>malus</strong></span> <span class='ocrx_word' id='word_1_176' title='bbox 569 1647 885 1702; x_wconf 89' lang='lat' dir='ltr'><strong>christianus,</strong></span> <span class='ocrx_word' id='word_1_177' title='bbox 938 1652 985 1695; x_wconf 91' lang='lat' dir='ltr'><strong>et</strong></span> <span class='ocrx_word' id='word_1_178' title='bbox 1032 1661 1130 1694; x_wconf 91' lang='lat' dir='ltr'><strong>non</strong></span> <span class='ocrx_word' id='word_1_179' title='bbox 1181 1646 1396 1696; x_wconf 84' lang='lat' dir='ltr'><strong>manebit</strong></span> <span class='ocrx_word' id='word_1_180' title='bbox 1433 1648 1482 1694; x_wconf 93' lang='lat' dir='ltr'><strong>in</strong></span> <span class='ocrx_word' id='word_1_181' title='bbox 1520 1647 1630 1696; x_wconf 84' lang='lat' dir='ltr'><strong>fide.</strong></span> <span class='ocrx_word' id='word_1_182' title='bbox 1707 1662 1824 1710; x_wconf 87' lang='lat' dir='ltr'><strong>ergo</strong></span> <span class='ocrx_word' id='word_1_183' title='bbox 1863 1646 2054 1696; x_wconf 80' lang='lat' dir='ltr'><strong>(lebetis</strong></span> <span class='ocrx_word' id='word_1_184' title='bbox 2094 1646 2257 1695; x_wconf 85' lang='lat' dir='ltr'><strong>videre</strong></span> <span class='ocrx_word' id='word_1_185' title='bbox 2296 1645 2413 1710; x_wconf 86' lang='lat' dir='ltr'><strong>quid</strong></span> 
     </span>
     <span class='ocr_line' id='line_1_18' title="bbox 265 1728 2412 1796; baseline -0 -16"><span class='ocrx_word' id='word_1_186' title='bbox 265 1733 437 1781; x_wconf 81' lang='lat' dir='ltr'><strong>facitis.</strong></span> <span class='ocrx_word' id='word_1_187' title='bbox 512 1732 612 1780; x_wconf 87' lang='lat' dir='ltr'><strong>Iam</strong></span> <span class='ocrx_word' id='word_1_188' title='bbox 652 1728 1026 1779; x_wconf 79' lang='lat' dir='ltr'><strong>combusserunt</strong></span> <span class='ocrx_word' id='word_1_189' title='bbox 1063 1732 1113 1778; x_wconf 90' lang='lat' dir='ltr'><strong>in</strong></span> <span class='ocrx_word' id='word_1_190' title='bbox 1141 1729 1291 1779; x_wconf 90' lang='lat' dir='ltr'><strong>Hallis</strong></span> <span class='ocrx_word' id='word_1_191' title='bbox 1316 1747 1468 1779; x_wconf 91' lang='lat' dir='ltr'><strong>unum</strong></span> <span class='ocrx_word' id='word_1_192' title='bbox 1495 1731 1791 1796; x_wconf 88' lang='lat' dir='ltr'><strong>baptizatum</strong></span> <span class='ocrx_word' id='word_1_193' title='bbox 1820 1731 2020 1794; x_wconf 80' lang='lat' dir='ltr'><strong>Iudeum</strong></span> <span class='ocrx_word' id='word_1_194' title='bbox 2051 1732 2133 1795; x_wconf 90' lang='lat' dir='ltr'><strong>qui</strong></span> <span class='ocrx_word' id='word_1_195' title='bbox 2161 1731 2303 1779; x_wconf 88' lang='lat' dir='ltr'><strong>etiam</strong></span> <span class='ocrx_word' id='word_1_196' title='bbox 2331 1746 2412 1779; x_wconf 90' lang='lat' dir='ltr'><strong>vo·</strong></span> 
     </span>
     <span class='ocr_line' id='line_1_19' title="bbox 267 1813 2412 1878; baseline 0 -14"><span class='ocrx_word' id='word_1_197' title='bbox 267 1822 403 1865; x_wconf 87' lang='lat' dir='ltr'><strong>catur</strong></span> <span class='ocrx_word' id='word_1_198' title='bbox 441 1816 647 1863; x_wconf 88' lang='lat' dir='ltr'><strong>Ioannes</strong></span> <span class='ocrx_word' id='word_1_199' title='bbox 685 1814 1014 1871; x_wconf 77' lang='lat' dir='ltr'><strong>Psess&#39;erkorn,</strong></span> <span class='ocrx_word' id='word_1_200' title='bbox 1064 1820 1109 1863; x_wconf 92' lang='lat' dir='ltr'><strong>et</strong></span> <span class='ocrx_word' id='word_1_201' title='bbox 1159 1816 1272 1863; x_wconf 86' lang='lat' dir='ltr'><strong>fecit</strong></span> <span class='ocrx_word' id='word_1_202' title='bbox 1319 1814 1466 1864; x_wconf 89' lang='lat' dir='ltr'><strong>multa</strong></span> <span class='ocrx_word' id='word_1_203' title='bbox 1508 1816 1648 1864; x_wconf 85' lang='lat' dir='ltr'><strong>mala.</strong></span> <span class='ocrx_word' id='word_1_204' title='bbox 1724 1815 1827 1878; x_wconf 86' lang='lat' dir='ltr'><strong>Ego</strong></span> <span class='ocrx_word' id='word_1_205' title='bbox 1865 1817 2013 1864; x_wconf 87' lang='lat' dir='ltr'><strong>timeo</strong></span> <span class='ocrx_word' id='word_1_206' title='bbox 2053 1815 2182 1878; x_wconf 88' lang='lat' dir='ltr'><strong>quod</strong></span> <span class='ocrx_word' id='word_1_207' title='bbox 2222 1813 2303 1864; x_wconf 90' lang='lat' dir='ltr'><strong>ille</strong></span> <span class='ocrx_word' id='word_1_208' title='bbox 2342 1813 2412 1864; x_wconf 82' lang='lat' dir='ltr'><strong>fa-</strong></span> 
     </span>
     <span class='ocr_line' id='line_1_20' title="bbox 267 1898 2412 1955; baseline 0 -7"><span class='ocrx_word' id='word_1_209' title='bbox 267 1901 358 1948; x_wconf 83' lang='lat' dir='ltr'><strong>ciet</strong></span> <span class='ocrx_word' id='word_1_210' title='bbox 396 1899 547 1948; x_wconf 88' lang='lat' dir='ltr'><strong>semel</strong></span> <span class='ocrx_word' id='word_1_211' title='bbox 585 1900 718 1955; x_wconf 88' lang='lat' dir='ltr'><strong>talia,</strong></span> <span class='ocrx_word' id='word_1_212' title='bbox 767 1904 883 1947; x_wconf 89' lang='lat' dir='ltr'><strong>tunc</strong></span> <span class='ocrx_word' id='word_1_213' title='bbox 928 1913 1013 1946; x_wconf 89' lang='lat' dir='ltr'><strong>vos</strong></span> <span class='ocrx_word' id='word_1_214' title='bbox 1061 1898 1187 1948; x_wconf 85' lang='lat' dir='ltr'><strong>male</strong></span> <span class='ocrx_word' id='word_1_215' title='bbox 1235 1901 1443 1948; x_wconf 90' lang='lat' dir='ltr'><strong>staretis.</strong></span> <span class='ocrx_word' id='word_1_216' title='bbox 1519 1899 1614 1948; x_wconf 88' lang='lat' dir='ltr'><strong>Sed</strong></span> <span class='ocrx_word' id='word_1_217' title='bbox 1666 1899 1979 1949; x_wconf 88' lang='lat' dir='ltr'><strong>nihilominus</strong></span> <span class='ocrx_word' id='word_1_218' title='bbox 2018 1899 2207 1950; x_wconf 85' lang='lat' dir='ltr'><strong>debetis</strong></span> <span class='ocrx_word' id='word_1_219' title='bbox 2246 1899 2412 1949; x_wconf 87' lang='lat' dir='ltr'><strong>desen-</strong></span> 
     </span>
     <span class='ocr_line' id='line_1_21' title="bbox 264 1981 2413 2048; baseline 0 -17"><span class='ocrx_word' id='word_1_220' title='bbox 264 1984 380 2032; x_wconf 90' lang='lat' dir='ltr'><strong>dere</strong></span> <span class='ocrx_word' id='word_1_221' title='bbox 419 1983 748 2047; x_wconf 83' lang='lat' dir='ltr'><strong>Theologiam.</strong></span> <span class='ocrx_word' id='word_1_222' title='bbox 826 1989 873 2031; x_wconf 91' lang='lat' dir='ltr'><strong>et</strong></span> <span class='ocrx_word' id='word_1_223' title='bbox 909 1984 1112 2046; x_wconf 92' lang='lat' dir='ltr'><strong>accipite</strong></span> <span class='ocrx_word' id='word_1_224' title='bbox 1148 1984 1196 2030; x_wconf 92' lang='lat' dir='ltr'><strong>in</strong></span> <span class='ocrx_word' id='word_1_225' title='bbox 1234 1983 1414 2032; x_wconf 89' lang='lat' dir='ltr'><strong>bonam</strong></span> <span class='ocrx_word' id='word_1_226' title='bbox 1452 1989 1642 2047; x_wconf 85' lang='lat' dir='ltr'><strong>partem</strong></span> <span class='ocrx_word' id='word_1_227' title='bbox 1681 1983 1810 2048; x_wconf 88' lang='lat' dir='ltr'><strong>quod</strong></span> <span class='ocrx_word' id='word_1_228' title='bbox 1839 1984 2055 2037; x_wconf 82' lang='lat' dir='ltr'><strong>fraterne</strong></span> <span class='ocrx_word' id='word_1_229' title='bbox 2082 1981 2304 2032; x_wconf 89' lang='lat' dir='ltr'><strong>consului</strong></span> <span class='ocrx_word' id='word_1_230' title='bbox 2333 1998 2413 2032; x_wconf 91' lang='lat' dir='ltr'><strong>vo·</strong></span> 
     </span>
     <span class='ocr_line' id='line_1_22' title="bbox 263 2066 1885 2134; baseline 0.001 -19"><span class='ocrx_word' id='word_1_231' title='bbox 263 2067 365 2116; x_wconf 88' lang='lat' dir='ltr'><strong>bis:</strong></span> <span class='ocrx_word' id='word_1_232' title='bbox 405 2073 452 2116; x_wconf 89' lang='lat' dir='ltr'><strong>et</strong></span> <span class='ocrx_word' id='word_1_233' title='bbox 489 2067 652 2116; x_wconf 90' lang='lat' dir='ltr'><strong>Valete</strong></span> <span class='ocrx_word' id='word_1_234' title='bbox 688 2069 736 2115; x_wconf 92' lang='lat' dir='ltr'><strong>in</strong></span> <span class='ocrx_word' id='word_1_235' title='bbox 777 2066 904 2115; x_wconf 90' lang='lat' dir='ltr'><strong>bona</strong></span> <span class='ocrx_word' id='word_1_236' title='bbox 943 2069 1283 2131; x_wconf 87' lang='lat' dir='ltr'><strong>prosperitate.</strong></span> <span class='ocrx_word' id='word_1_237' title='bbox 1360 2068 1533 2117; x_wconf 88' lang='lat' dir='ltr'><strong>Datum</strong></span> <span class='ocrx_word' id='word_1_238' title='bbox 1571 2067 1885 2134; x_wconf 86' lang='lat' dir='ltr'><strong>Madepurck.</strong></span> 
     </span>
    </p>
   </div>
   <div class='ocr_carea' id='block_1_3' title="bbox 2390 1440 2456 4264">
    <p class='ocr_par' dir='ltr' id='par_1_7' title="bbox 2390 1440 2456 4264">
     <span class='ocr_line' id='line_1_23' title="bbox 2420 1440 2456 1742; baseline 0 0"><span class='ocrx_word' id='word_1_239' title='bbox 2420 1440 2456 1742; x_wconf 95' lang='lat' dir='ltr'><strong>    </strong></span> 
     </span>
     <span class='ocr_line' id='line_1_24' title="bbox 2413 1742 2456 2081; baseline 0 0"><span class='ocrx_word' id='word_1_240' title='bbox 2413 1742 2456 2081; x_wconf 95' lang='lat' dir='ltr'><strong>    </strong></span> 
     </span>
     <span class='ocr_line' id='line_1_25' title="bbox 2391 2081 2456 2764; baseline 0 -222"><span class='ocrx_word' id='word_1_241' title='bbox 2391 2081 2456 2764; x_wconf 95' lang='lat' dir='ltr'><strong>     </strong></span> 
     </span>
     <span class='ocr_line' id='line_1_26' title="bbox 2390 2764 2430 2826; baseline 0 0"><span class='ocrx_word' id='word_1_242' title='bbox 2390 2764 2419 2826; x_wconf 95' lang='lat' dir='ltr'><strong> </strong></span> <span class='ocrx_word' id='word_1_243' title='bbox 2429 2764 2430 2826; x_wconf 95' lang='lat' dir='ltr'><strong> </strong></span> 
     </span>
     <span class='ocr_line' id='line_1_27' title="bbox 2408 2900 2456 3023; baseline 0 1241"><span class='ocrx_word' id='word_1_244' title='bbox 2408 2900 2456 3023; x_wconf 95' lang='lat' dir='ltr'><strong> </strong></span> 
     </span>
     <span class='ocr_line' id='line_1_28' title="bbox 2408 3023 2456 4264; baseline 0 0"><span class='ocrx_word' id='word_1_245' title='bbox 2408 3023 2456 4264; x_wconf 95' lang='lat' dir='ltr'><strong>    </strong></span> 
     </span>
    </p>
   </div>
   <div class='ocr_carea' id='block_1_4' title="bbox 835 2302 1845 2500">
    <p class='ocr_par' dir='ltr' id='par_1_8' title="bbox 835 2302 1845 2500">
     <span class='ocr_line' id='line_1_29' title="bbox 1290 2302 1374 2362; baseline -0.083 1"><span class='ocrx_word' id='word_1_246' title='bbox 1290 2302 1374 2362; x_wconf 79' lang='lat'><strong>24.</strong></span> 
     </span>
     <span class='ocr_line' id='line_1_30' title="bbox 835 2417 1845 2500; baseline 0.003 -23"><span class='ocrx_word' id='word_1_247' title='bbox 835 2417 1121 2478; x_wconf 84' lang='lat' dir='ltr'><strong>Paulus</strong></span> <span class='ocrx_word' id='word_1_248' title='bbox 1167 2419 1845 2500; x_wconf 82' lang='lat' dir='ltr'><strong>Daubengigelius</strong></span> 
     </span>
    </p>
   </div>
   <div class='ocr_carea' id='block_1_5' title="bbox 851 2531 2437 2695">
    <p class='ocr_par' dir='ltr' id='par_1_9' title="bbox 851 2520 2437 2695">
     <span class='ocr_line' id='line_1_31' title="bbox 1016 2531 2407 2597; baseline 0.003 -16"><span class='ocrx_word' id='word_1_249' title='bbox 1016 2531 1218 2581; x_wconf 86' lang='lat' dir='ltr'><strong>salutem</strong></span> <span class='ocrx_word' id='word_1_250' title='bbox 1257 2533 1373 2581; x_wconf 87' lang='lat' dir='ltr'><strong>dicit</strong></span> <span class='ocrx_word' id='word_1_251' title='bbox 1408 2533 1667 2597; x_wconf 90' lang='lat' dir='ltr'><strong>plurimam</strong></span> <span class='ocrx_word' id='word_1_252' title='bbox 2390 2538 2407 2580; x_wconf 76' lang='lat'>¹</span> 
     </span>
     <span class='ocr_line' id='line_1_32' title="bbox 851 2608 2437 2695; baseline 0.006 -17"><span class='ocrx_word' id='word_1_253' title='bbox 851 2627 1187 2695; x_wconf 83' lang='lat' dir='ltr'><strong>Magistro</strong></span> <span class='ocrx_word' id='word_1_254' title='bbox 1226 2629 1512 2682; x_wconf 84' lang='lat' dir='ltr'><strong>Ortvino</strong></span> <span class='ocrx_word' id='word_1_255' title='bbox 1552 2630 1810 2683; x_wconf 79' lang='lat' dir='ltr'><strong>GratiO.</strong></span> <span class='ocrx_word' id='word_1_256' title='bbox 2435 2608 2437 2612; x_wconf 14' lang='lat' dir='ltr'>v</span> 
     </span>
    </p>
   </div>
   <div class='ocr_carea' id='block_1_6' title="bbox 407 2712 2456 2812">
    <p class='ocr_par' dir='ltr' id='par_1_10' title="bbox 407 2712 2456 2812">
     <span class='ocr_line' id='line_1_33' title="bbox 407 2712 2456 2812; baseline 0.005 -24"><span class='ocrx_word' id='word_1_257' title='bbox 407 2739 533 2789; x_wconf 89' lang='lat' dir='ltr'><strong>Ecce</strong></span> <span class='ocrx_word' id='word_1_258' title='bbox 571 2741 609 2788; x_wconf 93' lang='lat' dir='ltr'><strong>si</strong></span> <span class='ocrx_word' id='word_1_259' title='bbox 648 2755 737 2804; x_wconf 82' lang='lat' dir='ltr'><strong>ego</strong></span> <span class='ocrx_word' id='word_1_260' title='bbox 776 2757 884 2790; x_wconf 89' lang='lat' dir='ltr'><strong>sum</strong></span> <span class='ocrx_word' id='word_1_261' title='bbox 922 2743 1131 2791; x_wconf 83' lang='lat' dir='ltr'><strong>mendax</strong></span> <span class='ocrx_word' id='word_1_262' title='bbox 1169 2745 1292 2792; x_wconf 88' lang='lat' dir='ltr'><strong>sicut</strong></span> <span class='ocrx_word' id='word_1_263' title='bbox 1330 2759 1487 2808; x_wconf 88' lang='lat' dir='ltr'><strong>nuper</strong></span> <span class='ocrx_word' id='word_1_264' title='bbox 1525 2745 1735 2803; x_wconf 85' lang='lat' dir='ltr'><strong>dixistis,</strong></span> <span class='ocrx_word' id='word_1_265' title='bbox 1787 2747 1917 2810; x_wconf 90' lang='lat' dir='ltr'><strong>quod</strong></span> <span class='ocrx_word' id='word_1_266' title='bbox 1955 2747 2292 2812; x_wconf 86' lang='lat' dir='ltr'><strong>promitterem</strong></span> <span class='ocrx_word' id='word_1_267' title='bbox 2332 2712 2456 2799; x_wconf 18' lang='lat' dir='ltr'><strong>voi)¹</strong></span> 
     </span>
    </p>
   </div>
   <div class='ocr_carea' id='block_1_7' title="bbox 267 2823 2430 3742">
    <p class='ocr_par' dir='ltr' id='par_1_11' title="bbox 267 2823 2430 3742">
     <span class='ocr_line' id='line_1_34' title="bbox 270 2823 2430 2888; baseline 0.005 -17"><span class='ocrx_word' id='word_1_268' title='bbox 270 2823 342 2872; x_wconf 92' lang='lat' dir='ltr'><strong>bis</strong></span> <span class='ocrx_word' id='word_1_269' title='bbox 378 2839 573 2888; x_wconf 89' lang='lat' dir='ltr'><strong>semper</strong></span> <span class='ocrx_word' id='word_1_270' title='bbox 611 2826 739 2888; x_wconf 89' lang='lat' dir='ltr'><strong>quod</strong></span> <span class='ocrx_word' id='word_1_271' title='bbox 781 2824 950 2875; x_wconf 90' lang='lat' dir='ltr'><strong>vellem</strong></span> <span class='ocrx_word' id='word_1_272' title='bbox 988 2826 1123 2877; x_wconf 91' lang='lat' dir='ltr'><strong>vobis</strong></span> <span class='ocrx_word' id='word_1_273' title='bbox 1149 2828 1365 2877; x_wconf 90' lang='lat' dir='ltr'><strong>scribere</strong></span> <span class='ocrx_word' id='word_1_274' title='bbox 1392 2834 1627 2879; x_wconf 88' lang='lat' dir='ltr'><strong>ettamen</strong></span> <span class='ocrx_word' id='word_1_275' title='bbox 1654 2845 1751 2880; x_wconf 90' lang='lat' dir='ltr'><strong>non</strong></span> <span class='ocrx_word' id='word_1_276' title='bbox 1777 2831 2048 2881; x_wconf 84' lang='lat' dir='ltr'><strong>scriberem</strong></span> <span class='ocrx_word' id='word_1_277' title='bbox 2086 2832 2237 2881; x_wconf 77' lang='lat' dir='ltr'><strong>vobis</strong></span> <span class='ocrx_word' id='word_1_278' title='bbox 2311 2831 2358 2880; x_wconf 88' lang='lat' dir='ltr'><strong>la</strong></span> <span class='ocrx_word' id='word_1_279' title='bbox 2428 2839 2430 2843; x_wconf 81' lang='grc'>’</span> 
     </span>
     <span class='ocr_line' id='line_1_35' title="bbox 271 2907 2379 2983; baseline 0.005 -28"><span class='ocrx_word' id='word_1_280' title='bbox 271 2907 375 2956; x_wconf 87' lang='lat' dir='ltr'><strong>volo</strong></span> <span class='ocrx_word' id='word_1_281' title='bbox 413 2908 625 2971; x_wconf 88' lang='lat' dir='ltr'><strong>probare</strong></span> <span class='ocrx_word' id='word_1_282' title='bbox 665 2909 793 2973; x_wconf 90' lang='lat' dir='ltr'><strong>quod</strong></span> <span class='ocrx_word' id='word_1_283' title='bbox 831 2915 975 2958; x_wconf 84' lang='lat' dir='ltr'><strong>teneo</strong></span> <span class='ocrx_word' id='word_1_284' title='bbox 1027 2911 1160 2959; x_wconf 92' lang='lat' dir='ltr'><strong>vobis</strong></span> <span class='ocrx_word' id='word_1_285' title='bbox 1207 2913 1376 2969; x_wconf 86' lang='lat' dir='ltr'><strong>fidem,</strong></span> <span class='ocrx_word' id='word_1_286' title='bbox 1430 2915 1540 2976; x_wconf 88' lang='lat' dir='ltr'><strong>quia</strong></span> <span class='ocrx_word' id='word_1_287' title='bbox 1596 2916 1666 2962; x_wconf 86' lang='lat' dir='ltr'><strong>vir</strong></span> <span class='ocrx_word' id='word_1_288' title='bbox 1719 2921 1938 2965; x_wconf 88' lang='lat' dir='ltr'><strong>maturus</strong></span> <span class='ocrx_word' id='word_1_289' title='bbox 1986 2923 2033 2966; x_wconf 88' lang='lat' dir='ltr'><strong>et</strong></span> <span class='ocrx_word' id='word_1_290' title='bbox 2080 2923 2244 2965; x_wconf 88' lang='lat' dir='ltr'><strong>rectus</strong></span> <span class='ocrx_word' id='word_1_291' title='bbox 2291 2911 2379 2983; x_wconf 69' lang='lat' dir='ltr'><strong>nib&#39;</strong></span> 
     </span>
     <span class='ocr_line' id='line_1_36' title="bbox 268 2992 2312 3064; baseline 0.004 -24"><span class='ocrx_word' id='word_1_292' title='bbox 268 2992 414 3041; x_wconf 87' lang='lat' dir='ltr'><strong>debet</strong></span> <span class='ocrx_word' id='word_1_293' title='bbox 450 2995 739 3056; x_wconf 86' lang='lat' dir='ltr'><strong>promittere</strong></span> <span class='ocrx_word' id='word_1_294' title='bbox 779 2994 910 3056; x_wconf 87' lang='lat' dir='ltr'><strong>quod</strong></span> <span class='ocrx_word' id='word_1_295' title='bbox 948 3009 1046 3043; x_wconf 91' lang='lat' dir='ltr'><strong>non</strong></span> <span class='ocrx_word' id='word_1_296' title='bbox 1084 2994 1183 3044; x_wconf 90' lang='lat' dir='ltr'><strong>vult</strong></span> <span class='ocrx_word' id='word_1_297' title='bbox 1219 3011 1431 3047; x_wconf 90' lang='lat' dir='ltr'><strong>servare.</strong></span> <span class='ocrx_word' id='word_1_298' title='bbox 1507 2998 1567 3046; x_wconf 89' lang='lat' dir='ltr'><strong>Et</strong></span> <span class='ocrx_word' id='word_1_299' title='bbox 1605 3005 1732 3048; x_wconf 90' lang='lat' dir='ltr'><strong>esset</strong></span> <span class='ocrx_word' id='word_1_300' title='bbox 1768 3015 1942 3064; x_wconf 84' lang='lat' dir='ltr'><strong>magna</strong></span> <span class='ocrx_word' id='word_1_301' title='bbox 1991 3002 2312 3050; x_wconf 80' lang='lat' dir='ltr'><strong>inconstantia</strong></span> 
     </span>
     <span class='ocr_line' id='line_1_37' title="bbox 268 3074 2415 3144; baseline 0.005 -21"><span class='ocrx_word' id='word_1_302' title='bbox 268 3091 345 3124; x_wconf 88' lang='lat' dir='ltr'><strong>me</strong></span> <span class='ocrx_word' id='word_1_303' title='bbox 383 3078 422 3124; x_wconf 93' lang='lat' dir='ltr'><strong>si</strong></span> <span class='ocrx_word' id='word_1_304' title='bbox 458 3092 556 3125; x_wconf 90' lang='lat' dir='ltr'><strong>non</strong></span> <span class='ocrx_word' id='word_1_305' title='bbox 594 3092 841 3126; x_wconf 90' lang='lat' dir='ltr'><strong>servarem</strong></span> <span class='ocrx_word' id='word_1_306' title='bbox 876 3078 1012 3128; x_wconf 86' lang='lat' dir='ltr'><strong>vobis</strong></span> <span class='ocrx_word' id='word_1_307' title='bbox 1049 3082 1314 3144; x_wconf 89' lang='lat' dir='ltr'><strong>promissa,</strong></span> <span class='ocrx_word' id='word_1_308' title='bbox 1363 3088 1409 3130; x_wconf 90' lang='lat' dir='ltr'><strong>et</strong></span> <span class='ocrx_word' id='word_1_309' title='bbox 1461 3098 1616 3131; x_wconf 89' lang='lat' dir='ltr'><strong>essem</strong></span> <span class='ocrx_word' id='word_1_310' title='bbox 1657 3074 1814 3133; x_wconf 82' lang='lat' dir='ltr'><strong>fallax.</strong></span> <span class='ocrx_word' id='word_1_311' title='bbox 1890 3085 1985 3133; x_wconf 93' lang='lat' dir='ltr'><strong>Vos</strong></span> <span class='ocrx_word' id='word_1_312' title='bbox 2023 3085 2210 3135; x_wconf 89' lang='lat' dir='ltr'><strong>debetis</strong></span> <span class='ocrx_word' id='word_1_313' title='bbox 2247 3078 2415 3142; x_wconf 47' lang='lat' dir='ltr'><strong>simif‘</strong></span> 
     </span>
     <span class='ocr_line' id='line_1_38' title="bbox 269 3150 2414 3233; baseline 0.006 -27"><span class='ocrx_word' id='word_1_314' title='bbox 269 3163 342 3206; x_wconf 87' lang='lat' dir='ltr'><strong>ter</strong></span> <span class='ocrx_word' id='word_1_315' title='bbox 380 3160 598 3209; x_wconf 86' lang='lat' dir='ltr'><strong>scribere</strong></span> <span class='ocrx_word' id='word_1_316' title='bbox 637 3161 784 3217; x_wconf 86' lang='lat' dir='ltr'><strong>mihi;</strong></span> <span class='ocrx_word' id='word_1_317' title='bbox 834 3167 949 3210; x_wconf 89' lang='lat' dir='ltr'><strong>tunc</strong></span> <span class='ocrx_word' id='word_1_318' title='bbox 987 3178 1101 3228; x_wconf 80' lang='lat' dir='ltr'><strong>sepe</strong></span> <span class='ocrx_word' id='word_1_319' title='bbox 1139 3164 1361 3214; x_wconf 84' lang='lat' dir='ltr'><strong>volumus</strong></span> <span class='ocrx_word' id='word_1_320' title='bbox 1399 3167 1664 3217; x_wconf 84' lang='lat' dir='ltr'><strong>adinvicem</strong></span> <span class='ocrx_word' id='word_1_321' title='bbox 1703 3170 1895 3218; x_wconf 89' lang='lat' dir='ltr'><strong>mittere</strong></span> <span class='ocrx_word' id='word_1_322' title='bbox 1931 3187 2018 3220; x_wconf 90' lang='lat' dir='ltr'><strong>seu</strong></span> <span class='ocrx_word' id='word_1_323' title='bbox 2057 3170 2271 3232; x_wconf 85' lang='lat' dir='ltr'><strong>dirigere</strong></span> <span class='ocrx_word' id='word_1_324' title='bbox 2310 3150 2414 3233; x_wconf 32' lang='lat' dir='ltr'><strong>epffi</strong></span> 
     </span>
     <span class='ocr_line' id='line_1_39' title="bbox 267 3179 2425 3355; baseline 0.006 -66"><span class='ocrx_word' id='word_1_325' title='bbox 267 3242 431 3291; x_wconf 80' lang='lat' dir='ltr'><strong>stolas,</strong></span> <span class='ocrx_word' id='word_1_326' title='bbox 505 3244 567 3292; x_wconf 88' lang='lat' dir='ltr'><strong>Et</strong></span> <span class='ocrx_word' id='word_1_327' title='bbox 613 3247 707 3293; x_wconf 86' lang='lat' dir='ltr'><strong>iam</strong></span> <span class='ocrx_word' id='word_1_328' title='bbox 757 3246 944 3296; x_wconf 86' lang='lat' dir='ltr'><strong>debetis</strong></span> <span class='ocrx_word' id='word_1_329' title='bbox 990 3249 1115 3297; x_wconf 88' lang='lat' dir='ltr'><strong>scire</strong></span> <span class='ocrx_word' id='word_1_330' title='bbox 1164 3250 1295 3312; x_wconf 87' lang='lat' dir='ltr'><strong>quod</strong></span> <span class='ocrx_word' id='word_1_331' title='bbox 1342 3250 1512 3300; x_wconf 90' lang='lat' dir='ltr'><strong>doctor</strong></span> <span class='ocrx_word' id='word_1_332' title='bbox 1560 3252 1797 3302; x_wconf 87' lang='lat' dir='ltr'><strong>Reuchlin</strong></span> <span class='ocrx_word' id='word_1_333' title='bbox 1851 3256 2074 3317; x_wconf 87' lang='lat' dir='ltr'><strong>permisit</strong></span> <span class='ocrx_word' id='word_1_334' title='bbox 2127 3179 2425 3355; x_wconf 43' lang='lat' dir='ltr'><strong>imprime-z,</strong></span> 
     </span>
     <span class='ocr_line' id='line_1_40' title="bbox 268 3318 2422 3401; baseline 0.006 -27"><span class='ocrx_word' id='word_1_335' title='bbox 268 3342 418 3375; x_wconf 86' lang='lat' dir='ltr'><strong>uuum</strong></span> <span class='ocrx_word' id='word_1_336' title='bbox 458 3326 637 3377; x_wconf 88' lang='lat' dir='ltr'><strong>librum</strong></span> <span class='ocrx_word' id='word_1_337' title='bbox 678 3332 760 3393; x_wconf 85' lang='lat' dir='ltr'><strong>qui</strong></span> <span class='ocrx_word' id='word_1_338' title='bbox 798 3330 1068 3381; x_wconf 88' lang='lat' dir='ltr'><strong>intitulatus</strong></span> <span class='ocrx_word' id='word_1_339' title='bbox 1107 3338 1179 3382; x_wconf 89' lang='lat' dir='ltr'><strong>est</strong></span> <span class='ocrx_word' id='word_1_340' title='bbox 1218 3334 1498 3383; x_wconf 78' lang='lat' dir='ltr'><strong>‘Defensio&#39;z</strong></span> <span class='ocrx_word' id='word_1_341' title='bbox 1538 3337 1585 3384; x_wconf 90' lang='lat' dir='ltr'><strong>in</strong></span> <span class='ocrx_word' id='word_1_342' title='bbox 1625 3353 1720 3401; x_wconf 91' lang='lat' dir='ltr'><strong>quo</strong></span> <span class='ocrx_word' id='word_1_343' title='bbox 1760 3338 2052 3388; x_wconf 85' lang='lat' dir='ltr'><strong>scandalizat</strong></span> <span class='ocrx_word' id='word_1_344' title='bbox 2088 3338 2225 3389; x_wconf 82' lang='lat' dir='ltr'><strong>valde</strong></span> <span class='ocrx_word' id='word_1_345' title='bbox 2263 3318 2377 3393; x_wconf 56' lang='lat' dir='ltr'><strong>ded&#39;</strong></span> <span class='ocrx_word' id='word_1_346' title='bbox 2407 3362 2422 3386; x_wconf 46' lang='grc'><strong>.’</strong></span> 
     </span>
     <span class='ocr_line' id='line_1_41' title="bbox 269 3417 2364 3486; baseline 0.007 -28"><span class='ocrx_word' id='word_1_347' title='bbox 269 3426 465 3468; x_wconf 90' lang='lat' dir='ltr'><strong>corose‚</strong></span> <span class='ocrx_word' id='word_1_348' title='bbox 520 3419 567 3460; x_wconf 90' lang='lat' dir='ltr'><strong>et</strong></span> <span class='ocrx_word' id='word_1_349' title='bbox 605 3420 743 3462; x_wconf 86' lang='lat' dir='ltr'><strong>vocat</strong></span> <span class='ocrx_word' id='word_1_350' title='bbox 780 3430 864 3464; x_wconf 73' lang='lat' dir='ltr'><strong>vos</strong></span> <span class='ocrx_word' id='word_1_351' title='bbox 901 3417 1106 3465; x_wconf 87' lang='lat' dir='ltr'><strong>asinum.</strong></span> <span class='ocrx_word' id='word_1_352' title='bbox 1182 3424 1229 3466; x_wconf 90' lang='lat' dir='ltr'><strong>et</strong></span> <span class='ocrx_word' id='word_1_353' title='bbox 1265 3421 1621 3469; x_wconf 83' lang='lat' dir='ltr'><strong>verecundatus</strong></span> <span class='ocrx_word' id='word_1_354' title='bbox 1658 3437 1766 3471; x_wconf 88' lang='lat' dir='ltr'><strong>sum</strong></span> <span class='ocrx_word' id='word_1_355' title='bbox 1806 3423 1942 3473; x_wconf 84' lang='lat' dir='ltr'><strong>valde</strong></span> <span class='ocrx_word' id='word_1_356' title='bbox 1979 3422 2148 3486; x_wconf 84' lang='lat' dir='ltr'><strong>legens</strong></span> <span class='ocrx_word' id='word_1_357' title='bbox 2185 3422 2316 3473; x_wconf 89' lang='lat' dir='ltr'><strong>illum</strong></span> <span class='ocrx_word' id='word_1_358' title='bbox 2360 3476 2364 3485; x_wconf 67' lang='grc'><strong>,</strong></span> 
     </span>
     <span class='ocr_line' id='line_1_42' title="bbox 267 3487 2365 3573; baseline 0.007 -31"><span class='ocrx_word' id='word_1_359' title='bbox 267 3494 436 3551; x_wconf 71' lang='lat' dir='ltr'><strong>lirum,</strong></span> <span class='ocrx_word' id='word_1_360' title='bbox 477 3498 693 3559; x_wconf 83' lang='lat' dir='ltr'><strong>quamvis</strong></span> <span class='ocrx_word' id='word_1_361' title='bbox 730 3514 827 3547; x_wconf 90' lang='lat' dir='ltr'><strong>non</strong></span> <span class='ocrx_word' id='word_1_362' title='bbox 865 3499 960 3563; x_wconf 86' lang='lat' dir='ltr'><strong>legi</strong></span> <span class='ocrx_word' id='word_1_363' title='bbox 999 3517 1109 3550; x_wconf 87' lang='lat' dir='ltr'><strong>eum</strong></span> <span class='ocrx_word' id='word_1_364' title='bbox 1137 3517 1226 3567; x_wconf 88' lang='lat' dir='ltr'><strong>per</strong></span> <span class='ocrx_word' id='word_1_365' title='bbox 1254 3507 1571 3572; x_wconf 30' lang='lat' dir='ltr'><strong>totum-quia</strong></span> <span class='ocrx_word' id='word_1_366' title='bbox 1600 3507 1784 3569; x_wconf 90' lang='lat' dir='ltr'><strong>proieci</strong></span> <span class='ocrx_word' id='word_1_367' title='bbox 1810 3514 1920 3557; x_wconf 87' lang='lat' dir='ltr'><strong>ante</strong></span> <span class='ocrx_word' id='word_1_368' title='bbox 1946 3509 2182 3573; x_wconf 89' lang='lat' dir='ltr'><strong>parietem</strong></span> <span class='ocrx_word' id='word_1_369' title='bbox 2210 3522 2336 3572; x_wconf 90' lang='lat' dir='ltr'><strong>quan</strong></span> <span class='ocrx_word' id='word_1_370' title='bbox 2355 3487 2365 3503; x_wconf 20' lang='grc' dir='ltr'>Ἰ</span> 
     </span>
     <span class='ocr_line' id='line_1_43' title="bbox 268 3572 2421 3666; baseline 0.007 -40"><span class='ocrx_word' id='word_1_371' title='bbox 268 3579 364 3627; x_wconf 89' lang='lat' dir='ltr'><strong>vidi</strong></span> <span class='ocrx_word' id='word_1_372' title='bbox 404 3580 532 3643; x_wconf 87' lang='lat' dir='ltr'><strong>quod</strong></span> <span class='ocrx_word' id='word_1_373' title='bbox 574 3586 646 3628; x_wconf 87' lang='lat' dir='ltr'><strong>est</strong></span> <span class='ocrx_word' id='word_1_374' title='bbox 683 3582 745 3630; x_wconf 87' lang='lat' dir='ltr'><strong>ita</strong></span> <span class='ocrx_word' id='word_1_375' title='bbox 783 3583 1082 3647; x_wconf 85' lang='lat' dir='ltr'><strong>malignosus</strong></span> <span class='ocrx_word' id='word_1_376' title='bbox 1108 3592 1277 3635; x_wconf 90' lang='lat' dir='ltr'><strong>contra</strong></span> <span class='ocrx_word' id='word_1_377' title='bbox 1304 3587 1580 3652; x_wconf 85' lang='lat' dir='ltr'><strong>Theologos</strong></span> <span class='ocrx_word' id='word_1_378' title='bbox 1607 3596 1655 3638; x_wconf 89' lang='lat' dir='ltr'><strong>et</strong></span> <span class='ocrx_word' id='word_1_379' title='bbox 1679 3591 1896 3641; x_wconf 84' lang='lat' dir='ltr'><strong>Artistas.</strong></span> <span class='ocrx_word' id='word_1_380' title='bbox 1959 3608 2044 3642; x_wconf 90' lang='lat' dir='ltr'><strong>vos</strong></span> <span class='ocrx_word' id='word_1_381' title='bbox 2069 3594 2272 3657; x_wconf 87' lang='lat' dir='ltr'><strong>potestis</strong></span> <span class='ocrx_word' id='word_1_382' title='bbox 2298 3572 2421 3666; x_wconf 40' lang='lat' dir='ltr'><strong>eu&amp;</strong></span> 
     </span>
     <span class='ocr_line' id='line_1_44' title="bbox 267 3662 2407 3742; baseline 0.008 -32"><span class='ocrx_word' id='word_1_383' title='bbox 267 3662 432 3726; x_wconf 84' lang='lat' dir='ltr'><strong>legere</strong></span> <span class='ocrx_word' id='word_1_384' title='bbox 471 3665 509 3711; x_wconf 90' lang='lat' dir='ltr'><strong>si</strong></span> <span class='ocrx_word' id='word_1_385' title='bbox 548 3663 713 3721; x_wconf 90' lang='lat' dir='ltr'><strong>vultis,</strong></span> <span class='ocrx_word' id='word_1_386' title='bbox 764 3669 873 3729; x_wconf 82' lang='lat' dir='ltr'><strong>quia</strong></span> <span class='ocrx_word' id='word_1_387' title='bbox 922 3670 1059 3716; x_wconf 84' lang='lat' dir='ltr'><strong>mitto</strong></span> <span class='ocrx_word' id='word_1_388' title='bbox 1099 3669 1177 3718; x_wconf 91' lang='lat' dir='ltr'><strong>hic</strong></span> <span class='ocrx_word' id='word_1_389' title='bbox 1215 3686 1326 3719; x_wconf 90' lang='lat' dir='ltr'><strong>eum</strong></span> <span class='ocrx_word' id='word_1_390' title='bbox 1364 3672 1514 3727; x_wconf 89' lang='lat' dir='ltr'><strong>vobis.</strong></span> <span class='ocrx_word' id='word_1_391' title='bbox 1590 3673 1709 3722; x_wconf 85' lang='lat' dir='ltr'><strong>mihi</strong></span> <span class='ocrx_word' id='word_1_392' title='bbox 1756 3677 1946 3734; x_wconf 89' lang='lat' dir='ltr'><strong>videtur</strong></span> <span class='ocrx_word' id='word_1_393' title='bbox 1985 3678 2112 3742; x_wconf 90' lang='lat' dir='ltr'><strong>quod</strong></span> <span class='ocrx_word' id='word_1_394' title='bbox 2153 3684 2294 3732; x_wconf 89' lang='lat' dir='ltr'><strong>autor</strong></span> <span class='ocrx_word' id='word_1_395' title='bbox 2329 3669 2407 3731; x_wconf 60' lang='lat' dir='ltr'><strong>ill&amp;</strong></span> 
     </span>
    </p>
   </div>
   <div class='ocr_carea' id='block_1_8' title="bbox 378 3830 2397 3907">
    <p class='ocr_par' dir='ltr' id='par_1_12' title="bbox 378 3830 2397 3907">
     <span class='ocr_line' id='line_1_45' title="bbox 378 3830 2397 3907; baseline 0.005 -36"><span class='ocrx_word' id='word_1_396' title='bbox 378 3830 414 3857; x_wconf 76' lang='lat'><strong>2²</strong></span> <span class='ocrx_word' id='word_1_397' title='bbox 446 3831 761 3873; x_wconf 81' lang='lat' dir='ltr'><strong>s.D.P.1...3.</strong></span> <span class='ocrx_word' id='word_1_398' title='bbox 850 3833 886 3859; x_wconf 79' lang='lat'><strong>2⁵</strong></span> <span class='ocrx_word' id='word_1_399' title='bbox 916 3835 975 3874; x_wconf 91' lang='lat' dir='ltr'><strong>M.</strong></span> <span class='ocrx_word' id='word_1_400' title='bbox 1002 3839 1121 3879; x_wconf 80' lang='lat'><strong><em>1...3.</em></strong></span> <span class='ocrx_word' id='word_1_401' title='bbox 1209 3836 1518 3893; x_wconf 75' lang='lat' dir='ltr'><strong>³⁶&#39;r1e010g0s</strong></span> <span class='ocrx_word' id='word_1_402' title='bbox 1550 3844 1593 3883; x_wconf 83' lang='lat'><strong>3.</strong></span> <span class='ocrx_word' id='word_1_403' title='bbox 1905 3887 1907 3890; x_wconf 65' lang='grc'><strong>,</strong></span> <span class='ocrx_word' id='word_1_404' title='bbox 1958 3831 1961 3834; x_wconf 86' lang='grc'><strong>’</strong></span> <span class='ocrx_word' id='word_1_405' title='bbox 2015 3900 2017 3902; x_wconf 16' lang='lat'>¹</span> <span class='ocrx_word' id='word_1_406' title='bbox 2085 3868 2091 3871; x_wconf 76' lang='lat'><em>.</em></span> <span class='ocrx_word' id='word_1_407' title='bbox 2239 3844 2243 3845; x_wconf 44' lang='lat'><em>⁷</em></span> <span class='ocrx_word' id='word_1_408' title='bbox 2362 3861 2397 3907; x_wconf 75' lang='lat' dir='ltr'>J</span> 
     </span>
    </p>
   </div>
  </div>
 </body>
</html>
