2456 4264
258 277 379 339 426
412 301 570 333 IAGOBI
592 302 921 332 HOCHSTRATEN
946 302 1005 330 AD
1027 302 1217 331 LEONEM
1239 300 1389 330 PAPAM
1410 303 1467 330 ET
1488 301 1863 332 MAXAEMILIANVM
1884 303 1982 330 IMP.
2001 301 2240 331 EPISTOLA.

255 438 396 484 mines
420 451 514 496 pro
554 435 784 492 Capnione
817 435 864 479 in
892 434 1094 480 veritatis
1130 433 1464 494 deroqationem
1494 433 1799 479 velitabuntur
1813 470 1825 491 ,
1861 439 1904 480 et
1937 448 2044 494 nos,
2090 434 2234 480 donec
2265 435 2382 480 hali-

255 515 326 554 tus
357 512 423 553 est
456 509 502 551 in
538 505 684 560 nobis,
730 510 773 550 et
816 506 1008 564 spiritus
1047 504 1121 549 dei
1161 507 1208 550 in
1244 505 1435 550 naribus
1469 507 1663 561 nostris,
1711 506 1946 565 loquemur
1975 510 2136 552 contra
2171 507 2381 566 iniquita-

254 584 354 624 tem.
429 577 491 622 Et
522 589 796 635 quamquam
829 579 1068 635 torqueant
1101 589 1210 633 ora,
1248 575 1436 621 trahant
1466 577 1681 635 capillos,
1719 577 2007 635 applaudant
2033 577 2214 637 pedem,
2247 577 2385 635 fidem

254 649 438 702 ecclesie
475 647 759 705 apertissime
791 646 1131 705 confitebimur,
1180 647 1494 705 tuebimurque
1534 661 1629 707 pro
1664 653 1825 693 nostra
1869 648 2001 693 virili.
2075 647 2196 693 Sunt
2226 650 2385 693 etenim

253 719 378 765 nobis
409 723 450 763 et
483 717 572 772 alie
605 717 841 774 machine,
883 718 1065 762 iamiam
1101 718 1149 761 in
1185 718 1344 763 bellum
1374 723 1550 776 parate
1586 715 1965 772 Rome‘exhibite
2009 718 2225 764 editiones
2265 718 2381 775 bine,
2400 728 2420 760 5

252 803 338 850 que
375 793 537 835 cuncta
563 788 808 847 Capnionis
829 788 1198 847 propuqnacula,
1235 790 1327 834 sive
1360 787 1662 847 defensiones,
1687 790 1780 834 sive
1803 789 2016 834 dicantur
2041 789 2384 844 declarationes,

246 860 458 921 funditus
488 864 704 905 evertant.
776 859 855 904 ubi
887 860 1136 917 presertim
1170 860 1218 904 in
1262 859 1451 905 editione
1477 861 1637 918 prima
1668 859 1966 905 subvertimus
1997 859 2216 918 frivolam
2249 862 2384 920 terqi-
2442 851 2456 914 ‚⁵

251 932 546 978 versationem
583 932 726 990 ipsius
761 933 808 976 in
838 931 1038 975 liminari
1062 931 1253 989 paqina,
1289 930 1415 989 facie
1449 931 1676 984 secunda,
1724 931 1927 976 ocularis
1961 929 2149 989 Speculi
2172 933 2384 990 positam,

249 1004 296 1048 in
328 1016 418 1061 qua
446 1001 572 1061 falso
607 1000 785 1061 effinqit
814 1014 865 1046 se
901 1000 1228 1046 condemnasse
1263 1001 1401 1047 libros
1440 1001 1759 1047 Thalmudicos
1799 1002 1864 1047 ad
1896 1002 2043 1061 iqnem
2080 1002 2136 1047 ob
2170 1003 2215 1047 in
2251 1001 2384 1049 Chri-

248 1078 367 1119 stum
403 1072 727 1132 blasphemias,
770 1074 901 1118 cuius
943 1073 1225 1118 contrarium
1260 1072 1389 1118 haud
1420 1071 1551 1117 dubie
1581 1084 1671 1131 per
1703 1072 1949 1118 decursum
1976 1075 2050 1118 sui
2083 1072 2236 1132 effecit
2273 1087 2381 1119 con-
2400 1077 2441 1111 1⁰

248 1146 348 1189 sitii.
425 1144 620 1189 Ratione
655 1145 805 1203 itaque
840 1144 1223 1202 complectamini,
1274 1158 1299 1188 o
1335 1142 1520 1189 Iudices
1564 1143 1742 1200 mundi,
1791 1143 1874 1189 deo
1910 1148 2059 1189 autem
2094 1145 2316 1189 rationem
2348 1149 2390 1189 et

248 1217 338 1274 ipsi
365 1215 601 1271 reddituri,
638 1216 756 1261 velut
775 1214 975 1271 subiecti,
1012 1216 1226 1273 quoniam
1252 1216 1477 1260 iniusticia
1503 1213 1566 1280 (et
1588 1215 1790 1274 proinde
1821 1226 1998 1275 quoque
2024 1215 2198 1270 iusticie
2222 1216 2388 1261 iniusta

250 1285 416 1346 dilatio)
453 1287 613 1332 mortis
646 1291 713 1332 est
747 1287 1000 1345 acquisitio.
1076 1285 1302 1341 Quoniam
1327 1292 1477 1332 autem
1510 1287 1559 1330 in
1590 1287 1828 1345 perpetuis
1874 1286 2158 1332 delectamini
2193 1286 2387 1342 sedibus,

250 1358 414 1418 diliqite
448 1359 742 1417 sapientiam,
782 1363 825 1403 et
850 1356 993 1416 facite
1027 1358 1272 1412 iusticiam,
1311 1363 1360 1402 ut
1393 1358 1441 1402 in
1469 1362 1742 1416 perpetuum
1771 1358 1982 1417 requetis.

537 1523 578 1571 (Ι
613 1525 888 1586 Informatio
926 1527 990 1572 ad
1020 1528 1231 1573 lectorem
1265 1540 1408 1588 super
1441 1527 1580 1574 huius
1614 1528 1768 1587 operis
1796 1526 1908 1573 libro
1934 1527 2105 1587 primo.
2406 1544 2447 1579 ιι

391 1638 679 1686 Contueberis
717 1639 816 1696 hic,
864 1641 1067 1699 quisquis
1098 1652 1170 1695 es,
1217 1641 1416 1686 amande
1460 1654 1518 1686 ac
1568 1639 1763 1686 benivole
1801 1640 1964 1696 lector,
2011 1652 2110 1685 rem
2156 1643 2261 1685 ante
2301 1639 2391 1686 hac

244 1711 416 1770 forsan
452 1711 691 1769 nuspiam,
721 1712 840 1756 sicut
876 1716 919 1756 et
948 1724 1197 1770 nunquam,
1234 1717 1315 1756 aut
1339 1716 1462 1757 certe
1497 1725 1611 1757 raro
1642 1713 1801 1768 visam,
1831 1711 1909 1758 ubi
1935 1711 2112 1757 duobus
2141 1712 2212 1757 vel
2237 1713 2391 1770 potius

249 1796 339 1827 uno
381 1781 465 1826 sub
510 1781 764 1826 nominibus
813 1782 1008 1827 duorum
1058 1782 1240 1841 Georqii
1281 1782 1504 1842 Beniqni,
1554 1796 1612 1828 ac
1646 1781 1838 1830 Ioannis
1867 1782 2120 1838 Reuchlin,
2169 1781 2390 1841 confabu-

247 1854 370 1899 lante
405 1851 680 1908 nominibus,
725 1851 905 1898 Tertius
945 1865 999 1898 re
1041 1857 1084 1898 et
1125 1854 1306 1898 nomine
1343 1853 1594 1914 Theoloqus
1643 1855 1868 1900 accedens
1911 1854 2104 1900 servatis
2138 1865 2296 1899 eorum
2328 1853 2392 1899 ad

247 1926 335 1969 iota
367 1935 511 1983 usque
543 1922 714 1978 verbis,
748 1923 907 1983 quibus
942 1937 1035 1969 non
1066 1925 1157 1969 nisi
1188 1923 1460 1970 sibiinvicem
1495 1927 1588 1984 ipsi
1619 1925 1724 1981 duox
1746 1925 2087 1984 colloquuntur,
2126 1930 2206 1970 aut
2240 1926 2382 1970 utrin-
2401 1939 2456 1977 ω]

246 2007 332 2054 que
359 1994 478 2039 idem
511 1993 683 2039 sibimet
716 1995 982 2054 respondet,
1032 1996 1260 2055 utrimque
1295 1997 1454 2056 reteyit
1495 2001 1587 2042 tum
1621 1996 1870 2056 falsitates,
1916 2001 2006 2042 tum
2039 1995 2249 2055 fumosas
2280 1997 2388 2054 pal-

244 2067 464 2111 liationes.
535 2064 724 2110 Minime
750 2070 950 2111 attamen
983 2065 1182 2126 theoloqo
1217 2066 1282 2112 illi
1315 2080 1418 2112 cum
1465 2067 1841 2113 reverendissimo
1873 2066 2122 2113 Nazareno
2159 2065 2389 2127 archiepi-

242 2149 380 2196 scopo
420 2133 475 2199 (si
495 2135 620 2196 forte
650 2141 693 2182 et
727 2137 831 2182 huic
870 2137 1089 2197 Georqius
1122 2137 1364 2198 Beniqnus
1397 2140 1457 2184 sit
1488 2137 1668 2198 nomen)
1705 2139 1859 2198 quevis
1895 2142 1962 2183 est
1991 2139 2280 2194 concertatio,
2318 2139 2387 2183 ni·
2436 2164 2438 2166 -

242 2209 410 2253 mirum
446 2207 628 2267 quando
667 2208 784 2254 idem
827 2208 1235 2254 reverendissimus
1272 2209 1648 2269 archiepiscopus
1692 2209 1828 2256 huius
1861 2208 1988 2269 fetus
2033 2210 2292 2255 nullatenus
2339 2221 2390 2254 se

131 2287 172 2342 (a
182 2287 243 2342 5b)
261 2279 436 2339 fatetur
464 2282 738 2338 parentem,
772 2279 823 2325 id
844 2279 966 2339 quod
999 2293 1029 2324 a
1062 2279 1260 2340 quodam
1292 2283 1446 2341 utique
1467 2281 1562 2340 fide
1584 2281 1842 2342 dignissimo
1867 2281 2050 2340 prelato
2077 2293 2102 2326 e
2133 2277 2139 2341 Ι
2172 2279 2445 2330 Romanam

243 2350 356 2396 urbe
391 2351 548 2396 litteris
584 2355 745 2411 aqente
780 2350 1030 2396 indubitata
1061 2352 1322 2410 accepimus
1358 2353 1466 2412 fide.
1539 2351 1601 2398 In
1644 2365 1782 2416 quam
1825 2364 1940 2398 sane
1981 2352 2119 2412 fidem
2158 2356 2202 2398 et
2244 2351 2298 2397 ob
2342 2352 2392 2397 id

240 2420 384 2481 facile
414 2422 604 2480 pelliciti
636 2434 817 2478 sumus,
863 2435 956 2468 non
991 2424 1256 2482 iqnorantes
1290 2423 1485 2469 libellum
1522 2427 1616 2469 tam
1650 2435 1846 2483 nequam
1890 2429 2072 2483 tamque
2112 2422 2387 2481 mordacem,

243 2493 438 2552 denique
472 2496 516 2537 et
550 2497 788 2552 tantopere
822 2495 1001 2552 optimis
1033 2495 1252 2540 iniurium
1285 2496 1420 2551 viris,
1472 2496 1622 2541 eiusce
1656 2494 1909 2554 diqnissimi
1943 2495 2150 2554 presulis
2186 2494 2388 2540 moribus
2431 2516 2435 2523 Δ

244 2564 617 2609 mansuetissimis
652 2564 1075 2625 modestissimisque
1103 2564 1463 2625 haudquaquam
1505 2565 1803 2625 respondere.
1873 2565 2078 2612 Proinde
2121 2577 2207 2610 nec
2243 2566 2388 2624 ipsius

245 2646 344 2679 esse
374 2634 615 2694 facturam
647 2633 752 2695 (que
788 2637 940 2696 aqenti
958 2635 1360 2696 proportionatur)
1391 2636 1537 2696 facile
1572 2636 1849 2683 credendum
1887 2641 2005 2683 erat.
2077 2636 2202 2683 Hinc
2232 2638 2381 2695 suspi-
2401 2646 2456 2685 so<

245 2706 349 2751 cari
377 2706 477 2751 licet
510 2706 577 2751 illi
610 2708 983 2753 reverendissimo
1020 2707 1223 2766 obtiqisse
1253 2708 1437 2766 presuli
1457 2708 1584 2769 quod
1607 2705 1853 2767 Ruffinus
1860 2709 1907 2754 in
1931 2707 2227 2768 Pamphilum
2261 2722 2386 2752 mar—

244 2781 389 2836 tyrem
433 2776 534 2823 divo
571 2780 679 2823 teste
714 2777 998 2842 Hieronymo
1033 2779 1208 2824 molitus
1235 2778 1508 2838 perhibetur
1546 2812 2290 2826 ......................
2326 2778 2387 2824 Et
2455 2782 2456 2816 ¹

245 2853 380 2903 certe,
421 2848 464 2892 si
493 2847 579 2902 hec
612 2854 706 2893 tam
742 2851 898 2908 impia,
937 2856 1116 2909 tamque
1146 2849 1445 2909 fraudulente
1467 2852 1688 2910 presti9ie
1723 2862 1776 2896 eo
1810 2863 1889 2905 evo
1926 2848 2066 2910 (quod
2097 2851 2205 2896 dum
2230 2855 2422 2895 nostro

243 2919 437 2977 tempori
461 2918 702 2978 confertur
736 2920 912 2966 beatum
948 2921 1094 2966 videri
1117 2919 1287 2980 posset)
1324 2921 1571 2981 obtiqerint,
1607 2922 1680 2968 his
1700 2920 1937 2967 sanctitate
1959 2921 2235 2980 pollentibus
2260 2922 2382 2976 viris,

244 2990 354 3048 quid
387 2990 578 3046 mirum,
617 2992 681 3036 mi
712 2992 906 3037 candide
941 2994 1104 3048 lector,
1142 2993 1186 3036 si
1218 2991 1342 3037 hisce
1377 2993 1531 3056 diebus
1565 3007 1595 3038 a
1631 2993 1741 3038 viris
1775 3006 1878 3039 cum
1914 2992 2142 3049 obscuris,
2181 2999 2273 3038 tum
2302 3005 2374 3046 ce·
2393 3002 2438 3039 ss

244 3062 333 3115 cis,
379 3062 426 3105 in
460 3073 573 3118 quos
601 3061 726 3121 feces
759 3065 1043 3119 seculorum,
1088 3064 1288 3121 quinimo
1333 3065 1503 3119 malitie
1536 3068 1581 3109 et
1611 3063 1772 3109 sordes
1807 3065 2009 3110 omnium
2059 3063 2116 3108 ab
2146 3064 2267 3109 initio
2303 3075 2384 3108 ne—

245 3145 380 3188 quam
415 3132 696 3189 confluxisse
732 3134 963 3191 videntur,
1005 3134 1230 3179 adsimilia
1269 3134 1474 3180 audeant
1510 3134 1821 3194 factitentque.
1894 3132 2097 3190 Quorum
2129 3136 2279 3194 utique
2314 3135 2381 3179 in-

245 3201 492 3254 christiane
524 3205 719 3262 nequitie
755 3205 1137 3264 tenebrarumque
1158 3217 1301 3263 opera
1325 3207 1417 3250 iam
1442 3207 1521 3252 toti
1551 3208 1843 3252 innotuerunt
1871 3206 2055 3261 mundo,
2086 3217 2230 3264 usque
2254 3205 2382 3260 adeo,
2420 3226 2422 3235 ι

246 3276 297 3315 ut
331 3270 651 3318 Sanctissimus
685 3288 743 3320 ac
770 3276 988 3336 pontifeoe
1014 3277 1247 3322 maoeimus
1280 3278 1398 3322 velut
1431 3277 1576 3323 labem
1608 3275 1882 3336 'pestiferam
1916 3290 1974 3323 ac
2006 3275 2261 3337 nefandum
2282 3288 2379 3321 sce-

245 3342 340 3396 lus,
387 3342 511 3400 quod
543 3342 738 3398 heresim
774 3349 918 3405 sapit,
970 3360 1131 3393 eorum
1168 3349 1352 3393 damnet
1382 3347 1645 3407 facturam,
1687 3360 1764 3393 eos
1799 3353 1949 3395 autem
1984 3349 2183 3394 nominet
2214 3348 2375 3406 iniqui·
2392 3356 2434 3392 ω

247 3413 350 3456 tatis
381 3413 524 3469 filioS,
575 3428 605 3458 a
648 3429 842 3473 quorum
886 3420 1027 3464 oculis
1073 3419 1148 3463 dei
1189 3432 1247 3464 ac
1278 3419 1507 3465 hominum
1542 3421 1675 3465 timor
1711 3418 1928 3475 abcessit,
1973 3418 2175 3465 homines
2209 3430 2384 3478 quoque

243 3482 454 3541 improba
490 3495 547 3527 ac
582 3484 831 3532 damnabili
864 3494 907 3533 et
936 3491 1181 3534 temeraria
1212 3490 1505 3549 loquacitate,
1553 3504 1611 3535 ac
1645 3490 1918 3544 scandalose
1952 3490 2263 3550 qarrulitatis‚
2307 3490 2386 3547 qui

244 3565 417 3611 spurce
446 3554 710 3610 petulanter
743 3564 1008 3604 convertunt
1043 3561 1108 3605 ad
1139 3562 1357 3605 scurrilia
1393 3563 1495 3619 ipsa
1531 3564 1665 3607 etiam
1700 3573 1842 3605 sacra
1878 3562 2078 3621 eloquia,
2115 3573 2204 3619 que
2231 3560 2379 3618 pluri·
2418 3599 2420 3602 ,

245 3624 327 3669 bus
357 3623 502 3668 verbis
540 3624 671 3670 breve
697 3631 995 3686 prosequitur
1029 3631 1348 3688 Apostolicum.
1427 3631 1546 3687 Quid
1577 3634 1763 3690 inquam
1798 3633 2024 3690 iniquitati
2055 3630 2106 3676 hi
2136 3631 2381 3688 iniquitatis

242 3695 328 3753 filii
360 3695 520 3752 defieri
544 3699 849 3753 paterentur?
887 3699 1009 3743 Hinc
1042 3702 1247 3756 primum
1279 3704 1374 3747 suis
1409 3704 1610 3760 confictis
1638 3703 1788 3747 nescio
1813 3702 1972 3761 quibus
1995 3701 2260 3755 nominibus,
2290 3713 2376 3759 quo
2391 3708 2432 3743 45

247 3766 552 3824 diqnissimam
590 3767 897 3812 Parisiensem
934 3769 1224 3828 theoloqicam
1253 3772 1587 3830 confunderent
1610 3773 1901 3831 facultatem,
1932 3784 2203 3831 processum
2238 3783 2376 3829 quen-

359 3916 377 3943 ²
405 3914 575 3967 lofimur
606 3919 643 3958 1.
737 3915 773 3942 4⁶
802 3915 1077 3970 processum]
1115 3931 1250 3972 supra
1280 3933 1323 3971 p.
1346 3919 1573 3962 318...322.
1598 3920 1858 3962 exhibitum.
