2456 4264
219 266 252 321 2
274 264 284 321 Ι
305 265 339 320 4
812 280 1044 312 EPISTOLAE
1069 283 1376 311 OBSCVRORVM
1397 281 1608 310 VIRORVM
1631 283 1780 311 NOVAE.

220 433 326 465 sum
366 418 425 464 ita
466 417 616 463 iratus
655 412 782 476 quod
824 426 920 459 non
960 424 1160 473 possum
1199 410 1374 460 sedere
1412 425 1499 473 pre
1538 411 1634 458 ira:
1676 414 1722 459 et
1748 425 1866 474 ergo
1894 426 1992 459 non
2019 425 2221 476 possum
2247 411 2368 460 scri·

221 501 339 549 bere
378 498 511 552 talia,
554 497 664 560 quia
705 495 799 544 Cor
838 493 1002 558 palpat
1039 494 1157 542 mihi
1197 495 1335 558 quasi
1374 509 1499 542 unus
1538 499 1820 557 percuteret
1857 509 1969 543 cum
2008 509 2203 558 pugno,
2256 495 2370 558 quia

221 589 292 633 est
330 583 407 630 hic
447 595 573 629 unns
611 578 843 626 Almanus
881 577 941 626 de
979 576 1202 640 partibus
1231 578 1562 633 Misnensium,
1604 583 1652 627 et
1690 578 1795 642 ipse
1833 578 2056 641 promisit
2092 578 2213 627 mihi
2251 578 2369 628 dare

220 680 368 715 unum
409 661 771 711 vocabularium
810 661 961 709 Iuris:
1002 666 1050 709 et
1087 675 1219 709 nunc
1257 676 1355 710 non
1393 661 1493 710 vult
1530 661 1663 717 dare,
1703 666 1749 710 et
1775 676 1890 725 sepe
1915 663 2081 711 monui
2109 677 2220 711 eum
2248 663 2366 711 ami-

219 748 460 805 cabiliter,
513 745 596 796 sed
645 760 744 794 non
782 746 925 794 iuvat.
1000 744 1059 793 Et
1106 744 1245 793 video
1285 746 1414 809 quod
1453 745 1699 810 pretendit
1737 760 1814 794 me
1852 760 2043 795 vexare.
2119 746 2215 796 Sed
2254 747 2403 811 quia5
2454 777 2456 783 ι

219 835 349 882 scitis
388 831 516 896 quod
556 846 702 880 omne
740 830 1036 893 promissum
1075 830 1202 878 cadit
1239 831 1289 877 in
1329 828 1574 885 debitum,
1615 835 1877 893 propterea
1917 829 2010 879 feci
2049 843 2176 878 eum*
2199 830 2366 880 citare.

220 917 359 966 Tunc
401 915 544 965 hodie
583 914 776 978 scripsit
814 913 932 962 mihi
970 929 1117 963 unam
1156 913 1366 962 litteram
1407 914 1772 977 vituperativam
1812 919 1859 962 et
1905 913 2240 963 scandalisavit
2291 931 2369 964 me

222 1002 360 1064 quasi
398 999 646 1049 bufonem.
723 998 852 1061 Ergo
892 1013 1000 1046 sum
1040 1000 1103 1046 ita
1143 998 1294 1047 iratus
1333 997 1463 1062 quod
1502 997 1668 1047 nescio
1707 998 1821 1062 quid
1848 997 2004 1048 debeo
2033 997 2209 1048 facere.
2273 999 2369 1048 Sed

219 1084 326 1133 volo
366 1085 436 1132 ire
475 1083 534 1132 ad
573 1081 954 1145 gubernatorem
995 1087 1042 1131 et
1078 1083 1344 1147 impetrare
1380 1096 1531 1131 unum
1571 1081 1851 1131 mandatum
1879 1081 1940 1131 de
1966 1082 2217 1146 capiend0,
2259 1084 2367 1147 quia

220 1170 309 1217 iste
347 1168 508 1216 socius
546 1172 619 1216 est
656 1167 774 1215 mihi
813 1172 1067 1229 suspectus
1106 1166 1165 1216 de
1205 1165 1333 1230 fuga.
1409 1166 1469 1214 Et
1505 1165 1700 1230 quando
1737 1180 1836 1214 non
1874 1166 2019 1215 mittit
2055 1166 2172 1216 mihi
2209 1167 2368 1216 statim
2389 1185 2427 1218 ιο

223 1251 418 1307 librum,
458 1256 575 1300 tunc
613 1250 813 1299 afferam
854 1249 1059 1300 famulos
1097 1249 1315 1315 pariselli
1354 1250 1414 1299 ad
1453 1250 1795 1314 captivandum
1835 1265 1964 1307 eum,
2005 1255 2052 1299 et
2090 1250 2282 1300 mittere
2320 1252 2368 1300 in

223 1350 508 1400 presunam:
564 1341 611 1384 et
659 1336 697 1383 si
745 1341 862 1384 tunc
912 1334 1112 1384 habebit
1149 1350 1301 1384 unum
1341 1334 1708 1398 strapecordam
1747 1332 1822 1383 vel
1861 1334 2006 1391 duaS,
2057 1335 2214 1398 capiat
2250 1334 2366 1384 sihi:

223 1420 332 1483 quia
372 1418 478 1466 volo
519 1434 627 1467 eum
669 1418 848 1468 docere
886 1420 1132 1483 quomodo
1171 1418 1318 1468 debet
1355 1433 1507 1468 unum
1547 1417 1940 1476 circumducere,
1982 1425 2029 1468 et
2066 1432 2164 1468 non
2202 1425 2370 1470 tenere

222 1504 534 1566 promissum.
611 1502 671 1551 Et
709 1503 919 1552 credatis
956 1503 1076 1552 mihi
1113 1503 1318 1552 firmiter
1357 1503 1487 1567 quod
1525 1501 1633 1551 volo
1672 1503 1946 1553 rectificare
1984 1502 2119 1552 illum
2157 1504 2368 1553 socium:

222 1586 295 1635 vel
334 1594 406 1635 est
444 1587 673 1635 damnum
714 1586 841 1651 quod
882 1589 1003 1636 vivo.
1082 1586 1201 1644 Quia
1242 1591 1435 1650 oportet
1471 1602 1550 1637 me
1589 1586 1773 1636 habere
1809 1586 1955 1637 talem
2003 1586 2207 1645 librum,
2258 1589 2366 1653 quia
2389 1584 2427 1640 u's

222 1672 315 1719 iam
355 1685 484 1734 pono
524 1671 735 1719 studium
775 1686 937 1720 meum
977 1672 1023 1719 in
1064 1672 1260 1728 ordine,
1303 1677 1350 1720 et
1390 1672 1484 1720 emi
1520 1670 1674 1720 libros
1711 1671 1759 1719 in
1799 1671 1911 1721 lure
1951 1677 1997 1720 et
2034 1672 2083 1720 in
2122 1671 2251 1730 aliis,
2292 1687 2370 1722 va-

222 1755 343 1803 dens
382 1755 557 1803 cotidie
596 1760 824 1818 quattuor
864 1755 1010 1803 horas
1048 1755 1108 1803 ad
1147 1754 1458 1823 Sapientiam,
1500 1755 1743 1804 audiendo
1782 1755 2019 1812 Instituta,
2061 1761 2109 1806 et
2145 1756 2369 1806 Infortia-

222 1844 339 1894 tum,
382 1843 428 1887 et
466 1838 608 1887 etiam
646 1839 697 1886 in
735 1839 842 1888 iure
882 1839 1143 1895 Canonic0‚
1186 1845 1233 1888 et
1256 1837 1468 1903 Regulas
1495 1838 1809 1903 cancellarie;
1850 1844 1898 1888 et
1923 1839 2084 1889 inveni
2110 1839 2192 1890 hic
2218 1856 2370 1891 unum
2418 1889 2419 1895 ,

219 1921 399 1970 librum
447 1920 652 1970 multum
702 1922 999 1986 practicum,
1051 1928 1098 1972 et
1147 1930 1220 1972 est
1268 1921 1537 1979 excellens,
1590 1928 1638 1973 et
1687 1939 1744 1973 ex
1784 1938 1841 1972 eo
1881 1924 2015 1973 disco
2053 1923 2228 1975 multa:
2280 1941 2370 1990 ego

220 2005 368 2054 credo
408 2006 536 2070 quod
576 2006 625 2054 in
662 2004 882 2055 Almania
921 2020 1017 2054 non
1057 2006 1246 2056 habetis
1285 2023 1422 2057 eum:
1474 2008 1579 2072 ipse
1627 2014 1700 2058 est
1746 2006 1984 2058 mirabilis
2034 2014 2081 2059 et
2119 2015 2192 2059 est
2228 2009 2365 2061 valde
2380 2010 2430 2063 2⁶·

220 2089 563 2146 declarativus‚
615 2095 662 2139 et
709 2090 978 2139 intitulatur
1019 2091 1184 2141 ‘Casus
1223 2090 1356 2154 longi
1394 2107 1544 2156 super
1582 2090 1850 2150 Institutis'‚
1902 2098 1950 2142 et
1987 2093 2226 2157 practicat
2262 2093 2369 2160 pul-

220 2174 489 2224 cherrimas
528 2175 783 2231 materiaS‚
835 2179 881 2223 et
929 2175 993 2222 ita
1032 2176 1278 2239 profunde
1317 2175 1534 2226 declarat
1572 2176 1820 2234 Instituta,
1871 2177 2000 2242 quod
2051 2193 2169 2242 sepe
2207 2179 2372 2228 dividit

221 2273 370 2306 unum
412 2259 778 2322 paragraphum
815 2259 865 2307 in
906 2270 976 2307 .X.
1019 2265 1208 2323 parteS‚
1249 2266 1296 2310 et
1335 2261 1556 2326 procedit
1594 2275 1683 2324 per
1720 2262 1921 2312 modum
1961 2261 2163 2326 dialogi,
2213 2269 2259 2312 et
2298 2269 2371 2314 est

221 2343 365 2390 etiam
405 2347 638 2406 quantum
679 2343 738 2391 ad
778 2341 1063 2393 latinitatem
1103 2344 1240 2394 valde
1279 2343 1492 2410 elegans.
1568 2344 1677 2395 Non
1724 2361 1926 2411 possum
1977 2347 2114 2396 vobis
2151 2348 2370 2398 scribere

221 2431 456 2488 quantum
497 2433 569 2474 est
605 2425 720 2474 utile
759 2426 942 2476 habere
981 2426 1127 2476 talem
1174 2426 1372 2478 librum.
1449 2430 1545 2478 Sed
1595 2445 1693 2479 non
1743 2430 1930 2480 debetis
1979 2431 2143 2482 dicere
2182 2433 2424 2484 Iuristis‘za

220 2509 268 2556 in
317 2509 512 2557 Colonia
563 2511 645 2573 qui
695 2516 809 2559 sunt
856 2511 1072 2561 fautores
1121 2512 1316 2561 Ioannis
1365 2512 1630 2563 Reuchlin:
1687 2515 1799 2579 quia
1857 2515 1897 2564 si
1944 2515 2188 2566 haberent
2234 2516 2369 2567 illum

220 2592 422 2649 librum,
463 2594 617 2657 magis
654 2593 895 2644 subtiliter
933 2602 1132 2658 possent
1170 2597 1454 2660 practicare.
1531 2597 1634 2662 Ego
1673 2597 1800 2649 bene
1838 2583 1941 2649 scio
1980 2601 2110 2666 quod
2149 2617 2246 2650 non
2286 2601 2368 2650 ha-

221 2676 343 2726 betis
393 2676 600 2726 libenter
649 2679 777 2742 quod
827 2679 1000 2729 studeo
1049 2681 1096 2728 in
1144 2680 1280 2738 Iure,
1330 2682 1442 2746 quia
1491 2697 1608 2746 sepe
1660 2683 1847 2734 dixistis
1884 2684 2004 2733 mihi
2044 2685 2174 2750 quod
2213 2684 2368 2735 debeo

220 2761 417 2810 studere
456 2761 505 2809 in
544 2760 832 2824 Theologia,
881 2779 975 2828 que(¹
1017 2763 1258 2814 beatificat
1304 2770 1352 2815 et
1399 2772 1473 2816 est
1510 2767 1570 2816 de
1608 2768 1783 2817 maiori
1830 2769 2031 2825 meritc,
2087 2781 2234 2834 quam
2283 2769 2364 2819 illa

223 2845 330 2893 lura
381 2860 471 2908 que
523 2846 707 2895 faciunt
755 2862 957 2896 curvum
1008 2855 1194 2898 rectum
1245 2855 1292 2898 et
1338 2857 1527 2899 rectum
1568 2867 1785 2902 curvum.
1861 2853 1921 2902 Et
1958 2853 2202 2918 allegastis
2243 2851 2421 2908 mihim}

223 2929 516 2978 Richardum
554 2931 601 2978 in
642 2945 738 2979 uno
787 2947 949 2995 passu.
1025 2933 1246 2982 Attamen
1296 2934 1404 2983 dico
1459 2934 1592 2985 vobis
1641 2936 1770 3001 quod
1819 2943 2014 3002 oportet
2063 2954 2140 2988 me
2189 2939 2364 2995 facere,

220 3014 331 3075 quia
371 3014 570 3063 scientia
610 3014 732 3063 luris
771 3022 843 3064 est
881 3017 940 3065 de
980 3031 1104 3079 pane
1143 3017 1403 3068 lucrando:
1443 3019 1575 3069 unde
1614 3035 1781 3070 versus

697 3100 822 3155 „Dat
859 3099 1089 3150 Galienus
1129 3117 1247 3165 opes
1357 3108 1405 3152 et
1442 3105 1626 3153 sanctio
1666 3105 1940 3155 Iustiniani:

696 3183 767 3231 Ex
806 3183 908 3232 aliis
945 3184 1136 3249 paleaS,
1249 3203 1307 3236 ex
1347 3188 1447 3237 istis
1486 3188 1660 3253 collige
1698 3190 1898 3252 grana''.

218 3263 277 3310 Et
314 3265 445 3312 scitis
484 3264 609 3315 bene
648 3268 775 3331 quod
815 3267 931 3317 alias
968 3260 1075 3319 sum
1117 3285 1325 3335 pauper,
1377 3277 1423 3321 et
1470 3278 1625 3322 mater
1675 3290 1782 3323 mea
1830 3276 2026 3338 scripsit
2077 3275 2192 3324 mihi
2231 3275 2418 3340 quod35

219 3347 376 3396 debeo
416 3350 628 3412 cogitare
668 3352 725 3400 ad
766 3351 1047 3402 habendum
1087 3355 1264 3404 victum
1305 3361 1350 3405 et
1389 3358 1648 3415 amictum,
1703 3359 1814 3422 quia
1863 3359 2071 3424 amplius
2120 3375 2217 3408 non
2268 3358 2366 3408 vult

328 3527 345 3553 ²
377 3529 516 3570 michi
546 3534 585 3571 5.
617 3537 657 3572 ec
687 3535 747 3574 sic
776 3537 937 3576 octiens
965 3535 1009 3575 in
1037 3537 1116 3577 hac
1147 3551 1214 3590 ep.
1305 3537 1322 3563 ⁷
1352 3537 1534 3579 literam
1565 3543 1606 3580 5.
1696 3539 1713 3565 ⁹
1745 3540 2053 3584 Gubernatoze
2074 3545 2116 3582 5.
2204 3540 2239 3567 ¹²
2266 3553 2363 3595 p2q-

217 3599 341 3639 suna:
377 3601 415 3639 4.
508 3597 541 3624 ¹3
574 3602 694 3650 Quia
726 3605 822 3643 4.5.
935 3602 966 3629 ¹5
997 3635 1007 3644 .
1033 3606 1153 3655 Quia
1185 3610 1223 3647 4.
1337 3605 1368 3633 ¹⁷
1401 3612 1593 3661 quatuor
1623 3614 1667 3652 5.
1754 3611 1943 3664 sapietia
1974 3614 2014 3655 4.
2027 3616 2067 3653 5.
2157 3612 2365 3653 instituta.
2441 3547 2456 3664 f

220 3670 259 3708 4.
272 3672 311 3708 5.
420 3669 705 3711 infortiatum
738 3675 829 3715 45.
939 3673 970 3699 ¹⁹
1001 3676 1239 3719 Pzacticsi:
1275 3680 1314 3718 4.
1329 3681 1368 3717 5.
1476 3676 1510 3703 ²¹
1543 3679 1762 3721 institutis
1795 3683 1886 3724 4.5.
1952 3726 1955 3729 ,
1994 3680 2030 3708 ²²
2061 3682 2287 3722 instituta:
2321 3683 2361 3721 4.
2386 3715 2398 3728 ,
2441 3678 2445 3714 ἶ

217 3736 253 3763 ²³
287 3741 358 3778 est
388 3740 505 3779 omis.
528 3742 568 3784 5.
675 3741 710 3767 ²⁶
742 3743 942 3796 fautozes
973 3745 1038 3785 10.
1065 3748 1105 3785 4.
1204 3745 1239 3771 ²8
1271 3747 1374 3799 sepe
1398 3749 1438 3788 4.
1537 3746 1572 3773 ²⁹
1606 3761 1692 3802 que
1715 3753 1755 3790 4.
1834 3751 1872 3777 ³⁰
1903 3751 1988 3805 “14-
2074 3751 2112 3777 3²
2143 3782 2154 3793 .
2178 3753 2298 3804 Quia
2320 3751 2360 3792 4.

217 3841 226 3850 .
250 3807 380 3849 Unde
404 3811 442 3849 4.
532 3808 568 3835 3³
601 3815 646 3852 et
667 3814 705 3854 4.
736 3816 786 3853 vt
806 3817 846 3853 5.
934 3812 968 3839 ³⁶
1001 3845 1010 3854 .
1035 3815 1155 3864 Quia
1187 3819 1228 3856 4.
