2456 4264
218 248 338 304 446
427 270 594 298 εΥΝοοῐ
624 265 938 295 PRAEDICATOR.
960 264 1020 292 AD
1050 263 1184 291 meon.
1209 263 1275 292 1³1².
1299 263 1343 290 x.
1366 261 1576 289 LITTERAE
1598 261 1641 291 D.
1663 259 1888 291 FRANOOF.
1911 261 1957 289 D.
1978 255 2034 289 10.
2058 259 2154 290 MAI.
2177 259 2222 288 A.
2245 255 2344 290 1520.

215 403 453 463 plurimum
490 413 583 444 oro.
658 398 770 441 Bene
806 393 922 439 Vale.
997 392 1140 454 Spiris
1177 394 1223 438 in
1261 391 1431 437 aedihus
1468 391 1654 436 Materni
1692 391 1870 437 Hatteni
1907 390 2154 438 sacerdotis
2191 392 2344 437 huma-

215 473 383 516 nissimi
421 483 500 515 xv.
529 468 713 511 Ianuarii
750 478 911 509 MDxx.
2085 463 2205 508 Τ11118

352 541 435 584 Fac
472 551 624 597 quaeso
662 548 731 579 me
767 535 1008 593 diligenter
1045 533 1329 579 commendes
1366 532 1549 577 Domino
1586 532 1768 578 Doctori
1803 532 1968 585 Paulo,
2006 534 2067 579 Io.
2095 532 2260 594 Sapido
2300 539 2344 577 et

212 612 321 655 aliis.
401 608 505 652 Nam
543 605 873 666 Wimphelingo
914 618 1049 649 ausus
1094 617 1192 648 sum
1229 603 1440 648 scribere.

324 840 592 895 [Sequentes
622 840 972 894 praedicatorum
1002 840 1210 892 receptui
1241 842 1461 879 canentes
1492 837 1548 877 ad
1577 835 1842 890 pontificem
1871 838 2115 877 maximum
2142 837 2337 888 litteras,
2358 845 2377 876 5

212 925 397 966 quarum
437 912 575 951 etiam
612 913 659 951 in
695 911 973 951 Hoehstrato
1015 913 1180 950 ovante
1220 907 1310 961 (ἓξ.
1333 906 1402 948 26.
1426 906 1521 959 50.)
1561 907 1734 947 mentio
1775 907 1904 947 facta
1944 911 2034 958 est,
2076 908 2233 948 damus
2288 921 2343 948 ex

212 986 251 1022 1.
273 998 329 1017 -Ξ
349 981 441 1022 MS.
466 981 598 1021 LAT.
622 980 722 1022 Fol.
745 980 840 1022 239.
862 980 1018 1021 BIBL.
1040 980 1177 1021 REG.
1199 979 1350 1019 Berol.
1376 978 1452 1019 fol.
1475 978 1545 1021 44.
1569 990 1651 1032 sq.,
1683 976 1955 1019 contulimus
1976 981 2017 1018 2.
2039 993 2096 1013 Ξ
2119 978 2166 1020 G.
2188 979 2340 1019 Fried-

207 1054 369 1094 loender
398 1053 614 1104 Beitrz‘ige
644 1064 724 1091 zur
751 1049 1248 1103 Reformationsgeseh.
1270 1049 1392 1090 Berl.
1418 1047 1541 1089 1837.
1565 1047 1625 1089 8⁰.
1646 1062 1690 1102 p.
1716 1046 1961 1102 113...115.]

710 1209 1008 1255 Sanctissimo
1044 1209 1091 1253 in
1130 1208 1310 1255 Christo
1348 1208 1512 1265 Patri,
1549 1221 1607 1253 ac
1637 1208 1842 1267 domino,

584 1302 823 1348 Domino
857 1301 1041 1346 Leoni
1074 1300 1328 1356 Decimo,
1373 1298 1675 1359 Pontifici
1707 1298 1968 1345 Mau-imo
2365 1310 2404 1342 ιο

927 1393 1121 1438 Domino
1150 1396 1311 1438 nostro
1341 1393 1616 1438 clementiss.

350 1507 465 1551 Post
499 1506 740 1550 beatorum
772 1505 928 1550 oscula
954 1506 1154 1563 pedum,
1194 1507 1483 1550 sanctissime
1519 1519 1576 1550 ac
1612 1505 1872 1550 beatissime
1901 1508 2070 1563 pater,

352 1576 498 1631 Quam
531 1578 720 1621 devotus
755 1577 1023 1634 apostolicae
1063 1577 1163 1621 sedi
1206 1581 1368 1622 noster
1402 1589 1585 1636 semper
1621 1577 1736 1622 ordo
1772 1577 1986 1621 extiterit
2021 1589 2080 1621 ac
2106 1577 2349 1636 praecipue

214 1651 378 1694 nostra
415 1649 678 1705 provintia,
727 1660 831 1706 quoe
875 1660 1038 1705 maqno
1079 1659 1205 1705 soepe
1234 1660 1323 1695 suo
1350 1648 1562 1706 periculo
1598 1651 1641 1692 et
1676 1647 1925 1705 temporali
1954 1647 2147 1703 damno,
2194 1649 2350 1693 eiectis

213 1720 444 1777 aliquoties
480 1731 504 1763 e
540 1720 640 1763 suis
672 1718 874 1762 domibus
910 1718 1137 1776 multoque
1161 1722 1365 1776 tempore
1396 1718 1690 1763 exulantibus
1712 1719 1883 1762 nostris
1906 1718 2346 1777 praedecessoribus,
2366 1731 2405 1762 15

215 1792 532 1835 sacrosanctae
568 1788 826 1834 Rhomanoe
863 1789 1064 1833 ecclesiae
1104 1789 1307 1846 firmiter
1356 1788 1554 1834 adhoesit
1590 1788 1920 1847 praedicando,
1964 1789 2164 1835 docendo
2214 1794 2350 1848 atque

212 1862 507 1906 adversarios
538 1859 717 1918 fortiter
751 1859 1024 1919 refutando,
1071 1860 1336 1918 diqnitatem
1381 1873 1438 1904 ac
1484 1859 1776 1904 obedientiam
1812 1858 2162 1907 Rhomanorum
2193 1859 2349 1906 Ponti·

208 1933 346 1990 ficum
374 1935 735 1990 propuqnantes,
773 1942 1017 1989 speramus
1064 1928 1238 1975 Vestrae
1276 1930 1516 1975 Sanctitati
1547 1931 1848 1989 eaeploratum
1881 1930 2055 1990 haberi,
2085 1932 2349 1991 prcesertim

212 2002 394 2061 quando
425 2004 521 2047 eius
557 2003 835 2060 sinqularem
866 2001 1080 2060 favorem
1113 2006 1247 2060 atque
1284 2002 1634 2048 benevolentiam
1664 2002 1919 2047 luculenter
1954 2003 2067 2048 adeo
2090 2016 2148 2048 ac
2171 2004 2351 2062 maqnis

213 2074 436 2131 beneficiis
461 2085 618 2118 sumus
641 2074 732 2117 iam
758 2071 919 2117 crebro
957 2074 1150 2130 eoeperti.
1223 2071 1321 2127 Quo
1352 2073 1411 2131 fit
1443 2078 1492 2118 ut
1524 2074 1693 2131 inqenti
1726 2073 1887 2125 fidutia
1922 2074 2137 2134 quicquid
2169 2075 2350 2120 demum
2364 2086 2407 2119 20

216 2146 448 2189 molestum
486 2145 762 2199 occurrerit,
801 2143 884 2188 sub
923 2143 1036 2188 Tuoe
1060 2142 1327 2188 Sanctitatis
1358 2146 1685 2202 protectionem
1721 2143 1974 2204 confuqere
2006 2149 2268 2205 certumque
2293 2145 2351 2190 ab

215 2228 268 2259 ea
297 2215 572 2273 praesidium
602 2227 742 2260 orare
776 2216 867 2259 iam
898 2215 1080 2272 pridem
1117 2216 1435 2260 statuerimus.
1510 2214 1667 2270 Quare
1701 2227 1804 2260 cum
1842 2219 2112 2274 tempestate
2150 2215 2239 2261 bac
2260 2230 2351 2261 non

214 2286 554 2330 dissimulandis
582 2286 808 2344 periculis
841 2286 1127 2330 involvamur
1173 2286 1225 2330 ob
1272 2287 1422 2342 litem,
1470 2299 1610 2345 quam
1651 2287 1889 2332 occasione
1932 2286 2069 2332 libelli
2111 2280 2350 2333 cuiusdam

214 2359 289 2413 cui
322 2357 472 2402 titulus
509 2355 705 2402 Oculare
741 2356 1002 2415 Speculum,
1042 2371 1071 2401 a
1105 2356 1263 2415 fratre
1296 2356 1465 2402 Iacobo
1500 2356 1824 2412 Hochstraten,
1862 2359 2011 2403 nostri
2042 2358 2216 2403 ordinis
2234 2372 2348 2418 pro-

209 2427 391 2487 fessore
427 2441 484 2471 ac
530 2427 742 2481 hereticae
762 2429 1011 2486 pravitatis
1044 2429 1307 2487 inquisitore
1352 2432 1457 2473 ante
1503 2440 1650 2473 annos
1696 2429 1867 2488 aliquot
1910 2442 2015 2475 cum
2050 2431 2215 2475 eximio
2250 2431 2346 2476 viro
2363 2441 2404 2473 25

214 2499 403 2543 Domino
434 2498 610 2543 Ioanne
637 2498 877 2554 Reuchlin,
917 2499 1066 2557 lequm
1103 2500 1298 2553 doctore,
1331 2499 1439 2544 dicti
1472 2498 1606 2544 libelli
1636 2503 1838 2559 auctore,
1876 2505 2140 2559 susceptam
2175 2513 2232 2546 ac
2267 2499 2351 2546 sub

214 2568 432 2613 iudicibus
468 2584 496 2613 a
539 2568 709 2613 Vestra
746 2568 996 2614 Sanctitate
1024 2571 1253 2628 deputatis
1281 2569 1475 2615 Rhomoe
1513 2569 1737 2616 hactenus
1781 2572 2020 2630 aquatam,
2065 2585 2235 2631 maqna
2269 2582 2352 2630 spe

215 2652 336 2684 nunc
370 2640 453 2684 sub
500 2641 700 2685 eiusdem
738 2639 1016 2685 Sanctitatis
1063 2641 1239 2686 Vestrae
1282 2642 1466 2686 tutelam
1511 2641 1802 2701 confuqimus
1838 2643 2063 2688 auxilium
2094 2648 2350 2702 poscentes.

216 2710 468 2754 Admodum
505 2712 622 2755 enim
657 2712 814 2756 odiosa
849 2724 904 2756 ea
931 2724 1025 2770 per
1064 2712 1359 2757 Germaniam
1393 2713 1666 2771 proceribus
1701 2715 1900 2772 virisque
1927 2715 2070 2761 doctis
2102 2714 2215 2774 fuit,
2249 2727 2349 2758 ma-

212 2794 434 2839 qnamque
460 2782 587 2826 nobis
618 2783 834 2828 invidiam
868 2783 1306 2842 indiqnationemque
1341 2785 1579 2840 excitavit,
1619 2789 1671 2828 ut
1697 2785 1839 2843 plane
1868 2785 2033 2844 fabula
2068 2786 2212 2831 simus
2241 2783 2348 2844 fere
2364 2794 2407 2827 30

218 2851 445 2907 omnibus,
485 2865 541 2896 ac
577 2865 661 2898 ceu
685 2852 919 2912 fraternae
956 2853 1191 2898 charitatis
1225 2854 1374 2900 hostes
1400 2857 1628 2914 pacisque
1663 2858 1711 2900 et
1746 2855 2003 2901 concordiae
2037 2857 2206 2902 inimici
2238 2869 2352 2915 quo-

216 2922 319 2966 tidie
354 2925 400 2967 et
434 2923 560 2967 editis
607 2923 762 2969 libellis
807 2928 854 2969 et
899 2926 1096 2970 omnium
1141 2937 1375 2983 sermone,
1419 2927 1519 2971 licet
1560 2927 1793 2984 immeriti,
1830 2925 2137 2987 infamemur,
2170 2927 2349 2986 praedi÷

218 2994 334 3037 catio
370 2999 528 3046 nostra
564 2998 896 3053 contemnatur,
934 3010 963 3040 a
998 3001 1159 3040 sancta
1198 3001 1358 3042 nostra
1394 2998 1627 3056 relliqione
1661 2998 1820 3043 cuncti
1851 2998 2184 3057 deterreantur,
2222 3000 2348 3058 quic-

217 3063 326 3121 quid
358 3065 491 3108 etiam
521 3065 845 3123 quantumlibet
874 3073 1030 3111 sancte
1065 3068 1322 3127 moliamur,
1360 3069 1591 3124 rideatur,
1630 3071 1713 3114 aut
1748 3069 1979 3127 superbiae
2005 3074 2048 3115 et
2070 3070 2351 3129 arroqantioe

219 3133 537 3184 adscribatur;
584 3149 687 3180 cum
725 3142 872 3181 tamen
916 3150 1060 3196 neque
1107 3140 1323 3197 auspiciis
1368 3141 1559 3195 nostris,
1609 3152 1755 3200 neque
1797 3139 1983 3186 consilio
2029 3143 2115 3186 aut
2148 3140 2347 3186 subsidio
2364 3146 2406 3179 35

220 3204 307 3247 ullo
341 3205 592 3260 praedictus
622 3205 877 3266 Inquisitor
912 3208 1033 3253 lianc
1057 3210 1173 3254 litem
1200 3210 1271 3255 vel
1302 3203 1571 3270 susceperit,
1610 3212 1681 3256 vel
1707 3212 1768 3256 sit
1788 3215 2079 3270 prosecutus,
2114 3211 2219 3257 hinc
2243 3222 2351 3270 erqo

219 3275 331 3317 moti
364 3276 451 3318 viri
471 3276 652 3333 quidam
685 3282 732 3322 in
768 3280 1073 3324 ecclesiastico
1108 3282 1282 3338 ordine,
1313 3282 1565 3327 eruditione
1601 3287 1644 3326 et
1677 3284 1944 3328 auctoritate
1964 3284 2227 3341 qravissimi
2246 3295 2350 3327 cum

217 3343 306 3388 lzac
332 3345 421 3402 lite,
457 3348 650 3390 omnium
672 3347 776 3406 fere
800 3349 964 3395 iudicio
990 3365 1081 3396 non
1105 3354 1384 3408 necessaria,
1418 3353 1664 3398 multorum
1688 3355 1828 3399 etiam
1864 3353 2150 3400 veliementer
2187 3354 2350 3399 nociva

219 3415 393 3472 offendi
411 3416 635 3473 plurimos
666 3420 888 3476 viderent,
933 3422 1157 3480 aedificari
1197 3425 1419 3468 neminem
1452 3424 1524 3471 vel
1557 3430 1680 3470 certe
1709 3427 2039 3484 paucissimos,
2083 3438 2194 3470 suas
2231 3426 2351 3470 vices

217 3486 605 3545 interposuerunt,
645 3502 700 3533 ac
724 3495 815 3534 tam
831 3505 924 3549 pro
950 3493 1250 3550 aedificatione
1285 3495 1490 3552 fidelium
1514 3510 1655 3554 quam
1682 3511 1775 3556 pro
1800 3504 1959 3543 nostra
1986 3508 2111 3555 pace
2142 3501 2184 3542 et
2212 3499 2348 3541 tran·
2363 3499 2407 3532 40

329 3707 347 3734 ³
374 3707 536 3763 Paulo]
567 3708 828 3763 Phrygioni.

331 3778 366 3805 ¹4
396 3781 634 3833 prouincia
664 3784 705 3821 2.
794 3780 829 3806 ¹⁶
861 3782 1041 3823 adhesit
1071 3787 1110 3824 1.
1199 3784 1233 3811 ¹8
1262 3786 1433 3827 habere
1464 3791 1506 3830 2.
1600 3788 1638 3815 2⁰
1667 3789 1836 3832 fiducia
1865 3794 1907 3832 2.
2003 3788 2040 3816 ²5
2070 3789 2275 3845 heretice
2307 3793 2346 3831 1.

217 3846 253 3875 ⁸3
285 3854 474 3891 sanctae
504 3853 544 3892 2.
630 3850 853 3904 religione
882 3855 924 3893 2.
