2456 4264
246 286 363 345 362
700 309 1084 338 LAMENTATIONES
1106 310 1407 339 OBSCVRORVM
1426 311 1637 340 VIRORVM
1659 297 1918 353 [VETERESJ.

242 449 342 490 tam
381 442 560 489 acerbe
596 441 718 488 mihi
751 453 853 487 rem
887 444 1079 499 qestam
1115 442 1425 502 scripsisses!
1476 441 1559 488 Me
1593 442 1729 489 senio
1764 441 2085 501 confractum
2121 445 2271 503 nosti,
2320 448 2368 492 et

242 541 306 574 ex
343 527 444 573 leni
477 529 618 572 vento
653 524 750 571 huc
785 528 934 583 atque
969 525 1086 572 illuc
1123 527 1321 586 impelli.
1398 525 1512 585 qu'
1541 527 1670 573 enim
1705 527 1752 573 si
1772 526 1865 574 hoc
1887 529 2020 576 malo
2043 529 2224 588 nuncio
2249 541 2369 590 apo·

234 611 413 671 pleaeia
449 613 608 656 tactus
637 607 871 667 fuissem,
922 609 1030 668 quis
1077 609 1278 657 obsecro
1314 614 1415 658 tres
1450 623 1581 658 meos
1616 610 1785 658 obulos
1825 604 1892 676 [et
1931 610 2117 661 Tibulli
2149 626 2211 661 ac
2247 613 2370 661 Pro-

145 687 345 758 tijbperl
366 695 424 741 tii
455 693 608 740 libros
644 705 747 739 una
782 706 892 740 cum
932 691 1186 740 Ovidianis
1223 688 1503 760 Amoribus]
1554 698 1843 742 consecutus
1881 693 2099 753 suisset?
2150 692 2370 764 [Silicer-

240 780 351 826 nius
385 790 490 824 sum
527 781 574 824 et
608 790 762 824 senex
798 778 1081 837 capularis,
1132 791 1301 838 meque
1349 779 1640 840 vespiliones
1676 792 1739 827 ac
1774 779 2024 827 bustuarii
2068 781 2150 829 die
2196 786 2363 830 noctu·
2381 790 2402 823 ⁵

240 876 332 922 que
369 855 735 927 insequuntur.]
816 860 1029 909 Observa
1075 875 1151 909 me
1197 864 1375 922 iqitur,
1427 867 1483 911 ut
1528 864 1695 921 ultime
1740 864 2009 912 voluntatis
2053 879 2155 924 mee
2191 866 2374 926 diqnus

239 951 477 995 eocecutor
513 948 786 995 inveniare.
862 946 975 994 Non
1012 951 1058 994 te
1092 952 1321 996 moveant
1356 947 1696 1008 theoloqorum
1741 950 2097 1009 correptiones.
2171 950 2377 998 Indocti

237 1036 367 1092 sunt,
408 1036 455 1079 et
480 1035 654 1092 preter
688 1044 866 1078 sacras
899 1032 1094 1079 litteras
1128 1034 1291 1080 sciunt
1328 1032 1466 1080 nihil.
1543 1033 1722 1081 Poetas
1755 1045 1854 1082 non
1890 1034 2186 1095 intelliqunt.
2247 1033 2376 1092 Quid

241 1130 361 1178 erqo
398 1118 685 1165 nostrarum
722 1117 1042 1177 epistolarum
1079 1118 1315 1178 mysteria
1353 1119 1722 1177 intelliqerent?
1776 1117 1948 1179 Neque
1971 1118 2284 1168 Aristotelem
2320 1122 2372 1168 in

242 1210 335 1246 ‚xic
350 1202 691 1264 physicorum,
733 1214 891 1262 neque
915 1201 1252 1264 Porphyrium
1289 1204 1339 1250 in
1374 1203 1514 1252 libris
1550 1203 1612 1251 de
1649 1204 1831 1263 anima,
1873 1217 2030 1265 neque
2066 1203 2283 1270 Esopum
2318 1207 2372 1256 in
2388 1213 2430 1249 1⁰

242 1271 574 1347 metaphisicis
610 1287 840 1346 leqerunt
874 1300 1109 1347 unquam.
1185 1286 1377 1335 Abeant
1412 1288 1583 1349 iqitur,
1625 1301 1812 1349 nosque
1846 1302 1983 1337 more
2018 1294 2187 1338 nostro
2212 1291 2376 1338 vivere

244 1385 306 1420 ac
342 1373 483 1432 loqui
505 1372 817 1432 permittant.
903 1372 1042 1421 Vale.

1257 1605 1353 1662 44.

829 1733 870 1779 (Ι
927 1725 1217 1782 Trullus
1267 1725 1784 1783 Pomivendulus

827 1839 1064 1886 Flacco
1119 1839 1553 1898 Murileqiano
1615 1838 1778 1888 .S.D.
1845 1912 1847 1915 ι
2395 1848 2432 1879 ιε,

382 1949 546 1998 Audio
594 1951 779 2008 Iudeos
823 1952 1028 1999 multum
1073 1953 1227 2009 letari
1270 1953 1332 1999 de
1366 1965 1620 2013 prospero
1665 1965 1870 2000 suarum
1917 1966 2085 2001 rerum
2132 1967 2373 2003 successu.

244 2036 436 2095 Lequnt
472 2037 600 2083 enim
637 2036 817 2083 librum
854 2037 1100 2096 quendam
1143 2032 1372 2103 [Ioannis
1396 2030 1683 2103 Reuchlini]
1725 2023 1874 2085 talem
1912 2038 2104 2098 qualem
2142 2039 2214 2085 ad
2246 2052 2376 2086 men·
2451 2027 2453 2030 ¹

242 2134 349 2168 sam
388 2120 792 2169 discumbentium
832 2126 879 2168 et
914 2122 966 2168 in
1003 2123 1276 2184 synaqoqis
1310 2122 1411 2170 suis
1448 2122 1733 2182 diabolicis,
1784 2127 1839 2186 ut
1875 2122 2033 2170 indies
2072 2122 2379 2172 Christianos
2451 2130 2456 2147 ³

243 2206 534 2264 derideant,
585 2209 634 2253 et
670 2206 979 2254 execrabiles
1012 2219 1127 2261 suos
1162 2207 1316 2255 libros
1355 2206 1552 2256 Christo
1588 2207 1681 2256 deo
1717 2207 2026 2268 blasphemos
2063 2208 2241 2256 iniuste
2277 2211 2376 2256 tue-

244 2295 398 2338 antur
434 2303 496 2337 ac
532 2294 838 2339 conservent.
915 2289 1082 2347 Quare
1117 2293 1163 2340 si
1186 2292 1518 2353 perditissimi
1549 2293 1714 2341 crucis
1749 2291 1935 2340 Christi
1975 2292 2138 2341 hostes
2174 2293 2379 2354 indiqne
2391 2286 2456 2363 ²⁰ss

242 2380 290 2423 et
326 2388 391 2422 ex
427 2375 654 2435 inqenita
691 2380 839 2435 atque
875 2377 1153 2424 inveterata
1188 2378 1393 2425 malicia
1429 2378 1679 2437 letantur,
1731 2390 1821 2426 nos
1846 2379 2108 2439 perpetuis
2142 2378 2377 2426 lamente-
2447 2367 2456 2388 ³

242 2474 355 2508 mur
391 2461 441 2507 in
477 2460 692 2509 tenebris
733 2455 925 2527 [(modo
961 2462 1090 2509 salvi
1131 2475 1233 2509 esse
1278 2456 1620 2528 voluerimus)]
1662 2475 1858 2510 necesse
1893 2467 1980 2510 est.
2057 2461 2142 2510 Ex
2179 2462 2376 2511 Franc-
2447 2459 2449 2462 ⁴

236 2544 419 2603 fordia
456 2549 618 2593 autem
654 2546 892 2594 nundinis
927 2560 1062 2594 nunc
1098 2545 1355 2607 Aprilibus
1391 2547 1582 2607 aliquot
1616 2551 1775 2595 tecum
1813 2548 2042 2596 ocularia
2078 2543 2281 2607 confer,
2324 2552 2379 2596 ut

242 2631 288 2677 si
320 2643 418 2677 non
454 2630 653 2690 mentis,
706 2631 964 2679 oculorum
1009 2635 1173 2679 tamen
1217 2632 1372 2680 visum
1416 2635 1767 2680 restauremus.
1842 2631 1994 2680 Hunc
2038 2631 2193 2680 solum
2230 2631 2377 2680 habe·

240 2727 344 2762 mus
389 2714 655 2775 honorem,
708 2715 844 2776 quod
885 2715 1034 2775 ludei
1080 2717 1131 2764 in
1177 2716 1474 2764 scandalum
1520 2716 1723 2775 ecclesie
1763 2715 2095 2766 Obscurorum
2141 2717 2376 2778 epistolas
2394 2711 2452 2758 2⁵⁶

242 2800 293 2846 in
318 2799 618 2848 teutonicum
643 2801 960 2848 transtulere.
1011 2801 1134 2849 Vale
1159 2805 1211 2849 ut
1237 2804 1399 2862 potes.
1440 2814 1506 2850 ecc
1530 2801 1745 2850 Dullcen.
1786 2800 1933 2850 Anno
1959 2802 2351 2850 .M.CCcoo.XVlll.
2373 2799 2380 2866 Ι

1247 3034 1386 3101 (45.)

136 3154 228 3197 mh
888 3161 929 3207 (ἱ
968 3153 1363 3212 Zacharias
1416 3153 1738 3212 Lucensis

1018 3267 1296 3315 omnibus
1333 3268 1618 3316 obscuris
2450 3334 2453 3342 s

1194 3364 1247 3414 S.
1275 3365 1331 3415 P.
1359 3366 1422 3415 D.
2389 3363 2443 3409 ³⁸

388 3458 576 3518 Colleqi
610 3462 659 3508 in
696 3475 844 3510 unum
882 3465 1116 3524 epistolas-
1150 3469 1340 3514 vestras
1375 3467 1807 3526 lamentationum,
1850 3479 1942 3526 que
1978 3466 2118 3513 bonis
2154 3466 2377 3514 omnibus

244 3543 405 3602 maqis
441 3555 588 3602 quam
616 3547 782 3604 prime
813 3548 1032 3607 placent.
1111 3549 1290 3598 Nescio
1327 3552 1503 3612 quibus
1547 3553 1755 3613 loquor:
1803 3543 2003 3599 obscuri
2044 3551 2181 3610 estis,
2224 3558 2379 3609 &nemo

358 3723 395 3749 ²⁰
425 3737 480 3764 ac
512 3726 552 3765 1.
585 3726 720 3776 atque
751 3727 796 3767 2.

357 3789 404 3820 ²⁷⁸
425 3794 489 3846 Cf.
512 3795 627 3846 infra
657 3795 755 3837 edit.
777 3797 817 3835 2.
837 3809 938 3848 pay.
960 3807 981 3838 ε
997 3794 1066 3847 ijb.
1155 3798 1210 3838 In
1239 3802 1422 3852 exempli
1450 3803 1490 3843 1.
1510 3814 1607 3854 pay.
1629 3800 1709 3843 (214.
1731 3806 1933 3854 sequntur
1962 3801 2191 3841 Mur-mellic·
2216 3802 2260 3841 in
2289 3803 2375 3841 lau-

246 3867 336 3907 dem
365 3864 550 3906 Arnoldi
584 3863 863 3918 Tungerensis
892 3879 1057 3907 carmen
1087 3873 1125 3907 et
1159 3868 1422 3916 Querimonia
1453 3871 1558 3920 fidei
1592 3872 1651 3911 ad
1688 3871 1887 3912 obscuros
1917 3871 2241 3918 Reuchzinistas,
2283 3884 2377 3924 quoe

245 3938 475 3988 est-emplum
505 3937 545 3975 2.
577 3935 700 3975 habet
729 3949 826 3988 pay.
849 3936 927 3988 eij.
979 3936 1224 3990 Sequentem
1264 3945 1395 3979 autem
1428 3939 1651 3980 Zacharioe
1680 3941 1884 3980 Lucensis
1913 3942 2151 3992 epistolam,
2190 3954 2284 3994 quoe
2312 3945 2378 3982 est
