2456 4264
222 278 344 337 408
808 300 998 330 onmvnu
1020 299 1184 329 GRATn
1205 299 1431 328 ems'rom
1452 299 1788 333 nomem-1021.

220 434 359 483 betur
386 439 599 476 XXXVII.
627 443 706 478 ca.
735 430 925 493 ultimo)
959 427 1093 489 quod
1127 428 1365 488 disceret,
1413 442 1520 486 non¹
1557 431 1754 479 invenit.
1828 431 1942 481 Illis
1991 436 2152 481 autem
2186 434 2376 493 iqnosci

221 532 318 566 non
350 517 553 577 poterit,
595 515 682 574 qui
722 526 754 560 a
790 525 886 574 quo
933 512 1180 560 discerent
1220 513 1475 571 habentes,
1525 528 1731 576 operam
1771 530 1868 565 non
1917 514 2194 566 dederunt'.
2268 518 2374 576 Hec

220 602 384 650 omnia
423 600 563 647 divus
589 599 736 646 etiam
774 598 856 645 ille
896 596 1187 657 Ciprianus,
1225 611 1326 658 per
1371 598 1521 646 verba
1554 599 1706 648 Pauli
1738 603 1945 662 apostoli
1981 603 2098 662 (que
2132 602 2374 649 habentur
2424 614 2449 658 j

221 686 331 733 dist.
366 691 469 725 Vm.
501 681 831 743 Consuetudo)
856 682 1200 742 pulcherrime
1234 682 1509 731 subscribit.
1584 683 1649 732 Et
1677 684 1958 733 Aristoteles
1992 699 2181 747 quoque
2211 686 2292 734 lib.
2321 695 2374 731 [1.

221 769 598 816 Rhetoricorum
636 771 780 826 turpe
812 770 965 826 putat
1001 768 1238 826 iqnorare
1275 768 1409 826 quod
1452 768 1674 817 omnibus
1722 770 1851 817 scire
1897 771 2169 818 conveniat.
2244 771 2414 819 Hincs
2442 788 2456 835 Δ.

221 857 292 902 est
331 852 465 913 quod
503 851 829 912 Hieronymus
875 850 1021 899 habet
1065 852 1117 899 in
1161 852 1400 911 oriyinali
1435 866 1588 914 super
1633 853 1802 914 Amos,
1850 859 1899 903 et
1940 856 2159 902 maxime
2203 859 2380 903 contra
2438 903 2442 918 .-

222 951 325 992 eos,
367 939 453 997 qui
491 935 726 995 affectato
771 936 997 994 eoececati
1027 934 1208 994 favore
1243 937 1496 985 veritatem
1540 938 1719 986 audire
1755 942 2082 986 contemnunt.
2161 937 2380 996 Quicun—
2445 985 2451 987 c

224 1036 317 1083 que
353 1018 472 1087 (ait)
513 1023 588 1070 vel
621 1022 1050 1080 consanquinitate
1094 1022 1171 1068 vel
1212 1022 1464 1081 amicicia,
1509 1023 1584 1070 vel
1629 1035 1892 1071 econverso
1927 1023 2090 1071 hostili
2125 1023 2260 1084 odic,
2308 1025 2383 1071 vel

225 1107 512 1155 inimiciciis.
538 1106 808 1155 iudicando
846 1106 1070 1163 ducitur,
1107 1107 1348 1167 pervertit
1381 1106 1618 1155 iudicium
1656 1107 1740 1155 dei
1766 1106 1971 1166 Christi,
2015 1108 2102 1168 qui
2133 1111 2205 1155 est
2238 1108 2383 1155 iusti—
2431 1167 2434 1169 Α

224 1193 319 1240 cia.
396 1190 438 1238 11
474 1191 723 1239 Postremo
760 1194 922 1238 autem
957 1192 1004 1238 si
1029 1191 1079 1238 in
1113 1190 1361 1249 fermento
1397 1192 1591 1250 malicie
1630 1197 1677 1239 et
1710 1193 1944 1252 nequitie,
1982 1192 2074 1240 hoc
2119 1196 2193 1240 est
2219 1195 2379 1240 vestra
2399 1174 2442 1242 {Q

226 1277 428 1324 malicia
477 1277 594 1336 (que
629 1275 900 1324 secundum
933 1276 1238 1324 Ambrosium
1283 1277 1334 1324 in
1369 1276 1682 1338 Exameron,
1729 1280 1803 1323 est
1839 1278 2013 1324 mentis
2049 1281 2195 1337 atque
2233 1278 2390 1324 animi

229 1362 547 1422 depravatiO,
597 1374 786 1420 queque
828 1359 1005 1419 fallax
1049 1364 1124 1408 est
1154 1360 1366 1409 nocendi
1399 1362 1554 1423 ratic,
1597 1364 1651 1408 ut
1683 1373 1896 1421 maqnus
1933 1363 2016 1409 ille
2056 1359 2226 1408 Cicero
2262 1360 2388 1408 libro

229 1447 371 1494 tertio
406 1446 469 1493 de
498 1449 684 1494 natura
719 1445 922 1493 deorum
948 1448 1176 1506 testatur)
1218 1445 1529 1506 impudenter
1567 1445 1726 1505 (quod
1760 1445 1907 1506 absit)
1936 1459 2260 1507 perseverare
2295 1457 2386 1493 vo-

228 1532 443 1592 lueritis,
481 1531 700 1578 animam
733 1530 962 1591 profecto
998 1534 1208 1578 vestram
1242 1530 1512 1581 occidendo
1547 1543 1651 1578 una
1687 1542 1799 1578 cum
1835 1543 1954 1590 reqe
1990 1535 2147 1579 vestro
2187 1532 2386 1591 (quem-

229 1615 496 1663 admodum
534 1614 728 1674 Requm
760 1617 946 1676 primo,
996 1629 1038 1663 c.
1069 1622 1210 1657 -XXIL
1236 1621 1284 1662 et
1314 1614 1535 1676 Sapient.
1575 1628 1618 1663 c.
1646 1623 1752 1657 XVI.
1777 1615 1937 1676 prisci
1979 1615 2116 1664 nobis
2150 1616 2386 1676 scriptum
2406 1616 2449 1657 ¹⁸

228 1701 497 1760 reliquere)
537 1703 753 1748 actutum
784 1700 1036 1762 peribitis,
1077 1712 1254 1760 vosque
1289 1712 1400 1747 sero
1432 1700 1698 1760 resipuisse
1733 1699 1990 1761 Phryqum
2026 1712 2160 1748 more
2193 1702 2390 1747 lamen-

230 1784 467 1831 tabimini.
541 1783 669 1832 Nam
715 1786 803 1844 qui
838 1785 1072 1843 iustificat
1104 1786 1309 1845 impium
1346 1784 1425 1843 (ut
1457 1783 1665 1832 habetur
1699 1784 1933 1833 Proverb.
1962 1786 2097 1846 Am.)
2133 1788 2182 1832 et
2215 1786 2391 1833 iustum

231 1869 551 1924 condemnat,
599 1873 804 1928 uterque
838 1868 1180 1918 abominabilis
1216 1873 1288 1917 est
1318 1869 1461 1930 apud
1492 1869 1653 1917 deum.
1728 1869 1949 1930 Itemque
1985 1871 2030 1918 si
2063 1870 2280 1917 videntes
2315 1870 2389 1916 vi-

232 1954 372 2012 dere,
411 1954 458 2000 si
488 1953 746 2001 audientes
783 1954 988 2013 audire,
1026 1956 1072 2003 si
1103 1955 1427 2014 intelliqentes
1456 1954 1758 2014 intelligere,
1801 1959 1849 2002 et
1870 1954 2154 2016 prophanis
2185 1954 2394 2014 denique
2423 2007 2426 2009 ,

232 2037 518 2086 auctoribus
554 2051 726 2086 sacros
759 2040 962 2097 ecclesie
1000 2039 1223 2087 doctores
1269 2043 1568 2100 anteponere
1616 2039 1896 2097 nolueritis,
1945 2039 2198 2087 maledicti
2237 2039 2388 2097 eritis,
2404 2041 2450 2102 2*-

231 2129 284 2171 ut
318 2123 539 2171 habetur.
565 2131 635 2166 XI.
659 2137 704 2183 q.
736 2126 844 2185 111.)
881 2124 1023 2184 apud
1056 2123 1200 2171 deum
1233 2129 1281 2171 et
1304 2124 1536 2182 homines,
1571 2128 1622 2172 et
1647 2124 1990 2184 increpatione
2026 2123 2225 2171 tandem
2257 2136 2396 2171 seve-

231 2210 427 2256 rissima
463 2209 825 2269 corripiemini,
879 2208 1085 2269 Eritque
1130 2209 1253 2257 deus
1296 2208 1453 2257 iudea:
1489 2209 1619 2256 inter
1655 2221 1737 2257 vos
1767 2213 1816 2257 et
1844 2221 1936 2257 nos
1967 2210 2020 2257 in
2057 2214 2277 2257 extremo
2313 2209 2398 2256 iu-

239 2294 362 2342 dicii
407 2294 512 2357 die,
565 2292 660 2350 Qui
701 2294 817 2342 licet
850 2293 1024 2354 qradu
1067 2295 1199 2342 lento
1245 2294 1325 2353 (ut
1367 2299 1438 2342 est
1476 2294 1618 2355 apud
1666 2294 1918 2342 Valerium
1950 2292 2231 2341 Maximum
2273 2292 2398 2341 libro
2439 2279 2443 2286 ’

231 2379 395 2439 primo
444 2378 506 2426 de
550 2380 776 2438 neqlecta
813 2379 1076 2439 reliqione)
1128 2378 1200 2425 ad
1243 2378 1509 2426 vindictam
1546 2379 1628 2427 sui
1664 2379 1926 2442 procedat,
1971 2379 2205 2440 supplicii
2235 2388 2398 2426 tamen

236 2464 520 2511 dilationem
545 2463 843 2511 intolerabili
874 2463 1094 2523 quadam
1122 2465 1371 2523 pravitate
1405 2463 1750 2525 compensabit.
1828 2462 1870 2510 ([
1904 2462 1961 2512 Si
1994 2468 2156 2512 autem
2192 2464 2269 2510 vel
2295 2447 2452 2509 Ca—it

233 2548 388 2608 pnion
436 2548 563 2607 ipse,
613 2549 690 2596 vel
734 2560 816 2595 vos
858 2547 1056 2596 obscuri
1095 2553 1143 2597 et
1187 2548 1421 2619 theoloqis
1453 2549 1662 2610 nostris,
1701 2554 1749 2597 et
1782 2548 1906 2596 mihi
1939 2548 2150 2608 denique
2187 2546 2400 2596 Ortwino

239 2632 501 2691 indiqnari
533 2632 621 2680 abs
656 2646 713 2680 re
749 2634 999 2681 volueritis
1012 2670 1026 2697 ‚
1076 2629 1333 2702 [memores
1365 2636 1695 2695 apostolorum
1742 2634 1941 2690 erimus,
1982 2635 2068 2694 qui
2097 2633 2235 2681 ibant
2265 2645 2386 2692 qau-

240 2717 407 2765 dentes
436 2730 468 2764 a
497 2722 759 2778 conspectu
795 2719 1008 2774 consilii,
1037 2720 1269 2779 quoniam
1302 2719 1447 2779 diqni
1479 2723 1628 2767 erant
1653 2731 1753 2780 pro
1788 2718 1904 2767 Iesu
1938 2718 2121 2767 christo
2149 2723 2401 2766 contume-

237 2802 359 2850 liam
385 2803 510 2862 pati.
576 2801 677 2850 Nos
713 2803 868 2862 iqitur
899 2807 953 2851 ut
981 2803 1096 2852 libet
1122 2805 1481 2865 persequimini
1500 2810 1548 2852 et
1570 2790 1945 2853 mendaciorum
1972 2803 2231 2852 describite
2255 2807 2402 2850 atra-

240 2881 444 2953 ment0‚]
493 2888 643 2935 vestri
684 2891 847 2936 tamen
882 2890 978 2937 erit
1009 2893 1109 2936 tum
1149 2888 1329 2948 officii,
1383 2894 1483 2937 tum
1520 2888 1846 2937 humanitatis
1883 2901 1980 2937 non
2014 2889 2273 2948 iqnorare,
2317 2893 2456 2934 vost·

243 2984 346 3019 una
377 2985 542 3020 omnes
570 2976 671 3020 tam
697 2973 958 3021 scribendo
993 2987 1142 3034 quam
1177 2973 1476 3033 offendendo
1500 2986 1695 3035 semper
1718 2973 1880 3032 fuisse
1906 2975 2121 3035 priores.
2196 2971 2299 3019 Nec
2334 2977 2404 3019 est

160 3048 224 3102 bij
249 3056 382 3115 quod
415 3057 537 3104 mihi
577 3059 685 3117 quis
724 3058 786 3106 de
822 3061 1050 3107 manuali
1073 3061 1272 3119 speculo
1308 3058 1516 3107 Ioannis
1551 3059 1876 3120 Pepericorni
1908 3058 2127 3119 neophiti
2158 3052 2405 3123 (holminis

236 3139 471 3200 profecto
522 3142 786 3189 christiani
834 3147 882 3190 et
934 3144 1032 3191 viri
1071 3143 1208 3205 boni)
1267 3144 1531 3204 quicquam
1578 3143 1798 3207 obiiciat,
1845 3156 1995 3204 quum
2039 3154 2171 3191 anno
2221 3140 2408 3189 domini

253 3223 514 3276 M-cccaxz.
564 3225 763 3274 Colonia
800 3227 871 3274 ad
908 3239 1131 3276 annnum
1169 3229 1365 3284 absens,
1422 3230 1473 3276 in
1509 3229 1768 3289 superiore
1814 3227 1943 3276 illud
1971 3226 2233 3276 Alemania
2270 3225 2406 3274 nobis
2446 3215 2450 3218 ⁴

361 3348 378 3373 ³
409 3350 549 3390 etiam
578 3353 692 3390 omis.
715 3354 758 3391 2.
836 3350 854 3377 4
883 3353 1151 3396 Dist.V111.
1174 3366 1277 3396 ean.
1300 3352 1341 3393 8.
1439 3352 1511 3395 cf.
1534 3353 1674 3397 Arist.
1699 3353 1986 3395 eth.N100m.
2009 3353 2092 3393 111.
2115 3351 2157 3393 5.
2178 3351 2232 3395 v.
2253 3349 2293 3393 8.
2315 3351 2347 3390 i.
2370 3350 2402 3390 f.
2429 3334 2441 3351 ³

249 3419 266 3444 ⁷
299 3420 482 3460 execati
512 3422 552 3459 1.
668 3419 736 3446 94⁰
766 3421 985 3475 iusticia]
1019 3423 1208 3464 iudicia.
1243 3427 1336 3465 1.2.
1453 3421 1486 3449 ¹¹
1518 3423 1714 3464 Ambros.
1738 3423 1945 3464 hexaem.
1968 3423 2005 3463 I.
2027 3421 2096 3465 31.
2121 3420 2210 3473 (ed.
2231 3420 2404 3461 Bened.
2434 3470 2436 3475 λ

250 3503 293 3542 p.
319 3488 404 3540 18.)
495 3487 528 3514 ¹²
561 3490 647 3530 Cic.
671 3490 726 3531 de
746 3491 800 3532 N.
823 3492 880 3531 D.
903 3493 988 3532 III.
1013 3491 1082 3533 30.
1163 3492 1198 3518 ¹⁵
1228 3494 1264 3536 Ι.
1288 3494 1404 3547 Reg.
1425 3495 1541 3545 22,7.
1565 3506 1663 3546 sqq.
1755 3492 1962 3547 Sapient.
1987 3491 2120 3540 16,14.
2152 3542 2157 3545 ᾖ
2210 3489 2245 3516 ¹⁶
2279 3490 2405 3531 ‘Sero
2429 3544 2441 3550 „

251 3560 437 3612 sapiunt
466 3558 702 3611 Phryges'.
740 3561 829 3600 Liv.
854 3562 1089 3603 Andronic.
1125 3576 1197 3616 ap.
1232 3564 1316 3606 Cic.
1347 3565 1463 3617 Epp.
1496 3565 1651 3605 famm.
1685 3564 1788 3607 VII.
1827 3562 1887 3604 [6.
1958 3562 1993 3588 ¹⁷
2022 3561 2241 3603 Proverb.
2262 3560 2406 3603 XVII.

254 3629 320 3669 15.
339 3629 453 3680 falso
475 3629 578 3669 IIII.
603 3631 693 3669 1.2.
809 3629 844 3655 ²¹
876 3631 1038 3672 Isidor.
1062 3633 1110 3672 in
1133 3632 1212 3673 Ca.
1234 3634 1312 3673 XI.
1338 3646 1410 3686 qu.
1434 3633 1474 3677 3.
1499 3648 1536 3675 c.
1562 3634 1656 3674 100.
1700 3634 1821 3685 „Qui
1861 3632 2172 3674 eonsententit
2208 3644 2405 3684 peccan-

253 3698 376 3738 tibus
408 3701 456 3744 et
486 3697 695 3738 defendit
727 3699 867 3739 alium
906 3701 1269 3755 delinquentem,
1314 3703 1589 3744 maledictus
1623 3704 1750 3745 e1·it’'.
1791 3709 1871 3746 etc.
1988 3700 2024 3727 ²³
2070 3704 2168 3743 Val.
2197 3702 2324 3742 Mam.
2347 3699 2406 3741 1¹¹.

257 3771 347 3809 ext.
371 3766 413 3808 3.
435 3768 463 3810 i.
488 3768 520 3811 f.
551 3769 731 3819 „Lento
765 3770 885 3810 enim
917 3771 1062 3823 gradu
1095 3771 1151 3811 ad
1181 3773 1436 3813 vindictam
1467 3775 1538 3813 sui
1577 3774 1734 3814 divina
1763 3772 1970 3826 procedit
1999 3773 2086 3824 ira,
2119 3771 2406 3812 tarditatem-

255 3852 341 3892 que
373 3837 589 3892 supplieii
621 3840 849 3893 gravitate
880 3843 1088 3893 pensat.'’
1147 3840 1181 3866 ³1
1213 3843 1383 3893 primos
1414 3855 1596 3894 semper
1618 3843 1776 3885 fuisse.
1798 3846 1840 3883 2.
1920 3843 2017 3884 Nec
2049 3839 2135 3894 est]
2174 3840 2246 3881 Cf.
2270 3853 2406 3894 supra

255 3922 361 3966 pag.
386 3907 480 3950 146.
504 3921 624 3950 vers.
649 3908 714 3950 10.
739 3922 834 3964 sqq.
944 3908 982 3935 34
1014 3910 1071 3950 ad
1102 3914 1216 3953 omis.
1239 3914 1280 3953 2.
