2456 4264
60 1005 140 1054 17.

60 1229 140 1281 18.

60 1902 141 1953 19.

57 2288 140 2339 20.

10 2924 16 2931 ’
60 2957 142 3009 21.

58 3341 140 3393 22.

59 3796 140 3849 23.

552 283 695 311 inm-:x
717 283 874 312 EORVM
898 282 999 317 QvAE
1024 283 1109 311 uoc
1132 282 1372 311 vonvaE
1399 282 1746 312 courmeu‘rvu.
2118 277 2227 317 XIX

2144 411 2227 453 Γᾶς,

202 473 414 520 Pluribus
461 488 594 535 quam
641 474 829 520 diversae
877 473 1090 533 regiones
1140 473 1436 534 civitatesque
1483 473 1760 520 diversarum
1810 488 1975 524 rerum,

201 545 366 607 quibus
404 547 591 592 maxime
629 546 880 595 abundant,
932 545 1109 605 copiam
1148 544 1339 597 habent,
1381 544 1604 592 salutibus
1643 547 1822 606 poetice
1860 560 1974 606 prae·

201 616 350 662 missis
366 639 382 667 ,-
418 623 470 663 ut
506 618 732 677 insignem
771 629 902 663 suum
941 629 1050 677 erga
1077 615 1311 662 Ortvinum
1350 631 1551 663 amorem
1591 616 1831 677 significet,
1874 618 1975 663 mit-

203 689 257 733 tit
297 689 400 734 huic
438 689 663 735 rosarium
701 687 905 734 mirabile
945 694 989 732 et
1038 687 1283 733 amuletum
1334 688 1548 734 adversus
1599 695 1862 750 serpentum
1899 702 1972 734 ve-

128 798 134 803 .
201 772 315 805 nena
352 759 632 812 antidotum,
688 759 810 822 quod
857 775 892 804 s.
933 758 1101 805 Paulus
1141 758 1249 805 olim
1287 759 1363 820 pio
1403 761 1576 821 hospiti
1617 761 1793 806 xenium
1833 760 1970 806 dedit.

199 830 449 877 Reuchlino
499 831 719 883 infausta,
768 831 917 877 fausta
966 830 1194 891 theologis
1243 845 1435 892 precans
1481 846 1661 878 causam
1710 831 1969 878 Hoclistrati

201 901 317 947 bene
353 908 475 949 stare
513 903 669 950 refert.

181 997 478 1050 Fredericus
514 999 686 1049 Glantz
727 998 931 1049 Ortvino
971 999 1154 1050 Gratio.
1302 998 1602 1049 Monasterii.
1691 1037 1701 1047 .
1779 1037 1789 1047 .
1870 1038 1879 1048 .
1959 1038 1968 1048 .
2008 1005 2105 1047 21⁴3.
2145 1006 2224 1046 ‘217

197 1073 257 1120 De
295 1075 391 1120 rixa
430 1089 510 1121 sua
548 1089 649 1120 cum
689 1074 883 1135 quodam
923 1081 1112 1121 cantore
1151 1075 1413 1120 cerevisiam
1452 1073 1492 1119 ei
1531 1072 1802 1135 propinasse
1842 1073 1974 1120 adfir-

199 1152 364 1191 mante.

180 1226 351 1281 Simon
389 1225 556 1277 Worst
592 1226 794 1277 Ortvino
833 1228 1018 1278 Gratio.
1167 1227 1456 1292 Antverpiae.
1511 1267 1520 1277 .
1600 1266 1611 1276 .
1691 1267 1700 1276 .
1779 1267 1789 1277 .
1868 1266 1878 1276 .
1957 1267 1966 1276 .
2009 1234 2105 1277 217.
2146 1235 2228 1276 218

197 1302 257 1348 De
280 1301 573 1365 Pepericorni
598 1303 868 1349 Defensione
895 1303 1228 1350 altercationes.
1284 1302 1414 1348 Illum
1443 1309 1676 1349 auctorem
1703 1316 1802 1348 esse
1829 1303 1973 1354 multi,

199 1380 252 1419 ut
287 1372 447 1420 Latine
484 1374 618 1436 plane
644 1374 904 1427 indoctum,
944 1380 1140 1435 negant,
1179 1372 1318 1426 male,
1359 1374 1465 1435 quia
1491 1374 1773 1420 Pfetl'erkorn
1802 1373 1976 1436 ubique.

199 1460 302 1506 quae
349 1445 567 1492 adnotatu
616 1446 754 1508 digna
805 1446 929 1493 audit
976 1449 1022 1493 in
1071 1445 1314 1508 pugillaria
1362 1445 1528 1498 refert,
1585 1447 1683 1507 ipse
1742 1460 1973 1493 sacrarum

199 1517 530 1579 scripturarum
569 1519 679 1564 satis
718 1532 903 1579 gnarus.
955 1525 1176 1580 praeterea
1217 1533 1241 1564 a
1280 1517 1372 1564 filio
1412 1517 1658 1565 Laurentio
1697 1518 1812 1563 mire
1849 1519 1974 1578 inge-

202 1588 334 1635 nioso
382 1587 670 1637 adulescente
716 1592 763 1636 in
802 1590 1128 1652 componendis
1165 1588 1333 1636 libellis
1369 1590 1676 1651 maximopere
1723 1590 1974 1636 adiuvatur.

199 1659 355 1722 ltaque
390 1654 669 1709 Reuchlinus
708 1661 754 1708 in
792 1668 1011 1708 aeternum
1049 1662 1317 1722 ingemiscat
1357 1661 1479 1722 quod
1504 1661 1709 1708 Manuale
1737 1660 1974 1723 speculum

197 1731 488 1794 Pepericorni
526 1748 630 1780 esse
667 1734 865 1794 negavit.
942 1733 1056 1780 Male
1082 1731 1408 1780 Reuchlinistis
1448 1747 1641 1795 precans
1667 1733 1974 1795 Pepericorno

202 1805 394 1865 eiusque
430 1806 560 1851 uxori
599 1819 700 1852 sese
739 1805 1026 1852 commendat
1065 1806 1279 1866 scriptor.

180 1899 440 1950 Cunradus
477 1900 829 1952 Unckebunck.
977 1901 1213 1951 Romanae
1252 1900 1365 1951 Cui
1353 1917 1427 1951 1ae
1520 1941 1529 1952 .
1609 1942 1618 1951 .
1787 1940 1797 1951 .
1877 1940 1887 1950 .
1965 1939 1975 1948 .
2147 1908 2231 1948 ἓν.)

197 1974 399 2022 Graviter
423 1977 631 2037 queritur
654 1983 865 2058 parentes
890 1976 977 2022 sibi
1002 1979 1153 2038 egenti
1174 1978 1355 2022 mittere
1378 1978 1615 2058 pecuniam
1636 1940 1820 2028 nullam,
1842 1977 1982 2037 petit-

198 2060 286 2107 que
312 2053 481 2108 praeter
516 2049 755 2108 pecuniam
782 2054 953 2095 cretam
980 2047 1065 2093 sibi
1093 2048 1212 2094 mitti
1239 2047 1294 2093 ad
1321 2047 1617 2108 syllogismos
1644 2047 1890 2098 faciendos,
1930 2053 1975 2093 et

196 2117 432 2179 corrigias.
493 2118 595 2180 lpse
621 2121 876 2166 veronicam
904 2126 1105 2166 sanctam
1143 2120 1263 2166 dono
1303 2119 1489 2165 mittens
1518 2118 1754 2165 Valentino
1794 2119 1846 2165 de
1874 2118 1976 2164 Gel-

201 2189 440 2244 tersheim‚
490 2191 677 2251 egregio
717 2205 802 2237 suo
844 2191 1071 2252 quondam
1110 2190 1283 2252 logices
1321 2191 1600 2252 professori,
1641 2190 1811 2237 salutes
1851 2191 1973 2236 dicit.

181 2284 507 2351 Marquardus
544 2286 819 2337 Fotzenhut
858 2286 1060 2336 Ortvino
1101 2288 1287 2338 Gratio.
1437 2288 1484 2336 in
1526 2286 1650 2337 urbe
1687 2287 1857 2337 Roma.
1957 2325 1966 2334 .
2008 2291 2105 2335 219.
2148 2296 2184 2311 ‘·

198 2359 458 2407 Hochstrati
495 2375 647 2408 causae
688 2361 819 2408 multi
846 2362 1098 2408 cardinales
1126 2363 1301 2412 favent,
1342 2361 1574 2423 praecipue
1603 2377 1638 2408 s.
1667 2362 1824 2408 Crucis
1853 2359 1974 2423 (Ber-

194 2431 411 2478 nardinus
435 2432 697 2493 CaravajaD.
737 2439 789 2480 ut
829 2433 937 2493 olim
976 2432 1102 2479 illum
1141 2441 1303 2480 contra
1340 2433 1525 2479 Petrum
1565 2433 1865 2480 Ravennatem
1906 2435 1975 2480 iu-

195 2500 414 2550 vit'idem
450 2504 648 2565 partium
673 2504 994 2551 Parisiensium
1034 2506 1283 2555 studiosus.
1358 2505 1582 2553 Praeterea
1620 2505 1757 2551 lautis
1784 2504 1976 2566 dapibus

197 2573 389 2622 curiales
427 2574 481 2622 ad
519 2589 568 2622 se
604 2575 757 2622 adlicit
795 2576 1112 2623 Hochstratus.
1187 2578 1247 2623 De
1295 2590 1481 2623 rumore
1519 2576 1822 2623 Hermannum
1858 2576 1976 2623 Nue-

198 2645 375 2692 narium
413 2647 680 2708 episcopum
719 2647 1035 2695 Coloniensem
1075 2648 1244 2696 sactum
1296 2662 1396 2695 esse
1434 2648 1634 2709 scriptor
1671 2648 1834 2695 salsum
1874 2662 1975 2694 esse

198 2723 366 2778 sperat,
404 2732 505 2765 cum
545 2717 622 2766 ille
660 2726 795 2780 poeta
833 2719 1081 2767 Reuchlino
1131 2727 1177 2766 et
1214 2721 1399 2767 Erasmo
1450 2719 1583 2766 etiam
1634 2721 1804 2782 optime
1854 2720 1975 2771 velit.

199 2787 517 2852 fluttenusque
554 2790 698 2836 eidem
737 2790 972 2838 Reuclilini
1020 2806 1199 2839 causam
1248 2793 1439 2838 maxime
1485 2792 1855 2839 commendantes
1901 2791 1975 2837 lit-

200 2866 319 2906 teras
357 2859 546 2908 dederit.

180 2954 424 3006 lohannes
461 2956 638 3008 Holcot
675 2958 878 3008 Ortvino
919 2959 1104 3010 Gratio.
1251 2959 1568 3025 Margburgk.
1965 2999 1974 3008 .

191 3029 308 3088 *Sero
347 3029 631 3079 Ortvinianas
669 3031 848 3081 litteras
887 3041 1062 3081 mutato
1102 3034 1328 3082 domicilio
1370 3049 1419 3082 se
1457 3033 1711 3096 accepisse,
1760 3049 1851 3080 non
1892 3048 1975 3096 per

198 3101 536 3164 neglegentiam
572 3119 694 3152 nunc
734 3105 911 3152 taudem
951 3106 1227 3168 respondere
1266 3106 1474 3154 adfirmat
1510 3113 1683 3157 auctor,
1723 3105 1974 3166 suadetque

197 3186 253 3219 ue
301 3172 481 3222 Gratius
518 3175 832 3223 Defensionem
879 3184 1038 3225 contra
1086 3178 1284 3225 famosas
1330 3178 1415 3225 sub
1451 3178 1742 3240 Pepericorni
1792 3179 1974 3223 nomine

198 3244 323 3297 edat,
365 3246 469 3308 quia
506 3246 782 3294 Reuchlinus
821 3262 873 3295 ex
911 3238 1017 3296 stilo
1059 3263 1213 3297 verum
1253 3256 1487 3297 auctorem
1526 3251 1799 3310 cogniturus
1839 3255 1922 3295 est

180 3339 389 3391 lodocus
427 3341 614 3409 Klynge
653 3344 856 3395 Ortvino
897 3347 1080 3398 Grati0.
1229 3346 1395 3397 Perlin
1435 3348 1482 3396 in
1523 3345 1754 3396 Marchia.
1870 3384 1881 3395 .
1959 3385 1970 3396 .
2011 3352 2154 3395 221...⁶

195 3415 456 3464 Sodalitatis
494 3432 594 3464 cum
633 3418 817 3466 Ortvino
857 3420 1104 3469 Daventriae
1143 3421 1307 3468 habitae
1345 3421 1629 3472 recordatur,
1669 3435 1771 3467 cum
1811 3422 1974 3481 pisces.

196 3501 311 3548 quos
348 3503 471 3535 amas
509 3491 602 3535 sive
627 3490 845 3551 Plotzgen
884 3494 1131 3548 nominant,
1170 3508 1193 3538 a
1234 3500 1362 3554 patre
1399 3493 1561 3539 allatos
1601 3507 1700 3538 cum
1730 3493 1816 3538 lioc
1854 3506 1975 3537 com-

197 3557 363 3605 ederet.
440 3560 634 3622 denique
681 3561 884 3608 dolorem
936 3577 1068 3609 suum
1117 3564 1237 3624 quod
1288 3579 1422 3611 causa
1471 3564 1810 3610 Coloniensium
1865 3571 1970 3624 post

198 3628 417 3677 librorum
458 3632 781 3680 liaereticalium
819 3634 1185 3682 combustionem
1225 3650 1392 3697 anceps
1431 3637 1628 3686 baereat,
1679 3635 1814 3681 bonis
1857 3636 1970 3681 votis

197 3700 358 3748 additis
397 3702 608 3750 declarat.

2149 2294 2171 2333 δυ

2178 2295 2200 2334 (ν

2203 2294 2231 2335 0

2148 2967 2171 3005 ἲν

2175 2968 2199 3006 {0

2211 2965 2224 3006 ..-

2147 3353 2169 3392 δυ

2175 3353 2215 3392 9³.

2216 3352 2228 3391 W

181 3795 474 3849 Bertholdus
514 3799 753 3850 Hackstro
793 3800 994 3851 Ortvino
1034 3804 1218 3854 Grat10.
1369 3806 1414 3853 in
1454 3804 1672 3853 Romana
1715 3803 1874 3853 Curia.
1954 3841 1962 3850 .
2005 3807 2100 3848 2233.
2142 3807 2224 3845 22⁴}

197 3871 284 3918 lam
322 3873 437 3918 duos
476 3888 654 3921 menses
695 3876 845 3923 Romae
886 3885 1089 3924 moratus
1128 3878 1182 3924 ad
1221 3878 1263 3923 id
1303 3893 1449 3939 usque
1499 3887 1676 3939 tempus
1727 3885 1967 3938 patronum

200 3944 396 3990 nondum
447 3960 494 3990 se
542 3948 765 3994 invenisse
815 3949 1047 4008 queritur:
1100 3963 1198 3996 nam
1239 3949 1412 3996 cuidam
1454 3949 1647 3995 auditori
1689 3955 1826 3998 rotie.
1867 3961 1966 3993 cum

1781 4026 1853 4069 B*
