2456 4264
214 278 299 318 xil
683 280 823 309 innux
843 278 998 307 nonu
1020 278 1120 313 (ἕνα)
1143 277 1231 304 uoc
1254 274 1491 305 VOLVMINE
1513 273 1851 302 conmnnnrvss.

2246 396 2333 440 Pag.

351 471 627 519 lineoiinnoda
665 470 858 516 advers-'e
897 467 1158 513 valetudinis
1187 464 1556 524 vexationumque
1582 468 1776 518 accusat,
1815 474 1926 520 quas
1952 474 2006 505 ex
2031 460 2126 504 suis
2187 475 2190 479 ’

348 551 501 590 cotnra
541 541 829 587 Renehlinum
868 537 1048 598 scriptis
1086 536 1282 595 undique
1321 534 1506 584 sentiat,
1555 532 1599 577 in
1643 532 1800 592 primis
1845 529 1901 575 ab
1947 530 2004 575 iis
2051 532 2128 590 qui

351 613 699 659 l’l'ell'erkornnm
737 609 1038 654 defensionem
1079 620 1161 651 suo
1200 605 1381 650 nomine
1419 604 1631 653 edidisse,
1682 615 1782 647 euin
1830 607 1930 647 ‘nos
1978 607 2126 646 tamen

349 684 511 743 scripta
551 682 694 726 onmia
734 678 993 727 seceriinus’,
1034 676 1264 721 mirentur.
1338 674 1514 724 Deinde,
1553 687 1653 719 eum
1690 670 1896 718 ancillam
1933 669 2127 726 Quente-

348 755 506 799 lianam
545 765 596 796 ex
622 751 804 796 Ortvino
843 753 1149 808 praegnantem
1188 759 1287 791 esse
1314 743 1570 795 audivisset,
1610 745 1742 790 huius
1768 742 1910 788 scorti
1933 742 2126 789 habendi

346 825 601 873 societatem
639 819 869 866 ineundam
907 818 1051 863 offert.

214 927 288 974 46.
331 921 408 981 (5.)
458 917 662 967 loannes
709 914 952 965 Currificis
997 911 1347 963 Ambachensis
1399 910 1597 959 Ortvino
1649 907 1830 960 Gratio.
2010 908 2124 958 Hei-

587 1003 599 1019 )
668 1000 754 1034 ¹'⁰2
873 1019 1319 1034 ......
1397 1019 1407 1029 ο
1484 1019 1494 1028 ο
1574 1019 1584 1028 0
1661 1018 1671 1028 0
1749 1017 1759 1027 ι
1837 1017 1848 1028 .
1925 1016 1936 1027 0
2014 1017 2025 1027 ο

346 985 775 1118 ΟιιοιιιοιΙΐιΙὲῑῖιιιΙῖἱε
813 1073 993 1119 operam
1029 1058 1104 1103 det
1140 1063 1185 1102 ct
1221 1056 1275 1101 de
1313 1054 1456 1101 doctis
1482 1054 1589 1099 viris
1615 1052 1921 1112 Heidelbergae
1949 1052 2125 1099 theolo-

346 1134 460 1192 giam
498 1131 774 1181 docentibus,
813 1131 855 1174 in
882 1130 1036 1190 primis
1061 1128 1114 1174 de
1140 1127 1399 1173 doctissimo
1428 1124 1618 1185 quodam
1643 1123 1954 1184 praedicatore,
1992 1138 2125 1184 quem

345 1202 707 1259 Quaeculatorem
747 1207 791 1245 et
828 1200 1032 1245 Ioannem
1073 1213 1171 1245 cum
1209 1197 1438 1242 destructo
1477 1197 1621 1255 eapite
1658 1200 1832 1246 vocant,
1871 1200 1918 1241 et
1953 1195 2008 1241 de
2034 1195 2125 1240 dis-

344 1272 494 1333 cipulo
533 1271 628 1317 eius
667 1277 989 1331 praeceptorem
1028 1270 1122 1316 sere
1160 1273 1427 1328 superante,
1478 1266 1551 1326 qui
1602 1267 1714 1310 mire
1762 1267 2041 1326 quaestiones
2078 1273 2124 1312 et

345 1344 617 1403 sophismata
655 1341 836 1402 exponit
872 1347 1006 1400 atquc
1053 1347 1204 1385 utrum
1256 1338 1364 1383 deus
1411 1337 1470 1382 sit
1507 1338 1552 1381 in
1589 1336 1948 1396 praedicamentis
1985 1343 2031 1382 et
2067 1337 2121 1382 de

345 1412 656 1459 rollationibus
695 1410 1004 1470 similibusque
1041 1410 1262 1470 disputat,
1303 1407 1509 1468 prosaice
1546 1413 1615 1458 et,
1663 1412 1714 1452 ut
1751 1405 1837 1453 sibi
1873 1407 1997 1453 visus
2036 1414 2121 1459 est,

344 1483 523 1529 metrice
572 1488 744 1528 narrat.
801 1487 958 1541 poetas
1001 1480 1401 1538 Heidelbergenses
1450 1475 1592 1523 multo
1643 1479 1790 1523 minus
1840 1491 1975 1538 quam
2025 1478 2138 1524 Οτι-ι

341 1556 501 1603 vinum,
539 1553 931 1611 studiosorumque
968 1566 1116 1597 mores
1155 1565 1204 1596 ac
1229 1550 1362 1595 vitam
1387 1548 1528 1594 multo
1555 1547 1704 1594 minus
1730 1562 1860 1609 quam
1888 1547 2123 1594 Colonien-

342 1626 454 1669 sium
494 1622 575 1668 sibi
624 1623 800 1683 plaeere
843 1621 1013 1668 scribit.
1085 1622 1279 1681 Denique
1315 1619 1558 1666 Arnoldum
1598 1620 1907 1679 Tungrensem
1944 1620 2124 1689 consul·

344 1694 426 1740 tari
465 1693 579 1743 vult,
619 1707 723 1739 num
760 1692 930 1738 licitum
969 1692 1028 1737 sit
1067 1692 1169 1738 talis
1206 1691 1259 1736 de
1297 1689 1584 1749 indulgentiis
1621 1689 1791 1736 ludere.

206 1797 285 1845 47.
322 1791 396 1852 (6.)
435 1787 747 1837 Wendelinus
783 1786 1145 1837 Pannitonsoris
1171 1787 1369 1836 Ortvino
1398 1786 1576 1835 Grati0.
1721 1802 1780 1836 ex
1818 1781 2110 1851 Strassherg.

339 1863 385 1908 ln
424 1869 654 1923 posterum
692 1861 1010 1907 taciturnitatis
1048 1861 1213 1906 crimen
1260 1873 1360 1905 sese
1406 1860 1675 1906 evitaturum
1712 1861 1986 1920 promittens
2023 1861 2122 1908 Ort·

340 1934 440 1978 vino
478 1939 528 1977 ut
553 1948 574 1978 a
603 1931 946 1992 praedicatorum
972 1931 1174 1991 partibus
1201 1933 1336 1976 stanti
1362 1930 1502 1976 refert
1526 1930 1821 1977 Wendelinus
1848 1931 1902 1977 de
1928 1933 2121 1993 quodam

339 2019 420 2049 suo
468 2003 669 2052 conviva,
719 2003 792 2061 qui
840 2003 951 2046 mire
986 2001 1141 2047 Latine
1186 2001 1382 2063 loquens!
1426 2001 1677 2061 catalogum
1724 2001 2122 2064 praevaricatorum

340 2075 362 2119 i.
391 2087 427 2117 e.
455 2073 793 2133 praedicatorum
832 2086 931 2117 sese
969 2071 1301 2132 publicaturum
1340 2086 1441 2117 esse
1476 2072 1611 2123 dixit,
1652 2071 1836 2134 quo'de
1862 2073 1994 2120 variis
2020 2074 2120 2120 illo-

338 2159 434 2189 rum
474 2143 596 2187 malis
635 2141 907 2188 facineribus
945 2149 1122 2202 ageret,
1162 2142 1216 2188 de
1252 2143 1463 2188 Bernensi
1502 2142 1697 2195 scelere,
1734 2143 1790 2190 de
1827 2144 2122 2206 praedicatore

338 2213 577 2273 Moguntiae
615 2227 695 2273 per
733 2213 818 2257 vim
857 2219 1063 2273 stuprum
1090 2213 1234 2259 faeere
1272 2219 1475 2264 conante,
1515 2213 1569 2259 de
1594 2215 1823 2261 monachis
1847 2208 2121 2276 Argentora-

340 2283 540 2329 [ensibus
585 2283 792 2328 mulieres
829 2298 911 2343 pro
949 2283 1178 2330 monachis
1216 2284 1332 2344 apud
1370 2299 1419 2330 se
1455 2283 1750 2338 habentibus;
1797 2293 1843 2331 et
1880 2300 1982 2333 cum
2008 2287 2119 2349 ipse

337 2355 408 2398 W.
446 2354 760 2413 praedicatores
803 2353 1083 2405 defenderet,
1130 2367 1184 2398 ne
1221 2362 1271 2400 ut
1311 2354 1530 2416 templarii
1568 2355 1906 2408 occiderentur,
1954 2356 2030 2402 ille
2066 2358 2121 2405 de

338 2423 559 2484 Wigando
597 2423 736 2475 Wirt‚
783 2423 1017 2470 Bernensis
1066 2425 1245 2470 sceleris
1291 2426 1437 2486 eapite
1476 2425 1752 2488 Wesaliique
1799 2427 2120 2476 calumniatore

339 2500 384 2540 et
409 2507 511 2539 vero
539 2493 620 2538 sub
645 2493 937 2539 Pseil'erkorni
962 2495 1139 2541 nomine
1167 2496 1272 2540 editi
1298 2496 1402 2542 libri
1427 2496 1750 2557 ‘Sturmyloclc’
1776 2505 1973 2551 auctore,
2012 2500 2120 2546 dura

339 2563 470 2609 verba
506 2563 747 2624 replicavit.
788 2579 875 2624 quo
914 2565 1028 2611 facto
1066 2565 1355 2612 Wendelinus
1392 2567 1535 2613 iratus
1574 2567 1696 2615 abiit.

204 2664 282 2714 48.
322 2658 397 2722 (7.)
436 2657 638 2708 lacobus
674 2659 733 2708 de
769 2657 1030 2723 Altaplatea
1070 2659 1266 2710 Ortvino
1305 2664 1484 2713 GratiO.
1627 2663 1812 2715 Romae.
2097 2707 2107 2718 .

339 2732 615 2778 Desiderimn
654 2733 970 2779 iucundissime
995 2733 1188 2782 Coloniae
1225 2743 1415 2796 peractae
1453 2737 1555 2785 vitae
1579 2734 1692 2785 'cum
1729 2739 2041 2801 desperatione
2067 2742 2120 2788 de

341 2803 459 2846 tristi
496 2817 588 2847 suae
628 2809 782 2848 contra
819 2803 1108 2850 Reuchlinum
1134 2820 1280 2852 causae
1306 2807 1570 2854 condicione
1595 2809 1792 2857 Romana
1818 2826 1991 2873 suaque
2016 2827 2118 2872 ege-

343 2878 456 2917 state
493 2878 537 2918 et
575 2871 899 2931 sollicitudine,
946 2888 1000 2920 ne
1038 2875 1141 2921 dum
1179 2878 1274 2937 ipse
1311 2877 1511 2930 abesset,
1563 2880 1757 2927 haereses
1803 2881 1848 2927 in
1887 2882 2118 2930 Germania

341 2948 593 2987 crescerent
640 2950 684 2987 et
719 2942 926 2989 Erasmus
972 2945 1241 3007 theologiam
1286 2956 1619 3010 corrumperet,
1666 2952 1957 3000 coniunctum
2003 2954 2118 3000 male

341 3013 510 3057 cruciat
547 3012 887 3065 llochstratum,
938 3016 1013 3074 qui
1060 3016 1105 3060 in
1153 3017 1586 3067 deambulationibus
1625 3035 1726 3068 cuin
1762 3023 1898 3070 Petro
1936 3024 2115 3086 Meyero

341 3096 422 3142 per
458 3096 659 3142 campum
697 3083 728 3128 F
733 3082 843 3128 lorae
881 3087 1109 3131 consuetis
1146 3090 1473 3136 curtisanorum
1511 3093 1791 3154 contemptui
1838 3101 1884 3140 et
1919 3095 2115 3142 ludibrio

342 3166 390 3197 se
428 3151 577 3197 haberi
616 3154 821 3212 queritur
857 3168 905 3199 ac
943 3155 995 3199 de
1033 3156 1292 3215 quibusdam
1319 3162 1572 3222 ‘epitaphiis
1596 3161 1886 3217 Hochstrati’,
1925 3181 2024 3227 quae
2050 3165 2116 3212 illi

343 3221 469 3281 quasi
506 3236 609 3267 casu
649 3223 913 3269 excidissent
949 3227 1248 3284 proiecerant,
1298 3231 1425 3290 quid,
1473 3247 1573 3278 cum
1610 3235 1709 3294 ipse
1746 3235 1891 3282 adhue
1926 3238 1971 3282 in
2008 3237 2116 3282 vivis

340 3298 474 3341 esset,
512 3306 561 3336 ea
599 3292 681 3337 sibi
707 3292 816 3338 velle
842 3300 983 3353 putet,
1022 3311 1074 3341 ex
1099 3298 1278 3345 Ortvino
1306 3304 1483 3360 quaerit.
1532 3305 1592 3349 De
1615 3304 1940 3354 Psell'erkornio
1967 3315 2118 3354 ‘mam-

343 3361 510 3407 maluca
548 3362 679 3407 sacto’
717 3377 941 3409 rumorem
978 3365 1274 3414 salsum'esse
1314 3379 1466 3431 sperat
1503 3376 1712 3436 scriptor.

207 3511 311 3577 [49.
341 3513 415 3573 (8.)
455 3510 655 3589 loannes
681 3511 956 3563 Tolletanus
980 3514 1220 3567 Richardo
1246 3520 1653 3576 Kalberstadensi.
1800 3544 1858 3578 ex
1895 3529 2113 3580 Braban-

536 3587 595 3629 tia
634 3597 676 3629 a.
705 3587 853 3637 1537.
1226 3629 1235 3639 .
1313 3630 1753 3649 ......
1831 3639 1841 3649 .
1918 3639 1928 3650 .

343 3653 544 3700 Narratio
584 3654 758 3701 sordida
796 3656 849 3701 de
886 3659 1102 3705 monacho
1129 3662 1198 3707 cui
1226 3672 1439 3717 scortum,
1480 3670 1599 3727 quod
1623 3685 1704 3731 per
1728 3652 1926 3719 triduum
1951 3675 1995 3720 in
2019 3690 2115 3722 1110-

344 3725 542 3770 nasterio
581 3725 695 3784 apud
734 3738 780 3770 se
818 3726 1053 3779 habuerat,
1102 3739 1262 3790 negata
1307 3737 1508 3782 mercede
1556 3742 1749 3788 tunicam
1797 3758 1897 3789 cum
1933 3745 2112 3793 cucullo

344 3792 554 3844 abstulit,
604 3809 704 3854 qum
754 3802 801 3840 ut
850 3796 932 3842 sibi
972 3800 1287 3847 restitueretur
1325 3804 1399 3850 ille
1436 3806 1603 3855 frustra
1640 3815 1951 3872 magistratum
1991 3816 2112 3863 adiit.

344 3865 382 3908 is
406 3870 560 3910 contra
587 3864 638 3909 ad
660 3865 976 3914 cohercendam
1001 3871 1317 3919 monachorum
1344 3875 1561 3923 luxuriam
1589 3895 1640 3926 ac
1665 3883 1942 3944 disciplinam
1967 3868 2129 3947 publi-⁷

2103 1018 2113 1028 .
2177 985 2335 1029 69...72

2174 1796 2334 1840 72...74

2171 2677 2328 2719 74...77

2092 3641 2102 3651 .
2165 3609 2325 3651 77...79
