2456 4264
373 280 671 312 nocnsnwn
691 279 937 310 AponomAE
960 280 1015 308 11.
1037 277 1328 308 INFORMATJO
1350 276 1411 306 An
1432 277 1697 308 LECTOREM.
1718 271 2046 308 m.AvG.A.1518.
2166 252 2288 312 437

121 418 245 464 licite
271 427 416 476 posse
452 415 661 462 vocitari.
734 413 800 460 Et
835 413 890 460 ob
915 414 966 459 id
986 423 1168 474 quoque
1193 411 1505 471 potissimum,
1537 412 1753 471 quoniam
1784 411 2010 458 ridiculus
2039 412 2115 458 ille
2148 407 2289 475 (quis-

121 490 223 549 qw's
255 485 424 548 fuerit)
459 485 594 532 homo
625 487 674 531 in
706 486 834 532 calce
869 485 1208 532 cavillationum
1245 495 1440 529 suarum
1462 484 1531 528 sic
1562 495 1698 528 suam
1734 483 1927 530 absolvit
1963 483 2289 544 defensionem,

122 560 266 616 Ἥρα,
315 560 380 604 mi
414 556 674 617 Stephane,
725 559 820 603 sint
855 557 987 617 apud
1033 560 1099 613 te,
1146 568 1206 601 ne
1238 553 1370 614 forte
1415 554 1558 601 bonus
1593 555 1670 600 ille
1702 554 1862 614 frater
1894 555 2053 616 faciat
2079 555 2291 615 fortasse

122 643 260 677 novos
293 629 519 676 articulos
555 633 724 675 contra
759 626 881 684 hec'.
955 626 1054 683 Que
1088 627 1271 687 quidem
1299 625 1439 672 verba
1470 626 1676 672 studiose
1706 639 1858 686 nuper
1882 639 2140 688 suppressa
2164 631 2287 683 sunt,

85 718 107 750 5
126 713 234 758 non,
270 704 327 747 ut
361 712 443 761 eqo
480 701 747 761 deciperer,
783 701 865 761 qui
895 703 1005 746 ante
1040 699 1156 746 duos
1192 710 1341 743 annos
1379 693 1447 760 (ut
1481 710 1632 763 supra
1670 694 1784 760 divi)
1822 697 1907 754 hec
1947 700 2100 745 omnia
2139 698 2290 751 Rome

114 773 359 834 publicata
393 773 595 832 leqeram
609 809 620 829 ,
659 785 818 819 verum
853 775 906 818 ut
939 771 1171 830 simplices
1201 774 1249 816 et
1282 768 1389 815 boni
1415 768 1597 829 fucatis
1628 769 1898 829 quibusdam
1936 770 2074 817 rebus
2106 783 2163 816 ac
2198 771 2287 817 vel·

122 845 196 890 uti
227 845 360 892 novis
388 844 810 904 defraudarentur.
884 842 938 889 Si
969 854 1077 888 vero
1116 841 1382 889 adversarii
1412 842 1570 886 nostri
1605 844 1690 886 aut
1720 840 1902 887 illorum
1940 843 2183 902 complices
2216 843 2286 888 di-

121 928 230 962 cere
266 915 457 972 vellent,
492 917 719 976 predicta
764 917 812 961 in
854 918 1111 961 monstroso
1145 913 1463 967 Reuchliniste
1509 912 1655 958 libello
1691 911 1840 967 Rome
1875 912 2078 959 exhibito
2108 914 2289 959 minime

122 987 377 1044 contineri,
423 987 686 1048 referemus
720 986 962 1047 confestim
1000 997 1085 1031 nos
1130 986 1197 1031 ad
1232 983 1430 1030 libellum
1470 996 1562 1041 pro
1605 986 1751 1042 parte
1787 995 1946 1030 eorum
1979 984 2286 1031 Reverendis-

0 1056 4 1118 ζ
68 1070 109 1106 10
124 1062 240 1105 simo
275 1059 455 1105 domino
495 1057 738 1105 Cardinali
776 1062 888 1104 tunc
930 1058 1154 1115 temporis
1201 1055 1420 1102 oblatum.
1501 1052 1537 1099 0
1577 1055 1830 1113 ylariosum
1880 1057 2024 1115 iqitur
2072 1056 2285 1116 defenso-

0 1134 4 1191 3
121 1143 247 1188 rm,
287 1131 369 1190 qui
406 1143 510 1176 cum
553 1130 852 1176 obscurorum
901 1131 1105 1176 virorum
1137 1128 1221 1174 deo
1264 1128 1311 1173 in
1347 1127 1488 1171 antro
1525 1125 1845 1179 maledicentie
1881 1127 2033 1172 abdito
2073 1128 2288 1173 latitante

122 1203 379 1262 incoquitus
420 1202 610 1248 delitere
644 1205 867 1261 exoptat,
915 1212 1048 1261 quem
1085 1202 1217 1245 certe
1253 1198 1308 1244 ob
1341 1198 1392 1242 id
1422 1198 1576 1256 ipsum
1612 1209 1676 1242 ex
1716 1196 1925 1243 Obscura
1963 1198 2283 1245 reuchlinista-

0 1320 3 1334 ,
121 1287 230 1320 rum
261 1272 454 1320 cohorte
481 1285 605 1330 esse,
647 1274 888 1333 suspicari
929 1285 1021 1317 non
1063 1270 1147 1315 abs
1183 1282 1237 1316 re
1280 1268 1447 1315 licebit.
1524 1267 1561 1314 0
1604 1269 1853 1328 qloriosam
1888 1271 2023 1316 etiam
2058 1270 2286 1330 defensio-

0 1343 4 1384 ’ί
121 1357 249 1403 nent,
293 1346 373 1391 cui
406 1349 576 1391 auctor
621 1346 722 1405 ipse
765 1357 858 1390 non
889 1344 1009 1390 satis
1039 1342 1253 1401 confidit,
1303 1341 1549 1400 quinimmo
1586 1344 1800 1399 veretur,
1835 1339 1903 1387 'ne
1935 1340 2170 1397 heresium
2205 1340 2288 1388 In-

69 1425 109 1459 15
123 1417 320 1476 quisitor
346 1415 625 1472 hereticales
660 1415 768 1461 inde
801 1416 988 1476 colliqat
1017 1413 1254 1460 articulos.
1335 1410 1371 1475 O
1414 1412 1596 1471 felicem
1637 1407 1832 1473 quoque
1856 1413 2160 1474 Capnionem,
2208 1415 2288 1473 qui

122 1487 344 1534 eiusmodi
374 1489 572 1534 sortitus
603 1491 675 1533 est
712 1486 1026 1547 defensorem,
1064 1486 1146 1546 qui
1175 1480 1243 1548 (ut
1277 1484 1448 1544 reliqui
1479 1484 1666 1530 obscuri
1700 1480 1870 1548 omnes)
1907 1484 2200 1546 semetipsum
2230 1485 2286 1530 de

0 1565 7 1620 [
110 1559 406 1620 periculosi&
426 1562 694 1618 suspectum
742 1558 882 1605 habet
922 1558 1149 1604 articulis.
1223 1556 1447 1603 Attamen
1488 1555 1698 1602 nonnihil
1740 1557 1781 1602 is
1817 1557 2038 1618 defensor
2071 1571 2135 1603 ea:
2166 1570 2282 1617 pro·

111 1631 302 1692 phetico
337 1635 579 1678 assecutus
616 1634 689 1677 est
720 1632 918 1692 spiritu,
962 1631 1069 1677 dum
1117 1627 1205 1675 sibi
1233 1628 1356 1690 quod
1390 1628 1641 1674 verebatur
1679 1629 1901 1674 accidisse
1936 1631 2126 1691 quisque
2161 1631 2281 1676 visu·

117 1716 203 1750 rus
238 1706 326 1760 est,
363 1706 412 1749 et
434 1704 543 1764 quia
566 1702 655 1749 hoc
677 1703 887 1749 nonnulli
908 1702 1359 1758 animadverterunt,
1397 1701 1655 1746 clausulam
1687 1701 1812 1746 illam
1842 1702 2032 1760 finalem
2068 1702 2282 1748 omissam

65 1783 108 1819 20
124 1776 400 1821 coniicimus.
474 1774 706 1832 Ceterum,
744 1775 1037 1835 disciplinate
1061 1774 1223 1830 lector,
1257 1773 1415 1819 videre
1438 1772 1553 1817 mihi
1577 1772 1734 1818 videor
1757 1774 2001 1819 nonnullos
2024 1772 2132 1819 huic
2155 1773 2291 1833 operi

116 1847 451 1903 insultaturos,
484 1839 808 1913 forsitanssque
841 1859 924 1893 suo
953 1846 1271 1892 calumniandi
1295 1857 1423 1891 more
1459 1845 1682 1901 dicturos,
1716 1846 1894 1904 stylum
1930 1845 2067 1891 huius
2100 1846 2255 1905 operis
2279 1838 2345 1891 (a
2356 1838 2394 1893 6)

115 1919 345 1965 illatinum
379 1930 503 1975 esse,
551 1921 714 1978 utpote
747 1918 941 1964 hominis
981 1917 1361 1973 illitteratissimi,
1408 1920 1462 1962 ut
1503 1928 1658 1975 nuper
1701 1917 1961 1963 audaculus
2007 1917 2192 1977 quidam
2230 1918 2277 1961 in

115 2003 207 2047 sua
241 1989 308 2036 ad
336 2001 616 2050 generosum
660 1991 868 2036 comitem
916 1990 1110 2050 epistola
1157 2003 1187 2033 a
1227 2000 1278 2034 se
1318 1987 1563 2048 publicata
1603 1987 1772 2048 facere
1818 1991 1890 2034 est
1925 2000 2084 2034 ausuS.
2164 1987 2284 2045 Quid

115 2063 208 2122 ipsi
240 2061 307 2108 ad
337 2060 425 2108 hoc
457 2062 684 2108 dicimus?
730 2061 858 2109 Adeo
900 2064 1089 2122 inquam
1127 2061 1375 2106 multorum
1415 2063 1646 2119 proterva
1678 2060 1941 2119 phantasia
1976 2062 2069 2106 sive
2105 2061 2280 2116 cecitas

61 2142 103 2175 25
118 2137 190 2179 est
228 2136 502 2195 tantamque
538 2133 971 2192 nauseamhabent
1003 2135 1052 2179 in
1090 2132 1264 2180 Christi
1295 2130 1416 2188 cibo,
1456 2135 1511 2176 ut
1543 2130 1921 2191 fecundissimam
1957 2145 2048 2178 non
2086 2132 2277 2193 diqnen-

117 2209 199 2251 tur
235 2207 486 2266 percipere
527 2207 774 2251 veritatem
817 2207 911 2252 nisi
953 2204 1254 2252 Ciceroniano
1298 2203 1542 2250 verborum
1588 2204 1741 2249 nitore
1787 2204 2029 2250 tradatur.
2105 2202 2278 2261 Quibus

114 2279 245 2323 certe
275 2279 399 2323 satis
433 2289 708 2338 responsum
753 2280 869 2335 erit,
911 2278 956 2323 si
997 2276 1185 2324 verbum
1233 2276 1346 2322 illud
1391 2274 1590 2335 apostoli
1622 2289 1718 2335 pro
1765 2276 1894 2321 nobis
1942 2276 2276 2336 sumpserimus

115 2349 308 2411 di‘centis
345 2349 472 2395 ‘Etsi
501 2361 716 2395 sermone
744 2350 991 2409 imperitus
1017 2361 1141 2405 sum,
1179 2361 1272 2394 non
1305 2351 1454 2403 tamen
1482 2348 1710 2394 scientia'.
1782 2347 1850 2392 Et
1884 2349 1975 2394 alio
2009 2348 2107 2394 loco
2138 2347 2149 2369 ‘
2165 2347 2280 2393 Veni

114 2433 208 2467 non
231 2421 281 2466 in
309 2419 586 2467 sublimitate
615 2420 873 2468 sermonis’.
946 2421 1014 2466 Et
1041 2422 1235 2479 iterum,
1276 2419 1542 2480 ‘Loquimur
1575 2432 1667 2465 non
1703 2420 1750 2464 in
1786 2419 1931 2466 doctis
1962 2419 2164 2474 humane
2196 2433 2273 2464 sa-

58 2493 290 2552 wpientie
323 2491 495 2550 verbis,
539 2493 626 2539 sed
661 2494 708 2538 in
748 2493 965 2540 doctrina
1000 2493 1225 2552 spiritus‘.
1309 2491 1512 2537 Veritati
1544 2492 1662 2536 enim
1696 2486 1849 2553 (quam
1885 2492 2275 2550 spiritussanctus

112 2563 240 2611 nobis
272 2559 532 2628 eoepressit)
572 2569 617 2610 et
646 2566 900 2626 scripturis
934 2566 1109 2622 sacris,
1146 2577 1238 2610 non
1263 2562 1505 2609 verborum
1534 2575 1708 2623 pompe
1729 2564 2023 2611 intendimus,
2082 2563 2146 2609 Et
2173 2566 2275 2624 qui-

113 2635 216 2682 dem
247 2638 474 2683 sermonis
508 2637 633 2683 nitor
661 2637 837 2683 nullum
872 2636 960 2683 sibi
990 2638 1038 2682 in
1073 2636 1158 2681 hoc
1192 2647 1334 2695 opere
1369 2635 1517 2680 locum
1552 2635 1798 2681 vendicare
1830 2636 2011 2695 potuit,
2049 2647 2151 2680 cum
2176 2636 2276 2694 ipse

112 2711 364 2754 contextus
385 2707 470 2755 sub
495 2710 711 2769 propriis
745 2708 894 2756 verbis
916 2709 1323 2768 interloquentium
1358 2707 1408 2753 id
1440 2720 1533 2753 non
1568 2710 1800 2767 expectet.
1874 2707 1936 2753 In
1958 2708 2132 2767 primis
2155 2708 2271 2752 enim

111 2781 267 2826 nostri
300 2780 507 2826 instituti
535 2784 632 2837 est,
678 2780 744 2826 ad
787 2781 1053 2827 evadendas
1088 2780 1401 2839 captiosorum
1440 2779 1842 2839 malivolorumque
1875 2778 2107 2825 hominum
2143 2779 2271 2824 calu⁴

0 2863 1 2866 ¹
55 2857 98 2892 3⁵
114 2852 277 2908 mnias,
310 2852 512 2912 propria
537 2851 783 2913 Capnionis
805 2852 944 2899 verba
976 2853 1173 2911 fideliter
1206 2852 1482 2911 premittere
1518 2854 1564 2897 et
1600 2850 1684 2897 sub
1713 2863 1769 2896 ea
1798 2852 1945 2897 solum
1982 2852 2271 2910 interpreta-

113 2925 255 2979 tione,
292 2936 383 2983 que
417 2935 513 2983 per
543 2922 804 2970 Martinam
838 2924 1146 2985 Groninqum,
1185 2922 1411 2969 hominem
1452 2923 1624 2983 alioqui
1657 2923 1920 2978 literatum,
1965 2922 2051 2968 sed
2083 2924 2275 2968 ornatui

111 3007 203 3040 non
237 2995 538 3051 insistentem,
574 2996 695 3055 stylo
732 2996 933 3056 simplici
954 2996 1116 3056 Rome,
1156 2999 1203 3041 et
1230 3008 1323 3055 pro
1344 2998 1494 3056 parte
1525 2994 1725 3040 adversa
1762 2994 2040 3040 iudicialiter
2077 2998 2145 3040 est
2182 3006 2267 3040 ex-

110 3066 267 3112 hibita.
341 3065 473 3112 Idem
499 3079 676 3127 quoque
699 3067 756 3113 de
778 3067 927 3114 verbis
954 3067 1090 3115 huius
1126 3066 1386 3128 defensoris
1414 3066 1542 3112 nobis
1573 3067 1815 3126 aqendum,
1850 3068 1979 3113 cuius
2014 3067 2152 3111 etiam
2177 3067 2269 3111 elo-

111 3139 265 3198 quium
294 3138 416 3197 stylo
452 3138 650 3184 alterius
685 3139 815 3199 lonqe
843 3139 1042 3199 inferius
1080 3142 1164 3186 est.
1240 3138 1350 3184 Hac
1397 3151 1506 3199 erqo
1557 3139 1740 3184 ratione
1776 3152 1869 3184 non
1918 3141 2025 3183 erat
2060 3137 2187 3184 nobis
2223 3139 2269 3182 in

56 3209 200 3255 whoc
236 3221 379 3269 opere
414 3211 609 3255 ornatui
636 3211 931 3268 studendum,
973 3213 1056 3273 qui
1089 3212 1259 3272 optime
1294 3211 1514 3257 callemus
1554 3211 1783 3269 scriptum
1815 3222 1927 3267 esse,
1963 3223 2055 3255 non
2088 3211 2136 3255 in
2163 3209 2270 3255 bove

109 3281 248 3326 simul
280 3284 327 3326 et
363 3281 494 3327 asino
526 3283 784 3340 arandum,
822 3295 909 3329 nec
942 3284 1222 3330 induendum
1261 3284 1523 3342 quempiam
1557 3283 1848 3338 vestimento,
1901 3282 2025 3342 quod
2059 3294 2122 3327 ex
2158 3281 2268 3326 lana

109 3355 157 3398 et
192 3352 283 3398 lino
320 3355 595 3399 contextum
628 3354 708 3401 sit.
785 3354 838 3401 Si
872 3358 1026 3401 tamen
1063 3349 1379 3410 Reuchliniste
1412 3355 1499 3413 illi,
1545 3354 1602 3399 de
1633 3351 1796 3412 quibus
1828 3354 1987 3399 statim
2022 3354 2070 3399 in
2098 3365 2270 3413 qenere

6 3430 9 3453 ¹
108 3423 254 3470 locuti
284 3435 465 3480 sumus,
512 3423 715 3471 homines
747 3424 961 3486 fortasse
996 3427 1235 3486 perversi,
1290 3426 1354 3471 ad
1387 3427 1462 3471 sui
1500 3424 1749 3485 Capnionis
1781 3424 1993 3485 favorem
2036 3424 2188 3471 invehi
2220 3426 2267 3469 in

108 3506 196 3541 nos
226 3495 483 3553 voluerint,
530 3501 575 3542 et
615 3498 814 3557 indignis
851 3510 936 3543 nos
966 3498 1250 3545 contumeliis
1279 3497 1606 3557 proscindere,
1654 3496 1952 3558 coqitabimus
1980 3501 2133 3553 certe,
2183 3508 2266 3541 nos

53 3571 205 3613 ⁴5non
238 3577 339 3612 esse
370 3567 584 3614 meliores
611 3570 857 3628 apostolis,
897 3571 978 3628 qui
1004 3569 1133 3616 ibant
1166 3569 1422 3629 gaudentes
1459 3583 1489 3613 a
1525 3573 1776 3629 conspectu
1812 3569 2014 3626 concilii,
2049 3568 2264 3628 quoniam

26 3650 30 3655 ’
108 3637 235 3699 diyni
266 3642 406 3685 erant
439 3638 583 3685 habiti
610 3654 701 3700 pro
736 3642 916 3687 nomine
952 3640 1061 3688 Iesu
1100 3636 1245 3704 (cuius
1275 3640 1361 3686 hoc
1395 3643 1628 3701 neqocium
1666 3644 1735 3686 est
1771 3641 1897 3701 quod
1929 3635 2119 3702 aqimus)
2154 3653 2259 3684 con-

110 3709 342 3756 tumeliam
370 3712 485 3770 pati
514 3715 604 3759 etc.
680 3710 851 3768 Quales
884 3714 1003 3759 enim
1032 3714 1099 3759 illi
1128 3715 1249 3765 sint,
1287 3714 1377 3760 viri
1409 3712 1513 3758 boni
1547 3717 1593 3759 et
1629 3714 1865 3773 sapientes
1901 3726 1992 3757 non
2028 3714 2261 3771 iqnorant.

109 3779 282 3828 Rident
317 3794 624 3843 sepenumero
655 3785 788 3831 multi
829 3799 986 3831 coram
1032 3786 1159 3841 aliie,
1212 3786 1506 3844 turpissimas
1542 3785 1974 3832 Reuchlinistarum
2012 3783 2260 3829 invectivas

219 3934 256 3962 ²²
288 3935 485 3992 quidam]
518 3938 763 3980 IIuttenus.
786 3938 846 3981 cf.
868 3951 971 3992 opp.
993 3932 1083 3981 vol.
1104 3939 1141 3983 Ι.
1167 3936 1259 3981 164.
1280 3952 1399 3981 vers.
1422 3939 1493 3980 28.
1581 3937 1618 3965 ⁴⁰
1650 3941 1696 3980 in
1725 3942 1787 3979 siv
1819 3942 1855 3980 1.
