2456 4264
494 307 664 336 BVCERI
685 306 746 335 AD
767 307 954 336 BEATVM
975 306 1228 337 BHENANVM
1249 306 1476 335 EPISTOLA
1497 308 1542 335 D.
1564 308 1608 335 D.
1633 302 1687 336 15.
1711 306 1806 337 IAN.
1831 302 1929 335 1520-
2160 281 2282 338 445

137 453 208 488 v1.
233 440 334 486 Maii
356 439 695 486 Francofordiae
732 440 890 486 indixit
923 439 1136 486 futuram.
1211 439 1404 486 Octavus
1440 440 1574 486 hodie
1611 441 1707 487 dies
1745 447 1815 486 est
1851 454 1940 502 quo
1978 440 2056 486 isti
2091 438 2196 486 hinc
2232 439 2287 485 ad

135 511 407 573 Capnionem
428 509 692 571 ingolstadii
718 517 926 572 agentem
951 511 1117 564 abiere,
1145 524 1295 572 spero,
1321 516 1374 556 ut
1400 518 1469 557 est
1494 512 1654 558 eximia
1678 511 1893 559 facilitate
1918 526 1969 558 ac
1994 509 2179 557 mirifica
2203 509 2288 556 hu-

133 581 350 630 manitate
373 581 593 644 Capnion,
631 590 799 645 optatae
823 582 948 645 pacis
973 583 1132 630 nuntio
1159 582 1215 629 ad
1239 596 1324 629 nos
1348 585 1590 629 reversuri.
1627 583 1737 631 illud
1762 589 1962 645 captans,
1998 584 2064 629 uti
2090 582 2286 629 vicissim

132 668 226 700 non
251 653 424 706 turbas,
461 668 555 701 non
578 652 683 700 lites
709 661 775 706 tu,
802 654 881 701 sed
906 655 961 701 de
986 653 1135 701 literis
1174 669 1227 702 ac
1262 654 1457 701 literatis
1494 653 1644 716 aliqua
1681 654 1919 702 rescribas.
1992 653 2048 700 Ut
2073 667 2170 700 mea
2196 653 2286 699 fert

102 736 123 769 5
139 725 311 787 opinio,
337 725 458 771 haud
481 739 532 771 03
558 725 691 787 inops
718 726 813 777 otii,
842 727 1082 772 etiamnum
1111 739 1249 787 agens
1273 726 1319 771 in
1343 725 1505 777 Patria,
1539 732 1942 788 quantumcunque
1966 727 2011 771 in
2039 739 2195 772 eorum
2223 724 2285 770 sis

131 795 234 843 albo
259 796 340 858 qui
363 811 593 859 nunquam
619 798 816 843 existunt
841 796 1173 857 negotiosiores
1199 811 1331 858 quam
1358 797 1463 843 dum
1490 799 1583 843 otio
1610 797 1838 843 fruuntur.
1901 797 2144 843 Nobiscum
2169 810 2286 858 prae-

129 873 203 914 ter
223 866 499 916 Lutheriana
522 868 716 930 paucula
741 868 944 930 quaedam
969 882 1110 930 eaque
1136 883 1245 916 casu
1270 868 1428 920 allata,
1454 870 1500 914 in
1525 868 1671 914 literis
1699 868 1810 914 nihil
1836 869 1939 914 novi
1965 867 2172 914 habetur.
2229 871 2286 913 At

130 939 227 986 haec
250 945 341 986 tam
366 940 543 987 erudita
567 946 749 1002 tamque
773 939 1022 987 christiana
1045 939 1255 986 libertate
1279 940 1597 991 annuntianda,
1635 952 1718 986 nec
1742 939 1935 986 iucunda
1959 941 2109 984 minus
2134 939 2287 984 viden-

131 1017 219 1067 tur,
255 1017 309 1057 ut
332 1010 445 1057 nihil
471 1025 602 1074 aeque
635 1012 771 1058 etiam
808 1018 944 1072 atque
969 1024 1051 1072 per
1076 1010 1218 1057 multa
1242 1009 1619 1072 exemplariorum
1645 1009 1782 1056 millia
1808 1010 1885 1056 illa
1910 1025 2044 1072 quam
2068 1010 2285 1056 latissime

77 1093 116 1126 10
131 1081 347 1144 dispergi.
421 1083 564 1131 Tanta
600 1083 695 1129 veri
731 1082 987 1144 illibatique
1012 1081 1334 1128 christianismi
1361 1086 1407 1128 et
1433 1081 1694 1141 dogmatum
1721 1087 1766 1127 et
1791 1088 2126 1143 praeceptorum
2153 1081 2286 1127 uber-

127 1159 220 1201 tate
258 1160 447 1207 scatent,
485 1168 569 1202 nec
605 1153 704 1201 fleri
742 1160 897 1216 potest
932 1160 985 1200 ut
1021 1166 1179 1202 eorum
1215 1153 1410 1207 lectione
1448 1167 1540 1199 non
1577 1152 1720 1199 multo
1746 1152 1946 1214 plurimi,
1984 1152 2184 1205 fastidita
2209 1153 2286 1199 illa

125 1231 278 1271 vetere
313 1225 474 1278 saliva,
526 1227 745 1272 sinceram
791 1223 1069 1285 theologiam
1113 1232 1366 1286 puramque
1402 1223 1571 1285 Christi
1607 1224 1858 1270 doctrinam
1897 1225 1987 1270 sint
2024 1223 2285 1285 amplexuri,

126 1297 306 1360 quando
343 1303 509 1344 caetera
542 1297 740 1343 hominis
775 1296 910 1342 istius
947 1296 1058 1344 adeo
1096 1310 1188 1342 non
1225 1295 1595 1342 contemnendam
1632 1296 1678 1341 in
1715 1295 1872 1341 multis
1898 1295 2074 1356 frugem
2101 1308 2288 1357 pepere-

125 1371 232 1415 rint.
303 1368 395 1416 Nec
439 1368 598 1416 adduci
643 1373 808 1429 potero
854 1373 906 1413 ut
952 1367 1130 1414 credam
1179 1381 1271 1413 non
1307 1367 1655 1428 praesentissimi
1695 1383 1748 1414 .s.
1789 1366 1987 1428 Spiritus
2027 1381 2165 1428 opera
2200 1367 2287 1413 hoc

0 1451 6 1498 1
70 1452 110 1485 15
126 1440 363 1501 negotium
398 1441 496 1501 agi,
537 1446 627 1486 tam
663 1439 741 1486 diu
777 1440 989 1494 nimirum
1027 1438 1149 1485 salvo
1175 1438 1396 1498 Luthero,
1433 1438 1660 1500 salvisque
1697 1438 1843 1500 ipsius
1881 1438 2117 1498 dogmatis.
2178 1436 2286 1484 Nam

0 1503 3 1507 ’
124 1525 178 1558 03
213 1511 374 1558 Εο01113
411 1517 548 1573 atque
585 1510 661 1558 alii
699 1509 898 1558 edentuli
937 1510 1150 1557 arrodere
1187 1510 1392 1572 quidem,
1438 1509 1575 1572 idque
1613 1511 1745 1556 dente
1783 1510 2002 1556 theonino
2043 1523 2175 1570 quem
2214 1525 2287 1556 so-

125 1583 219 1630 lum
255 1583 444 1638 habent,
483 1582 636 1629 conati
673 1589 802 1634 sunt,
840 1588 887 1628 at
923 1581 1047 1628 nulla
1084 1581 1203 1628 facta
1239 1581 1561 1644 impressione,
1601 1581 1723 1628 velut
1761 1588 1956 1628 mentem
1980 1581 2169 1632 Domini,
2209 1582 2287 1642 qui

124 1669 218 1702 non
252 1653 631 1706 commovebitur,
670 1653 815 1701 adhuc
853 1655 1104 1700 consistere
1140 1653 1262 1715 ipsa,
1301 1654 1560 1715 maioreque
1598 1655 1684 1700 iam
1721 1655 1947 1700 rationum
1984 1653 2150 1699 robore
2187 1667 2288 1699 esse

125 1725 307 1779 fulcita,
339 1726 454 1774 ‘licet
488 1725 683 1778 doleant,
722 1724 997 1772 confitentur
1033 1731 1183 1772 tamen
1222 1725 1356 1772 etiam
1394 1725 1498 1787 ipsi.
1571 1725 1695 1771 Inter
1731 1725 1829 1772 haec
1866 1725 2214 1771 commentarius
2242 1726 2287 1770 in

68 1797 376 1860 zoEpistolam
413 1798 459 1844 1).
498 1796 626 1845 Pauli
663 1797 718 1843 ad
755 1796 931 1844 Galatas
971 1796 1079 1843 adeo
1119 1797 1228 1843 mihi
1265 1797 1443 1849 adrisit,
1495 1803 1582 1844 tam
1630 1797 1752 1843 visus
1791 1803 1860 1843 est
1896 1803 2069 1858 praeter
2105 1810 2287 1843 accura-

124 1869 344 1917 tissimam
378 1868 576 1918 Paulinae
619 1868 856 1931 sapientiae
904 1868 1248 1930 explicationem
1296 1868 1606 1915 saluberrimis
1654 1868 2040 1930 praeceptionibus
2090 1868 2287 1914 refertus

122 1949 177 1989 ut
212 1955 481 2003 quamquam
517 1955 658 1987 unum
698 1947 870 1988 tantum
907 1939 1119 1992 habeam,
1158 1953 1351 2001 eumque
1389 1939 1444 1987 ab
1482 1940 1624 1987 amico
1665 1941 1878 2002 quopiam
1915 1940 1961 1986 in
1999 1954 2168 2001 paucos
2192 1939 2286 1985 dies

123 2013 455 2064 concreditum,
507 2012 726 2059 voluerim
774 2010 1068 2058 nihilominus
1106 2010 1235 2058 vohis
1273 2025 1375 2058 eum
1411 2013 1592 2058 mittere
1629 2026 1792 2073 meque
1830 2013 1926 2058 eius
1962 2011 2159 2058 lectione
2206 2025 2289 2073 per

125 2084 345 2148 temporis
381 2083 713 2146 aliquantulum
750 2083 983 2135 fraudare,
1033 2098 1122 2145 quo
1161 2082 1370 2145 pluribus
1407 2083 1619 2145 deinceps
1657 2083 1753 2130 eius
1791 2083 1924 2146 copia
1961 2082 2104 2129 fieret.
2178 2082 2287 2129 Nam

66 2169 403 2220 2511133110ροῐο
438 2163 486 2203 te
521 2169 660 2217 rogo,
708 2156 747 2203 si
794 2169 896 2202 eum
933 2153 1086 2201 nullus
1125 2153 1238 2201 alius
1285 2154 1537 2216 imprimat,
1583 2155 1799 2202 Lazarum
1846 2162 2055 2201 nostrum
2101 2154 2287 2201 inducas

124 2230 220 2276 31113
255 2230 377 2291 typis
412 2227 713 2289 vulgatiorem
750 2227 901 2274 130010
937 2228 1087 2289 ipsum
1124 2226 1368 2288 dignetur,
1408 2229 1571 2273 mirum
1609 2229 1653 2272 in
1691 2227 1873 2273 modum
1911 2227 1993 2273 hac
2030 2239 2167 2287 opera
2193 2232 2288 2271 stu-

124 2301 267 2348 diosis
303 2298 658 2361 gratificaturus,
732 2298 811 2346 Sin
847 2313 956 2346 vero
995 2298 1063 2344 vel
1102 2298 1219 2346 alius
1258 2298 1527 2360 opusculum
1565 2299 1752 2345 excudat
1789 2298 1856 2343 vel
1903 2299 2137 2345 sententiae
2174 2311 2286 2344 meae

125 2379 235 2420 111113
270 2371 474 2420 0310111113
511 2386 603 2418 11011
641 2372 911 2422 accesserit,
949 2377 1001 2417 ut
1038 2385 1063 2416 a
1087 2369 1257 2418 Lazaro
1297 2370 1564 2422 excudatur,
1606 2371 1699 2422 130,
1740 2377 1785 2416 10
1822 2385 1907 2432 per
1943 2369 2169 2415 Christum
2209 2369 2288 2415 ob-

125 2458 279 2496 secro,
318 2443 545 2491 ociissime
582 2443 637 2490 ad
673 2456 743 2489 me
779 2441 965 2488 libellus
1002 2448 1277 2494 revertatur,
1315 2449 1367 2488 ut
1404 2449 1450 2488 et
1486 2441 1618 2488 fidem
1655 2456 1798 2489 meam
1836 2442 1955 2503 apud
1992 2443 2182 2487 amicum
2210 2440 2288 2502 qui

0 2560 2 2564 ,
68 2515 361 2565 :invisendum
399 2521 572 2562 tantum
613 2515 772 2561 tribuit
807 2513 1019 2566 liberem,
1067 2520 1136 2566 et,
1182 2520 1235 2560 ut
1281 2514 1390 2560 mihi
1427 2514 1626 2566 videtur,
1678 2513 1956 2560 salutiferam
1995 2514 2091 2559 eius
2129 2512 2289 2559 lectio-

124 2601 227 2635 nem
264 2587 438 2634 diutius
472 2601 566 2634 non
602 2586 869 2633 desiderem.
942 2585 1087 2632 Porro
1127 2587 1164 2632 si
1201 2585 1325 2646 ligna
1363 2585 1408 2631 in
1448 2585 1615 2647 sylvam
1654 2586 1750 2632 sero
1790 2592 1835 2632 et
1871 2599 1965 2632 rem
2003 2592 2146 2632 actam
2185 2598 2285 2644 ago,

123 2658 287 2706 lubens
322 2660 440 2722 hanc
475 2657 670 2721 opellam
716 2658 1013 2720 perdiderim,
1062 2671 1149 2719 qua
1197 2659 1393 2703 animum
1440 2671 1588 2703 meum
1636 2659 1682 2703 in
1721 2663 1898 2704 sanctas
1936 2656 2092 2703 literas
2130 2655 2290 2716 depre-

126 2730 320 2778 hendere
354 2737 504 2778 tamen
543 2745 698 2792 queas.
771 2729 877 2776 Mihi
914 2743 1080 2775 novum
1117 2735 1213 2782 est.
1260 2731 1299 2775 si
1344 2729 1556 2775 novitatis
1603 2729 1794 2790 gratiam
1843 2728 1960 2790 apud
2006 2743 2086 2775 vos
2125 2727 2287 2778 amisit,

127 2802 340 2865 quicquid
377 2803 464 2849 hoc
501 2809 571 2848 est
609 2801 843 2864 opusculi,
889 2800 1050 2847 iudicis
1097 2801 1191 2848 vice
1238 2801 1479 2861 fungatur,
1527 2815 1618 2848 non
1665 2815 1870 2847 meorum
1917 2800 2171 2846 studiorum
2211 2798 2289 2844 3011

3 2924 7 2930 ,
68 2887 111 2922 35
129 2874 317 2937 1111111113,
365 2875 405 2920 31
439 2873 625 2932 liceret,
675 2873 838 2920 studiis
874 2871 1032 2918 vellem
1070 2886 1171 2919 esse
1206 2873 1426 2919 addictus.
1500 2873 1589 2919 13111
1626 2875 1735 2919 33113
1775 2879 1900 2918 11111111
1950 2870 2291 2918 ornatissimum

125 2947 357 3007 ingenium
394 2945 633 3006 defatigavi
672 2944 783 2991 meis
821 2942 970 3005 nugis.
1044 2943 1132 2991 Oro
1170 2951 1331 2992 cuncta
1368 2944 1477 2991 110111
1513 2945 1724 2991 0011311133
1763 2954 1807 2990 01
1843 2943 1911 2989 vel
1950 2944 2022 2990 hic
2059 2942 2288 3004 patientiae

125 3014 217 3065 11131
251 3016 503 3080 periculum
542 3016 677 3064 facito
716 3030 850 3078 aequo
888 3017 1036 3062 animo
1077 3023 1166 3063 tam
1204 3016 1419 3063 verbosas
1455 3017 1623 3064 naenias
1660 3017 1886 3067 lecturus,
1936 3015 2014 3060 sed
2053 3021 2098 3060 et
2135 3015 2289 3060 amicis

129 3093 220 3137 tuis
254 3089 313 3136 de
348 3088 421 3135 his
458 3089 703 3135 renunties.
777 3087 931 3150 Neque
977 3089 1095 3134 enim
1143 3090 1323 3135 nescius
1372 3103 1420 3135 es
1472 3103 1556 3149 qua
1597 3088 1679 3134 sim
1720 3087 1978 3134 conditione
2015 3100 2160 3147 quove
2199 3085 2290 3131 sint

127 3162 275 3207 animo
314 3161 403 3207 mei
441 3167 528 3207 etc.
600 3160 801 3221 Denique
848 3161 887 3206 is
935 3159 1033 3222 ipse
1079 3162 1208 3207 cuius
1258 3167 1328 3206 est
1364 3160 1436 3207 hic
1473 3159 1788 3206 commentarii
1826 3158 1942 3204 liber
1978 3159 2165 3203 nuntius
2205 3164 2288 3209 est,

0 3231 17 3293 ‚.'
70 3234 206 3295 4011111
243 3232 438 3279 insciens
475 3234 825 3292 Argentoratum
862 3245 964 3278 eum
1002 3232 1205 3293 prosert;
1256 3244 1387 3292 quem
1436 3239 1487 3277 ut
1535 3231 1760 3282 fallerem,
1808 3230 1993 3277 Materni
2043 3244 2174 3275 manu
2225 3230 2291 3274 111-

12 3300 18 3314 ’
129 3303 266 3351 scribi
302 3302 459 3352 literas
497 3305 661 3350 curavi.
735 3303 844 3349 Cum
882 3302 1149 3350 Provinciali
1201 3305 1319 3348 enim
1368 3310 1526 3349 nostro
1566 3302 1719 3363 Spiras
1768 3303 2001 3363 profectus
2052 3301 2095 3347 in
2144 3302 2289 3361 ipsius

128 3374 301 3422 aedibus
338 3375 436 3422 haec
472 3375 657 3436 scripsi,
705 3376 782 3436 qui
832 3381 875 3420 te
924 3374 1149 3435 impendio
1193 3373 1359 3420 salutat
1405 3380 1597 3435 oratque
1642 3381 1687 3420 et
1723 3373 1996 3420 Frobcnium
2033 3373 2287 3423 admoneas,

129 3461 230 3494 cum
267 3446 389 3493 101·ῑο
428 3444 490 3492 1111
530 3446 726 3498 scribes,
765 3445 907 3491 libros
946 3460 1105 3492 recens
1144 3460 1333 3492 excusos
1372 3446 1522 3491 mittat
1560 3445 1614 3496 ci,
1655 3445 1775 3506 quod
1815 3445 2038 3507 promisit.
2113 3443 2287 3505 Quippe

129 3518 239 3566 nihil
276 3519 423 3565 31111110
459 3531 613 3564 eorum
654 3533 752 3578 111131
791 3533 813 3563 3
853 3519 1057 3578 proximo
1112 3519 1315 3578 emporio
1364 3519 1560 3564 excussit
1599 3517 1809 3569 vidimus,
1857 3517 1979 3579 quod
2029 3524 2074 3563 ct
2111 3518 2206 3578 ipse
2247 3523 2288 3560 te

133 3742 411 3798 adscriptam
444 3743 632 3785 habent.
667 3743 780 3783 Vide
814 3756 855 3797 p.
878 3742 975 3783 1147.
1000 3756 1041 3785 v.
1069 3750 1124 3786 35.
1149 3755 1214 3796 sq.
1247 3746 1293 3783 01
1324 3742 1384 3783 cf.
1408 3742 1650 3783 lsseurhlini
1684 3743 1739 3784 ad
1771 3742 1953 3786 Pin-kh.
1980 3744 2110 3796 epist.
2134 3741 2174 3781 11.
2199 3741 2283 3780 Λη-

133 3813 305 3870 glopoli
325 3815 580 3856 NonisMai.
605 3828 647 3864 3,
675 3813 795 3854 1520.
912 3813 928 3838 ³
959 3815 1130 3867 Incipit
1162 3828 1188 3855 a
1220 3814 1360 3856 verbo
1390 3816 1494 3855 illml
1525 3816 1668 3868 ipsius
1700 3816 1867 3855 Bucari
1900 3827 2073 3854 manus.
2138 3813 2286 3851 Verba

131 3885 308 3938 desunt,
340 3890 391 3926 ut
422 3886 531 3927 mihi
564 3886 758 3937 videtur,
790 3885 930 3926 nulla.
1020 3884 1037 3910 ⁵
1069 3883 1245 3939 Patria]
1280 3887 1308 3928 i.
1333 3900 1371 3925 0.
1396 3885 1652 3927 Sletstadii.
1742 3885 1778 3910 ²⁵
1811 3884 1942 3939 istm]
1980 3884 2282 3923 sebui-orium.

130 3954 169 3982 ⁸⁹
198 3955 305 4011 mei]
336 3958 645 3999 Dominicani.
