2456 4264
614 279 760 307 INDEX
779 278 939 307 EORVM
963 277 1064 312 QVAE
1088 276 1178 305 HOC
1201 275 1440 305 VOLVMINE
1464 275 1808 305 CONTINENTVR.

265 485 357 517 non
395 469 706 530 intellegeret,
755 483 1026 530 responsum
1064 468 1171 515 dare
1208 467 1405 518 audivit,
1456 473 1646 514 matrem
1685 467 1854 512 domini
1895 469 1932 513 si
1973 467 2071 527 pul-

261 542 440 593 chrior,
480 555 614 602 quam
652 542 750 602 ipse
786 547 880 593 est,
919 554 1011 586 non
1047 539 1235 590 suisset,
1273 545 1397 585 certe
1432 553 1523 585 non
1560 539 1799 584 admodum
1836 537 2072 599 pulchram

258 612 414 659 fuisse.
462 612 619 674 ltaque
665 612 795 660 honae
843 613 938 673 spei
987 609 1150 672 plenus
1188 609 1400 657 Nicolaus
1448 611 1502 656 ad
1551 610 1698 657 studia
1737 609 1934 657 bursalia
1976 623 2072 655 sese

260 690 499 746 praeparat.

121 785 202 836 40.
241 779 531 831 Herbordus
569 779 895 830 Mistladerius
933 779 1153 829 Ortvin0.
1303 795 1362 830 ex
1401 778 1594 829 Suollis.
1697 818 2063 829 .....

256 857 317 902 De
354 854 540 902 Ortvino
580 856 707 902 anxie
746 854 1018 901 sollicitatus
1057 851 1323 901 Herbordus
1363 853 1513 906 illum,
1564 861 1615 900 ut
1656 854 1833 900 tandem
1874 853 2070 900 scrihere

257 926 392 978 velit,
431 927 630 977 adiurat,
669 940 727 972 ne
764 926 935 973 diutius
975 925 1136 972 timere
1175 926 1336 972 debeat
1363 925 1417 971 de
1443 925 1564 971 illius
1592 925 1870 977 valetudine,
1911 925 2072 986 capitis

257 998 378 1044 sorte
417 998 577 1045 dolore
616 998 686 1044 Vel
723 997 838 1044 alvei
877 997 1162 1049 infirmitate,
1203 1010 1255 1042 ex
1294 1011 1382 1058 qua
1421 996 1646 1057 quondam
1686 1012 1709 1043 a
1744 996 2072 1043 Pfess'erkornia

255 1076 477 1131 purgatus
514 1076 586 1116 est
624 1084 675 1116 ac
711 1075 869 1116 contra
908 1083 1042 1130 quam
1078 1069 1274 1116 remedia
1313 1068 1548 1115 docentur.

116 1172 197 1221 41.
236 1165 488 1232 Vilipatius
526 1165 587 1216 de
611 1166 873 1232 Antverpia
902 1165 1103 1216 Ortvino
1132 1166 1315 1218 Gratio.
1463 1180 1519 1215 ex
1547 1162 1904 1214 Francksurdia
1943 1165 2071 1229 apud

370 1288 373 1290 ,
453 1236 682 1288 Oderam.
807 1277 817 1287 .
896 1277 906 1287 .
984 1278 1013 1302 ,η
1073 1275 2062 1287 ............

255 1312 558 1359 Hochstratus
596 1312 650 1358 de
678 1311 848 1358 Ortvini
886 1312 1148 1359 infirmitate
1187 1312 1376 1359 dicendo
1406 1311 1668 1373 Vilipat-ium
1707 1311 1855 1357 anima
1883 1311 2073 1357 deficere

254 1383 388 1435 facit,
429 1386 507 1445 qui
545 1387 846 1431 resuscitatus
883 1391 1043 1430 contra
1082 1383 1382 1430 mamillarum
1422 1383 1681 1430 inflationes
1708 1396 1760 1428 ex
1787 1383 1974 1444 magicis
2002 1398 2072 1444 ar-

256 1455 382 1502 tibus
420 1470 447 1518 a
481 1455 749 1502 mulieribus
789 1454 1164 1503 incantatricibus
1205 1456 1422 1503 excitatas
1463 1462 1618 1502 sancta
1646 1454 1844 1501 remedia
1871 1468 2071 1501 carmen-

254 1541 344 1589 que
380 1526 529 1574 docet.
590 1527 887 1574 Beuchlinum
925 1529 1087 1575 vicisse
1126 1526 1302 1573 dubitat
1342 1529 1561 1589 scriptor,
1599 1526 1930 1573 Psell'erkornio
1972 1541 2071 1572 cum

253 1611 395 1646 uxore
431 1613 515 1646 suo
553 1600 736 1645 nomine
775 1598 946 1646 salutes
984 1599 1134 1647 dicere
1171 1599 1313 1645 iubet.

166 1695 496 1738 APPENDEX
524 1695 974 1738 EPISTOLARVM.

114 1786 196 1836 42.
234 1783 310 1847 (l.)
347 1782 589 1832 Antonius
626 1781 684 1832 N.
725 1781 927 1832 Ortvino
967 1781 1150 1832 Gratio.
1298 1783 1347 1832 in
1386 1782 1741 1848 Heydelberga.
1787 1823 1796 1832 .
1876 1822 1886 1832 .

252 1856 543 1917 Argentorati
579 1856 1010 1904 medicamentorum
1048 1871 1183 1904 causa
1222 1871 1405 1913 morans
1454 1858 1508 1904 de
1546 1857 1732 1904 Erasmo
1768 1857 2071 1904 Roterodamo

253 1929 530 1990 egregiaque
554 1929 750 1974 hominis
776 1928 982 1975 doctrina
1010 1929 1135 1974 audit
1162 1929 1384 1990 scriptor,
1426 1931 1503 1989 qui
1530 1944 1585 1975 an
1612 1928 1688 1974 ille
1729 1930 1876 1975 ‘etiam
1905 1929 2073 1990 aliquid

253 2001 392 2046 sciret
418 2000 464 2045 in
489 1999 709 2046 medicina
734 1999 802 2045 vel
829 2002 933 2046 non’
974 2000 1295 2062 exploraturus
1333 2001 1388 2046 ad
1427 2014 1581 2047 cenam
1620 2014 1721 2047 cum
1748 2001 1932 2047 Erasmo
1973 2015 2072 2046 sese

253 2070 433 2117 invitari
470 2077 614 2118 curat.
687 2071 1026 2117 Consideutium
1069 2071 1424 2118 taciturnitatem
1463 2072 1689 2118 Antonius
1737 2074 1926 2118 recitato
1966 2072 2074 2118 Ver-

255 2140 424 2203 giliano
464 2142 748 2190 ‘Conticuere
787 2144 957 2189 omnes'
999 2142 1250 2204 abrumpit;
1294 2149 1385 2189 tum
1412 2143 1627 2190 Erasmus
1664 2143 1806 2190 multa
1845 2143 1899 2189 de
1938 2142 2071 2189 rebus

253 2211 529 2275 theologicis
567 2214 697 2260 miris
735 2213 884 2260 verbis
923 2215 1142 2275 praefatus
1182 2222 1275 2266 est,
1315 2230 1439 2262 cenae
1477 2221 1625 2262 autem
1654 2215 1863 2262 dominus
1890 2215 1943 2261 de
1969 2222 2072 2260 ente

252 2292 298 2331 et
337 2286 535 2332 essentia
572 2287 800 2347 primum,
844 2292 938 2331 tum
976 2286 1031 2333 de
1057 2286 1206 2347 poetis
1234 2286 1502 2348 disputavit,
1544 2287 1665 2347 quod
1692 2286 1891 2332 Antonio
1920 2301 2070 2332 ansam

249 2355 373 2403 dedit
408 2355 629 2418 probandi
667 2356 767 2403 Iulii
793 2356 982 2404 Caesaris
1020 2359 1369 2404 commentarios
1408 2374 1432 2405 a
1458 2357 1679 2404 Suetonio
1720 2359 1917 2419 scriptos
1956 2372 2070 2409 esse,

249 2442 341 2490 quo
368 2435 636 2489 argumento
663 2430 810 2475 victus
835 2428 1048 2475 Erasmus
1087 2429 1323 2480 conticuit,
1361 2430 1681 2491 Antoniusque
1721 2429 1807 2476 sihi
1846 2431 2074 2490 persuasit

248 2513 340 2546 non
376 2501 439 2546 ita
475 2499 626 2560 magni
663 2500 919 2547 faciendum
958 2514 1059 2546 esse
1083 2499 1342 2552 Erasmum,
1382 2502 1552 2563 quippe
1591 2501 1669 2563 qui
1707 2501 1946 2562 pulchrum
1975 2503 2073 2562 qui·

248 2571 351 2618 dem
386 2570 594 2617 Latinum
633 2571 783 2619 dicere
820 2571 959 2625 sciat,
999 2572 1378 2634 speculativarum
1417 2580 1567 2620 autem
1594 2574 1885 2620 scientiarum
1913 2588 2072 2635 parum

248 2648 461 2705 expertus
499 2642 573 2689 sit.

114 2743 199 2795 43.
240 2737 317 2806 (2.)
358 2737 526 2791 Gallus
571 2740 887 2791 Linitextoris
934 2740 1367 2806 Gundelfingensis
1418 2741 1622 2792 Ortvino
1673 2712 1859 2794 Gratio,
2024 2743 2073 2791 in

2215 270 2282 310 XI

2193 405 2282 448 Pag.

2138 785 2206 828 60.
2230 785 2280 827 (31

2139 1242 2207 1284 61.
2230 1243 2285 1283 (32

2054 1821 2062 1831 .
2126 1788 2286 1831 63.,.o5

448 2810 740 2862 Eberburck
748 2849 2065 2871 ................
2096 2820 2163 2861 65.
2182 2832 2281 2878 sqq.

251 2884 430 2932 Gratias
457 2885 610 2933 Gallus
637 2886 691 2932 de
728 2886 896 2933 litteris
936 2887 1148 2934 solatium
1189 2888 1500 2935 adferentibus
1538 2890 1657 2949 agit,
1699 2889 1829 2935 simul
1870 2903 1975 2935 vero
2005 2890 2072 2934 iu-

250 2956 370 3003 ridet
408 2956 580 3004 Ortvini
620 2959 878 3020 opinionem
919 2959 973 3005 de
1011 2958 1350 3006 infirmitatibus
1389 2975 1479 3006 non
1520 2962 1608 3007 nisi
1646 2975 1700 3007 ex
1737 2961 1877 3007 nimio
1916 2961 2071 3006 labore

252 3028 523 3085 orientibus,
565 3030 694 3091 quasi
732 3030 884 3077 vinum
923 3031 1222 3092 ingurgitare,
1263 3038 1314 3078 ut
1339 3031 1650 3093 Ileidelbcrgae
1676 3047 1823 3094 nuper
1849 3032 1947 3093 ipse
1974 3032 2072 3077 Gal-

251 3098 323 3146 lus
361 3099 541 3153 debuit,
580 3100 709 3148 labor
745 3115 837 3148 non
876 3109 1010 3149 esset.
1085 3103 1220 3150 Addit
1258 3103 1469 3165 epistolae
1510 3119 1603 3150 suae
1631 3118 1682 3150 ex
1709 3104 1951 3165 Epistolari
1981 3119 2071 3149 ma-

251 3172 503 3232 gistrorum
530 3172 816 3234 Lipsensium
843 3173 1028 3221 Ortvino
1058 3189 1159 3222 cum
1198 3175 1434 3236 discipulis
1472 3175 1594 3222 domi
1632 3175 1949 3237 perlegendam
1978 3174 2070 3236 epi-

252 3241 430 3294 stolam,
472 3258 605 3305 quam
1015 3248 1019 3251 “

115 3341 195 3392 44.
234 3339 311 3401 (3.)
350 3341 600 3403 Maqister
646 3342 798 3392 Curio
846 3343 1080 3394 Matthiae
1127 3346 1590 3406 Falclcenberqensi
1789 3359 1855 3394 cx
1893 3346 2068 3407 Lipsigl

251 3414 443 3474 scripsit
479 3415 536 3460 dc
560 3416 760 3462 iucundo
791 3421 903 3462 ante
929 3420 1267 3479 quinquaqinta
1300 3433 1448 3465 annos
1473 3419 1644 3481 Lipsioe
1675 3423 1781 3464 acto
1805 3421 2068 3473 commilitio,

253 3485 309 3531 de
346 3486 495 3545 epulis
531 3499 682 3547 nuper
710 3490 921 3548 principi
955 3491 1142 3549 nuptias
1180 3490 1435 3536 celebranti
1458 3493 1658 3549 paratis,
1700 3492 1822 3536 unde
1857 3491 1946 3536 sibi
1969 3491 2069 3535 dul-

254 3558 430 3602 cissimi
451 3558 544 3603 vini
568 3558 951 3620 ferculorumquc
975 3561 1403 3608 delicatissimorum
1433 3563 1598 3607 bonam
1631 3568 1815 3621 partem
1846 3563 2065 3607 ‘destilla-

256 3628 366 3673 tam’
405 3629 524 3674 clam
554 3630 767 3681 abstulit,·
805 3632 861 3677 dc
895 3633 986 3677 vita
1024 3633 1269 3679 domestica
1297 3635 1451 3681 adhuc
1475 3635 1727 3679 scortantis
1754 3633 1988 3679 Matthiae:
2015 3634 2070 3677 «le

255 3700 492 3759 discipulis
538 3702 691 3748 bursae
730 3702 927 3749 Henrici
980 3705 1380 3760 commendandis,
1441 3708 1572 3752 cuius
1627 3706 1803 3765 6νιᾪιιῖα
1852 3704 2063 3750 bursalis'

257 3771 553 3820 describitur.

121 3868 199 3920 45.
237 3867 315 3930 (4.)
339 3867 671 3989 Arnqlidus'de
697 3869 976 3934 Thungaris
1003 3871 1204 3922 Ortvino
1231 3874 1411 3923 Gratio.
1562 3871 1805 3937 (Coloniax)
1834 3889 1889 3921 ex
1921 3872 2065 3922 bursa

506 3948 632 3990 ontis
635 3979 2056 3996 .................

2140 3349 2206 3392 (30.
2230 3350 2283 3388 (37

2133 3950 2200 3988 (57.
2224 3950 2278 3986 ⁴38
