2456 4264
211 255 334 314 226
800 275 1037 303 EPISTOLAE
1060 270 1364 301 onscvnossvu
1385 270 1596 300 vmonvu
1618 269 1766 299 novin.

212 410 254 458 ei
292 407 472 462 danda,
524 405 635 468 quia
673 416 842 451 omnes
879 401 1103 448 homines
1139 398 1323 448 habent
1358 397 1536 447 malam
1575 398 1902 461 suspicionem
1938 397 1999 445 de
2037 396 2198 460 Iudeis
2234 395 2354 458 bap-

211 493 380 540 tizatis,
454 489 591 536 Tunc
638 487 734 534 dixi
783 485 976 532 ‘Sancte
1014 483 1161 538 deus,
1210 482 1352 531 vultis
1398 497 1608 545 arguere
1656 497 1716 530 ex
1766 479 2150 544 suspicionibus:
2198 479 2355 528 homi-

212 589 298 623 nes
336 573 540 621 credunt
577 568 707 632 quod
744 567 880 630 Iudei
915 566 1145 630 baptizati
1182 572 1294 618 sunt
1330 565 1443 614 mali
1483 565 1765 614 Christiani:
1806 577 1926 626 ergo
1951 562 2259 612 Psefferkorn
2286 568 2358 612 est

211 656 365 705 malus
403 652 736 703 Christianus?
775 651 883 700 Non
922 651 1169 714 sequitur:
1210 663 1301 712 ego
1340 652 1486 698 etiam
1524 663 1720 713 possem
1759 649 1999 713 suspicari
2036 647 2166 712 quod
2205 647 2356 710 magi-

210 747 308 789 ster
355 743 522 787 noster
570 735 816 785 Arnoldus
863 735 924 784 de
972 734 1190 797 Tungari
1242 738 1371 783 esset
1418 733 1686 782 zodomita:
1739 732 1823 781 sed
1872 737 2038 781 tamen
2082 745 2182 781 non
2231 736 2395 780 esset5

212 839 396 881 verum,
437 821 568 886 quod
596 820 794 884 Colonie
822 833 991 867 omnes
1017 823 1185 867 tenent
1211 817 1343 880 quod
1383 822 1456 866 est
1491 831 1647 880 purus
1681 817 1836 879 virgo.
1913 816 2010 864 Sed
2047 814 2358 879 respondebo

212 907 347 956 vobis
384 906 443 955 ad
492 905 606 954 illud
658 905 930 953 obiectum:
976 901 1072 950 Vos
1119 902 1275 950 dicitis
1322 901 1454 964 quod
1491 899 1812 949 Pfefferkorn.
1843 900 1983 964 fetet:
2032 900 2191 962 posito
2241 914 2357 948 casu

211 991 340 1056 quod
380 996 452 1039 est
488 1004 683 1045 verum,
724 989 850 1036 sicut
886 1002 983 1035 non
1025 986 1203 1042 cred0,
1244 1000 1405 1049 neque
1442 980 1660 1048 unquam
1699 982 1940 1039 intellexi,
1981 983 2090 1031 dico
2129 983 2260 1046 quod
2287 989 2362 1032 est

210 1075 300 1123 alia
341 1089 483 1124 causa
522 1074 667 1122 huius
707 1072 895 1136 fetoris:
937 1071 1049 1134 quia
1085 1070 1291 1118 Ioannes
1318 1067 1639 1124 Pfefferkorn,
1680 1066 1876 1131 quando
1914 1063 2004 1115 fuit
2040 1067 2233 1131 ludens,
2271 1066 2361 1115 fuit

213 1157 541 1215 macellariuS,
582 1162 629 1206 et
666 1151 935 1204 macellarii
973 1153 1296 1203 communiter
1336 1154 1481 1202 etiam
1520 1151 1701 1216 fetent'.
1774 1150 1916 1200 Tunc
1953 1166 2125 1200 omnes
2163 1151 2246 1214 qui
2272 1165 2415 1199 au-io

212 1243 459 1297 diverunt,
512 1242 739 1290 dixerunt
786 1239 917 1302 quod
966 1243 1040 1287 est
1088 1237 1216 1286 hona
1264 1238 1403 1285 ratio.
1480 1237 1559 1284 Sic
1606 1236 1750 1284 etiam
1797 1249 1918 1298 rogo
1971 1249 2054 1283 vos
2090 1234 2222 1299 quod
2259 1249 2360 1283 non
2410 1226 2425 1237 λ

211 1326 365 1376 velitis
403 1327 547 1374 nimis
584 1325 767 1373 tristari
806 1325 855 1371 in
892 1322 972 1371 illa
1012 1337 1183 1379 causa,
1233 1322 1342 1384 quia
1392 1321 1593 1385 spiritus
1630 1320 1781 1368 tristis
1819 1320 2034 1368 exsiccat
2070 1333 2194 1367 ossa.
2270 1317 2359 1367 Va-

162 1459 169 1466 ,
212 1410 319 1459 lete.
398 1410 569 1458 Datum
609 1407 958 1470 Franckfordie
997 1406 1058 1455 ad
1097 1405 1324 1454 Oderam.
1470 1401 1473 1403 “

1237 1639 1324 1698 26.

707 1767 748 1814 (Ι
793 1755 1182 1815 Henricus
1233 1752 1853 1816 Schaffsmulius
2376 1786 2415 1818 ιε.

818 1866 1148 1935 Magistro
1189 1866 1481 1918 Ortvino
1521 1866 1760 1917 Gratio

942 1966 1155 2015 Salutem
1195 1966 1455 2029 plurimam
1496 1966 1626 2014 dicit.

352 2081 470 2130 Cum
511 2061 796 2143 priusquam
838 2077 1139 2127 ambularem
1180 2078 1239 2127 ad
1267 2077 1479 2135 Curiam,
1520 2078 1705 2127 dixistis
1742 2077 1861 2127 mihi
1899 2078 2027 2143 quod
2066 2093 2181 2143 sepe
2207 2078 2362 2128 debeo

209 2165 346 2214 vobis
384 2164 606 2214 scribere
643 2170 691 2212 et
728 2162 990 2227 aliquando
1029 2163 1186 2212 debeo
1225 2162 1454 2226 dirigere⁴
1476 2161 1662 2226 aliquas
1688 2163 1967 2227 questiones
1993 2162 2361 2227 Theologicales
2423 2168 2444 2207 J

210 2250 270 2298 ad
309 2265 418 2299 vos:
466 2255 583 2297 tunc
633 2247 778 2296 vultis
816 2247 936 2296 mibi
974 2263 1056 2297 eas
1094 2246 1284 2296 solvere
1325 2245 1500 2296 melius
1538 2260 1684 2309 quam
1724 2246 1964 2296 Curtisani
2001 2246 2176 2312 Rome:
2226 2247 2358 2311 Ergo
2374 2259 2416 2292 20

208 2349 340 2383 nunc
378 2348 531 2397 quero
570 2332 952 2381 dominationem
990 2337 1199 2380 vestram
1240 2331 1354 2396 quid
1390 2331 1566 2380 tenetis
1603 2330 1664 2380 de
1702 2346 1776 2388 eo,
1817 2331 2012 2395 quando
2050 2347 2178 2381 unus
2203 2333 2254 2380 in
2282 2332 2359 2382 die

210 2418 438 2474 Vene1·iS‚
478 2417 523 2466 id
566 2421 640 2466 est
677 2416 796 2465 seria
837 2422 1001 2471 sexta,
1041 2414 1116 2464 vel
1155 2413 1272 2463 alias
1310 2415 1506 2479 quando
1545 2420 1619 2464 est
1656 2415 1917 2471 ieiunium,
1969 2416 2180 2465 comedit
2217 2431 2359 2465 ovum

211 2508 258 2550 et
284 2489 369 2551 ‘est
405 2500 566 2564 pullus
602 2500 761 2550 intus?
800 2500 911 2564 quia
949 2514 1108 2563 nuper
1144 2500 1195 2553 in
1223 2499 1405 2564 Campo
1443 2498 1566 2562 flore
1603 2500 1819 2549 sedimus
1854 2500 1904 2548 in
1943 2515 2041 2549 uno
2080 2500 2287 2564 hospitio
2315 2506 2362 2550 et

211 2585 417 2634 fecimus
455 2584 788 2642 collationem,
840 2590 888 2633 et
925 2584 1229 2633 comedimus
1267 2599 1381 2632 ova:
1433 2589 1481 2633 et
1518 2598 1609 2647 ego
1647 2584 1874 2648 aperiens
1911 2598 2055 2633 ovum
2094 2585 2192 2634 vidi
2222 2573 2359 2650 'quod

209 2670 394 2718 iuvenis
432 2668 594 2732 pullus
632 2675 705 2739 est
740 2670 791 2717 in
831 2684 914 2718 eo:
955 2674 1003 2718 et
1041 2668 1229 2718 ostendi
1267 2668 1400 2716 socio
1438 2682 1568 2725 meo,
1609 2673 1726 2717 tunc
1750 2668 1855 2732 ipse
1881 2668 2028 2718 dixit:
2070 2668 2421 2718 ‘Comedatisw

212 2755 306 2802 cito
345 2759 606 2817 antequam
643 2737 824 2818 hospes
861 2753 1003 2810 videt,
1045 2753 1157 2816 quia
1196 2752 1391 2817 quando
1429 2751 1572 2808 videt,
1612 2757 1729 2801 tunc
1766 2757 1960 2816 oportet
1996 2753 2039 2801 ei
2066 2753 2183 2803 dare
2207 2768 2360 2803 unum

212 2836 456 2886 Carlinum
493 2837 570 2886 vel
605 2837 783 2887 Iulium
820 2852 912 2900 pro
959 2836 1178 2900 gallina’:
1229 2838 1343 2900 quia
1390 2841 1463 2885 est
1508 2836 1587 2885 hic
1636 2837 1944 2886 consuetudo
1993 2838 2124 2901 quod
2164 2837 2359 2902 quando

210 2920 390 2985 hospes
426 2923 565 2984 ponit
601 2921 783 2985 aliquid
822 2921 883 2970 ad
919 2920 1162 2977 tabulam,
1215 2926 1330 2969 tunc
1377 2925 1572 2983 oportet
1619 2919 1834 2978 solvere,
1885 2922 1998 2985 quia
2047 2937 2146 2970 non
2195 2921 2389 2970 volunt,

210 3006 449 3068 recipere.
526 3011 573 3054 et
610 3007 651 3055 si
689 3006 815 3055 videt
853 2997 1423 3070 quod'iuvenis-gallina
1461 3011 1533 3053 est
1569 3006 1618 3053 in
1656 3019 1764 3061 ovo,
1803 3005 1908 3069 ipse
1934 3005 2076 3054 dicit:
2116 3005 2360 3062 „Solvatis

211 3088 328 3138 mihi
367 3090 510 3137 etiam
549 3088 823 3153 gallinam”‚
862 3090 973 3154 quia
1013 3093 1262 3152 computat
1298 3104 1524 3152 parvam,
1564 3089 1690 3138 sicut
1723 3103 1968 3152 magnam.
2042 3089 2103 3139 Et
2141 3103 2232 3153 ego
2258 3095 2421 3141 sta-ao

210 3172 298 3218 tim
336 3171 437 3219 bibi
473 3188 640 3231 ovum,
693 3181 740 3223 et
777 3173 921 3223 simul
958 3172 1095 3222 illum
1132 3171 1319 3237 pullum
1357 3173 1511 3222 intus:
1562 3178 1610 3222 et
1644 3179 1815 3237 postea
1853 3174 2060 3236 cogitavi
2101 3174 2234 3238 quod
2271 3171 2366 3223 fuit
2400 3206 2408 3235 ς

214 3254 318 3303 dies
355 3256 578 3314 Veneris,
619 3263 666 3306 et
704 3258 802 3307 dixi
838 3257 973 3306 socio
1012 3272 1151 3306 meo:
1203 3264 1304 3305 ‘vos
1339 3257 1520 3306 fecistis
1558 3258 1689 3321 quod
1729 3258 1832 3322 seci—
1857 3264 2115 3323 peccatum
2153 3256 2365 3308 mortale

213 3339 517 3387 comedendo
556 3355 729 3390 carnes
765 3342 816 3390 in
854 3341 987 3410 seriis
1025 3340 1202 3390 sextis'.
1277 3341 1337 3389 Et
1364 3341 1492 3390 dixit
1527 3342 1648 3405 ipse,
1689 3343 1820 3407 quod
1856 3358 1955 3392 non
1994 3347 2067 3393 est
2102 3347 2356 3407 peccatum

212 3420 447 3470 mortale:
487 3423 635 3472 immo
673 3439 771 3472 non
811 3432 884 3474 est
920 3431 1175 3488 peccatum
1214 3424 1428 3475 veniale:
1477 3427 1590 3490 quia
1628 3425 1708 3477 ille
1745 3426 1983 3491 pullaster
2020 3441 2120 3475 non
2157 3431 2357 3492 reputa-

325 3587 372 3614 ¹·²
401 3589 659 3642 baptisatis,
690 3593 799 3631 tunc
821 3594 862 3632 5.
904 3616 906 3618 -
940 3591 958 3618 ²
988 3590 1146 3635 Z'omis.
1167 3595 1208 3635 4.
1221 3597 1262 3634 5.
1339 3592 1357 3618 ³
1385 3593 1572 3634 Pfeffer.
1595 3598 1636 3634 5.
1696 3593 1712 3619 ⁵
1741 3595 1996 3636 Zodomita:
2018 3599 2058 3638 5.
2135 3594 2155 3620 ὃ
2185 3629 2195 3638 .
2219 3595 2295 3636 sed
2314 3598 2355 3639 5.

211 3658 229 3684 ⁷
259 3690 270 3700 .
295 3659 387 3700 Vos
418 3661 459 3699 4.
547 3659 667 3701 Pfef.
691 3662 730 3699 5.
829 3689 840 3700 .
861 3659 1018 3701 Posito
1050 3665 1142 3702 4.5.
1231 3661 1248 3687 ⁹
1281 3693 1291 3702 .
1314 3663 1435 3712 Quia
1466 3666 1507 3704 4.
1520 3667 1562 3704 5.
1650 3663 1715 3704 Io.
1737 3664 1917 3717 pfeffer.
1940 3669 1995 3706 5..
2072 3664 2109 3690 ¹⁰
2140 3695 2150 3704 .
2172 3668 2280 3706 tunc
2309 3667 2351 3705 5.

211 3726 246 3753 ¹²
278 3728 459 3769 exiccat
488 3732 529 3769 5.
617 3727 651 3753 ¹³
683 3728 795 3768 Ode.
819 3731 860 3767 4.
1959 3747 1961 3749 ·

326 3797 359 3824 ¹⁶
388 3798 450 3840 M.
471 3803 510 3838 5.
580 3796 614 3823 ¹⁷
645 3798 688 3838 S.
711 3799 761 3838 P.
782 3799 840 3838 D.
864 3801 956 3838 4.5.
1025 3798 1059 3824 ¹⁸
1089 3799 1229 3840 michi
1249 3804 1290 3841 5.
1311 3807 1356 3840 ut
1383 3802 1502 3852 infra
1529 3804 1704 3854 saepius.
1771 3803 1809 3830 ²⁰
1840 3818 1918 3846 eos
1940 3807 1980 3846 4.
1993 3808 2033 3848 5.
2121 3804 2293 3847 rhome.
2311 3807 2353 3847 5.

207 3898 219 3912 .
243 3869 365 3922 Ergo
397 3871 438 3909 4.
526 3867 562 3893 ²³
595 3881 674 3921 :qz
706 3871 746 3909 4.
780 3879 826 3921 q2
856 3873 898 3909 5.
987 3869 1096 3909 flore
1126 3873 1167 3908 5.
1253 3868 1289 3894 2⁹
1322 3900 1332 3910 .
1355 3871 1415 3910 Et
1445 3874 1486 3911 4.
1499 3875 1541 3916 5.
