<?xml version="1.0" encoding="UTF-8"?>
<!DOCTYPE html PUBLIC "-//W3C//DTD XHTML 1.0 Transitional//EN"
    "http://www.w3.org/TR/xhtml1/DTD/xhtml1-transitional.dtd">
<html xmlns="http://www.w3.org/1999/xhtml" xml:lang="en" lang="en">
 <head>
  <title>
</title>
<meta http-equiv="Content-Type" content="text/html;charset=utf-8" />
  <meta name='ocr-system' content='tesseract 3.04.00' />
  <meta name='ocr-capabilities' content='ocr_page ocr_carea ocr_par ocr_line ocrx_word'/>
</head>
<body>
  <div class='ocr_page' id='page_1' title='image "./supoperaquaerepe01huttuoft_0396.png"; bbox 0 0 2456 4264; ppageno 0'>
   <div class='ocr_carea' id='block_1_1' title="bbox 276 259 1947 320">
    <p class='ocr_par' dir='ltr' id='par_1_1' title="bbox 276 259 1947 320">
     <span class='ocr_line' id='line_1_1' title="bbox 276 259 1947 320; baseline -0.007 -3"><span class='ocrx_word' id='word_1_1' title='bbox 276 259 396 317; x_wconf 81' lang='grc'><em>356</em></span> <span class='ocrx_word' id='word_1_2' title='bbox 734 280 1115 309; x_wconf 78' lang='lat' dir='ltr'>LAMENTATIONES</span> <span class='ocrx_word' id='word_1_3' title='bbox 1138 280 1443 308; x_wconf 75' lang='lat' dir='ltr'><em>ossscvnonvu</em></span> <span class='ocrx_word' id='word_1_4' title='bbox 1463 279 1673 308; x_wconf 72' lang='lat' dir='ltr'><em>vmonvu</em></span> <span class='ocrx_word' id='word_1_5' title='bbox 1696 265 1947 320; x_wconf 56' lang='lat' dir='ltr'><em>[vnn-ans}</em></span> 
     </span>
    </p>
   </div>
   <div class='ocr_carea' id='block_1_2' title="bbox 1288 458 1375 516">
    <p class='ocr_par' dir='ltr' id='par_1_2' title="bbox 1288 458 1375 516">
     <span class='ocr_line' id='line_1_2' title="bbox 1288 458 1375 516; baseline -0.057 1"><span class='ocrx_word' id='word_1_6' title='bbox 1288 458 1375 516; x_wconf 79' lang='lat'><em>32.</em></span> 
     </span>
    </p>
   </div>
   <div class='ocr_carea' id='block_1_3' title="bbox 198 576 1851 751">
    <p class='ocr_par' dir='ltr' id='par_1_3' title="bbox 198 576 1851 751">
     <span class='ocr_line' id='line_1_3' title="bbox 198 576 1851 635; baseline -0.001 -1"><span class='ocrx_word' id='word_1_7' title='bbox 198 594 254 635; x_wconf 62' lang='grc' dir='ltr'>ω</span> <span class='ocrx_word' id='word_1_8' title='bbox 860 585 901 631; x_wconf 74' lang='grc' dir='ltr'><em>ΙΙ</em></span> <span class='ocrx_word' id='word_1_9' title='bbox 961 577 1268 635; x_wconf 86' lang='lat' dir='ltr'><em>Ioannes</em></span> <span class='ocrx_word' id='word_1_10' title='bbox 1314 576 1851 634; x_wconf 72' lang='lat' dir='ltr'><em>LucibulariuS.</em></span> 
     </span>
     <span class='ocr_line' id='line_1_4' title="bbox 860 679 1820 751; baseline -0.001 -14"><span class='ocrx_word' id='word_1_11' title='bbox 860 679 1182 751; x_wconf 76' lang='lat' dir='ltr'><em>Stephano</em></span> <span class='ocrx_word' id='word_1_12' title='bbox 1240 690 1603 738; x_wconf 79' lang='lat' dir='ltr'><em>Calvastrio</em></span> <span class='ocrx_word' id='word_1_13' title='bbox 1659 688 1820 736; x_wconf 86' lang='lat' dir='ltr'><em>.S.D.</em></span> 
     </span>
    </p>
   </div>
   <div class='ocr_carea' id='block_1_4' title="bbox 222 802 2456 1711">
    <p class='ocr_par' dir='ltr' id='par_1_4' title="bbox 222 802 2405 874">
     <span class='ocr_line' id='line_1_5' title="bbox 222 802 2405 874; baseline -0.002 -21"><span class='ocrx_word' id='word_1_14' title='bbox 222 859 225 874; x_wconf 19' lang='grc' dir='ltr'>ζ</span> <span class='ocrx_word' id='word_1_15' title='bbox 415 804 698 853; x_wconf 72' lang='lat' dir='ltr'><em>Miserrime</em></span> <span class='ocrx_word' id='word_1_16' title='bbox 734 803 985 850; x_wconf 88' lang='lat' dir='ltr'><em>nobiscum</em></span> <span class='ocrx_word' id='word_1_17' title='bbox 1023 808 1246 862; x_wconf 68' lang='lat' dir='ltr'><em>ayuntur</em></span> <span class='ocrx_word' id='word_1_18' title='bbox 1293 804 1500 865; x_wconf 50' lang='lat' dir='ltr'><em>omnia„</em></span> <span class='ocrx_word' id='word_1_19' title='bbox 1537 803 1880 863; x_wconf 79' lang='lat' dir='ltr'><em>multiplicasti</em></span> <span class='ocrx_word' id='word_1_20' title='bbox 1908 806 2130 861; x_wconf 61' lang='lat' dir='ltr'><em>pentem,</em></span> <span class='ocrx_word' id='word_1_21' title='bbox 2179 802 2270 848; x_wconf 85' lang='lat' dir='ltr'><em>sed</em></span> <span class='ocrx_word' id='word_1_22' title='bbox 2304 814 2405 848; x_wconf 91' lang='lat' dir='ltr'><em>non</em></span> 
     </span>
    </p>

    <p class='ocr_par' dir='ltr' id='par_1_5' title="bbox 224 880 2438 954">
     <span class='ocr_line' id='line_1_6' title="bbox 224 880 2438 954; baseline -0.003 -17"><span class='ocrx_word' id='word_1_23' title='bbox 224 886 226 912; x_wconf 64' lang='lat'><em>&#39;⁵</em></span> <span class='ocrx_word' id='word_1_24' title='bbox 274 891 495 948; x_wconf 80' lang='lat' dir='ltr'><em>letitiam,</em></span> <span class='ocrx_word' id='word_1_25' title='bbox 537 889 711 936; x_wconf 88' lang='lat' dir='ltr'><em>obsunt</em></span> <span class='ocrx_word' id='word_1_26' title='bbox 746 887 884 935; x_wconf 90' lang='lat' dir='ltr'><em>nobis</em></span> <span class='ocrx_word' id='word_1_27' title='bbox 920 888 998 935; x_wconf 93' lang='lat' dir='ltr'><em>illi</em></span> <span class='ocrx_word' id='word_1_28' title='bbox 1036 882 1127 954; x_wconf 85' lang='lat' dir='ltr'><em>[(si</em></span> <span class='ocrx_word' id='word_1_29' title='bbox 1160 889 1254 934; x_wconf 92' lang='lat' dir='ltr'><em>rite</em></span> <span class='ocrx_word' id='word_1_30' title='bbox 1289 900 1394 935; x_wconf 94' lang='lat' dir='ltr'><em>rem</em></span> <span class='ocrx_word' id='word_1_31' title='bbox 1430 889 1589 949; x_wconf 91' lang='lat' dir='ltr'><em>ipsam</em></span> <span class='ocrx_word' id='word_1_32' title='bbox 1616 891 1936 948; x_wconf 78' lang='lat' dir='ltr'><em>pertrectare</em></span> <span class='ocrx_word' id='word_1_33' title='bbox 1969 880 2313 953; x_wconf 83' lang='lat' dir='ltr'><em>voluerimus)]</em></span> <span class='ocrx_word' id='word_1_34' title='bbox 2355 890 2438 933; x_wconf 83' lang='lat' dir='ltr'><em>et5</em></span> 
     </span>
    </p>

    <p class='ocr_par' dir='ltr' id='par_1_6' title="bbox 223 964 2456 1711">
     <span class='ocr_line' id='line_1_7' title="bbox 223 964 2406 1037; baseline -0.003 -15"><span class='ocrx_word' id='word_1_35' title='bbox 223 964 225 973; x_wconf 52' lang='lat'><strong><em>⁴</em></strong></span> <span class='ocrx_word' id='word_1_36' title='bbox 265 979 481 1034; x_wconf 91' lang='lat' dir='ltr'><em>prosunt</em></span> <span class='ocrx_word' id='word_1_37' title='bbox 517 973 657 1020; x_wconf 74' lang='lat' dir='ltr'><em>nihil.</em></span> <span class='ocrx_word' id='word_1_38' title='bbox 732 972 845 1020; x_wconf 90' lang='lat' dir='ltr'><em>Non</em></span> <span class='ocrx_word' id='word_1_39' title='bbox 882 972 984 1019; x_wconf 84' lang='lat' dir='ltr'><em>vult</em></span> <span class='ocrx_word' id='word_1_40' title='bbox 1018 971 1202 1019; x_wconf 77' lang='lat' dir='ltr'><em>habere</em></span> <span class='ocrx_word' id='word_1_41' title='bbox 1228 972 1454 1032; x_wconf 88' lang='lat' dir='ltr'><em>Capnion</em></span> <span class='ocrx_word' id='word_1_42' title='bbox 1491 972 1800 1032; x_wconf 90' lang='lat' dir='ltr'><em>impudentes</em></span> <span class='ocrx_word' id='word_1_43' title='bbox 1822 970 2162 1033; x_wconf 78' lang='lat' dir='ltr'><strong><em>sycophantas</em></strong></span> <span class='ocrx_word' id='word_1_44' title='bbox 2203 965 2303 1037; x_wconf 91' lang='lat' dir='ltr'><em>[sui</em></span> <span class='ocrx_word' id='word_1_45' title='bbox 2325 970 2406 1017; x_wconf 92' lang='lat' dir='ltr'><em>de-</em></span> 
     </span>
     <span class='ocr_line' id='line_1_8' title="bbox 268 1055 2405 1117; baseline -0.002 -11"><span class='ocrx_word' id='word_1_46' title='bbox 268 1057 517 1116; x_wconf 85' lang='lat' dir='ltr'><em>fensores.</em></span> <span class='ocrx_word' id='word_1_47' title='bbox 596 1056 726 1113; x_wconf 78' lang='lat' dir='ltr'><em>Quid</em></span> <span class='ocrx_word' id='word_1_48' title='bbox 758 1057 949 1104; x_wconf 85' lang='lat' dir='ltr'><em>multa?</em></span> <span class='ocrx_word' id='word_1_49' title='bbox 986 1056 1103 1116; x_wconf 89' lang='lat' dir='ltr'><em>Ipse</em></span> <span class='ocrx_word' id='word_1_50' title='bbox 1138 1058 1367 1117; x_wconf 90' lang='lat' dir='ltr'><em>receptui</em></span> <span class='ocrx_word' id='word_1_51' title='bbox 1399 1069 1585 1104; x_wconf 90' lang='lat' dir='ltr'><em>canere</em></span> <span class='ocrx_word' id='word_1_52' title='bbox 1620 1055 1915 1116; x_wconf 89' lang='lat' dir='ltr'><em>iampridem</em></span> <span class='ocrx_word' id='word_1_53' title='bbox 1952 1055 2199 1103; x_wconf 81' lang='lat' dir='ltr'><em>destinavi</em></span> <span class='ocrx_word' id='word_1_54' title='bbox 2230 1059 2278 1101; x_wconf 91' lang='lat' dir='ltr'><em>et</em></span> <span class='ocrx_word' id='word_1_55' title='bbox 2310 1067 2405 1101; x_wconf 92' lang='lat' dir='ltr'><em>me-</em></span> 
     </span>
     <span class='ocr_line' id='line_1_9' title="bbox 274 1140 2404 1203; baseline -0.003 -12"><span class='ocrx_word' id='word_1_56' title='bbox 274 1145 448 1191; x_wconf 89' lang='lat' dir='ltr'><em>liorem</em></span> <span class='ocrx_word' id='word_1_57' title='bbox 485 1155 639 1203; x_wconf 72' lang='lat' dir='ltr'><em>aqere</em></span> <span class='ocrx_word' id='word_1_58' title='bbox 675 1142 850 1189; x_wconf 80' lang='lat' dir='ltr'><em>virum.</em></span> <span class='ocrx_word' id='word_1_59' title='bbox 936 1142 1151 1188; x_wconf 77' lang='lat' dir='ltr'><em>Valeant</em></span> <span class='ocrx_word' id='word_1_60' title='bbox 1195 1142 1444 1200; x_wconf 91' lang='lat' dir='ltr'><em>ludiones,</em></span> <span class='ocrx_word' id='word_1_61' title='bbox 1493 1140 1780 1199; x_wconf 76' lang='lat' dir='ltr'><em>lurchones,</em></span> <span class='ocrx_word' id='word_1_62' title='bbox 1829 1140 2144 1198; x_wconf 77' lang='lat' dir='ltr'><em>comedoneS,</em></span> <span class='ocrx_word' id='word_1_63' title='bbox 2195 1143 2404 1197; x_wconf 82' lang='lat' dir='ltr'><em>ventres,</em></span> 
     </span>
     <span class='ocr_line' id='line_1_10' title="bbox 275 1225 2405 1287; baseline -0.003 -12"><span class='ocrx_word' id='word_1_64' title='bbox 275 1228 471 1287; x_wconf 91' lang='lat' dir='ltr'><em>bibesii,</em></span> <span class='ocrx_word' id='word_1_65' title='bbox 512 1228 756 1287; x_wconf 82' lang='lat' dir='ltr'><em>cenipete,</em></span> <span class='ocrx_word' id='word_1_66' title='bbox 792 1226 1082 1285; x_wconf 73' lang='lat' dir='ltr'><em>flaqricibe,</em></span> <span class='ocrx_word' id='word_1_67' title='bbox 1115 1226 1392 1286; x_wconf 79' lang='lat' dir='ltr'><em>predones,</em></span> <span class='ocrx_word' id='word_1_68' title='bbox 1433 1225 1836 1283; x_wconf 78' lang='lat' dir='ltr'><em>calumniatores,</em></span> <span class='ocrx_word' id='word_1_69' title='bbox 1867 1225 2107 1285; x_wconf 82' lang='lat' dir='ltr'><em>parasiti,</em></span> <span class='ocrx_word' id='word_1_70' title='bbox 2145 1227 2405 1282; x_wconf 71' lang='lat' dir='ltr'><em>qnatoneS,</em></span> 
     </span>
     <span class='ocr_line' id='line_1_11' title="bbox 270 1307 2456 1373; baseline -0.001 -15"><span class='ocrx_word' id='word_1_71' title='bbox 270 1313 571 1373; x_wconf 69' lang='lat' dir='ltr'><em>flaqriones,</em></span> <span class='ocrx_word' id='word_1_72' title='bbox 613 1311 820 1368; x_wconf 77' lang='lat' dir='ltr'><em>bucede,</em></span> <span class='ocrx_word' id='word_1_73' title='bbox 853 1310 1203 1370; x_wconf 66' lang='lat' dir='ltr'><em>plaqipatide,</em></span> <span class='ocrx_word' id='word_1_74' title='bbox 1238 1308 1510 1369; x_wconf 71' lang='lat' dir='ltr'><em>furciferi,</em></span> <span class='ocrx_word' id='word_1_75' title='bbox 1560 1309 1826 1367; x_wconf 89' lang='lat' dir='ltr'><em>catilones,</em></span> <span class='ocrx_word' id='word_1_76' title='bbox 1868 1313 1916 1355; x_wconf 92' lang='lat' dir='ltr'><em>et</em></span> <span class='ocrx_word' id='word_1_77' title='bbox 1952 1308 2008 1355; x_wconf 92' lang='lat' dir='ltr'><em>id</em></span> <span class='ocrx_word' id='word_1_78' title='bbox 2040 1320 2201 1367; x_wconf 72' lang='lat' dir='ltr'><em>qenus</em></span> <span class='ocrx_word' id='word_1_79' title='bbox 2236 1307 2404 1355; x_wconf 90' lang='lat' dir='ltr'><em>obscu—</em></span> <span class='ocrx_word' id='word_1_80' title='bbox 2422 1314 2456 1349; x_wconf 65' lang='grc' dir='ltr'><em>Ν</em></span> 
     </span>
     <span class='ocr_line' id='line_1_12' title="bbox 274 1388 2408 1460; baseline -0.002 -16"><span class='ocrx_word' id='word_1_81' title='bbox 274 1409 445 1444; x_wconf 92' lang='lat' dir='ltr'><em>rorum</em></span> <span class='ocrx_word' id='word_1_82' title='bbox 483 1389 663 1460; x_wconf 82' lang='lat' dir='ltr'><em>omne].</em></span> <span class='ocrx_word' id='word_1_83' title='bbox 743 1393 811 1441; x_wconf 84' lang='lat' dir='ltr'><em>Te</em></span> <span class='ocrx_word' id='word_1_84' title='bbox 836 1395 991 1454; x_wconf 70' lang='lat' dir='ltr'><em>iyitur</em></span> <span class='ocrx_word' id='word_1_85' title='bbox 1032 1389 1131 1460; x_wconf 91' lang='lat' dir='ltr'><em>[illi</em></span> <span class='ocrx_word' id='word_1_86' title='bbox 1153 1388 1335 1460; x_wconf 89' lang='lat' dir='ltr'><em>omnes]</em></span> <span class='ocrx_word' id='word_1_87' title='bbox 1378 1394 1638 1452; x_wconf 82' lang='lat' dir='ltr'><em>dilanient,</em></span> <span class='ocrx_word' id='word_1_88' title='bbox 1678 1393 2007 1453; x_wconf 72' lang='lat' dir='ltr'><em>stranqulent,</em></span> <span class='ocrx_word' id='word_1_89' title='bbox 2049 1392 2408 1452; x_wconf 72' lang='lat' dir='ltr'><em>obstrinqilent,</em></span> 
     </span>
     <span class='ocr_line' id='line_1_13' title="bbox 277 1479 2406 1540; baseline -0.002 -11"><span class='ocrx_word' id='word_1_90' title='bbox 277 1481 561 1540; x_wconf 91' lang='lat' dir='ltr'><em>obliterent,</em></span> <span class='ocrx_word' id='word_1_91' title='bbox 601 1485 649 1526; x_wconf 92' lang='lat' dir='ltr'><em>et</em></span> <span class='ocrx_word' id='word_1_92' title='bbox 682 1480 843 1526; x_wconf 87' lang='lat' dir='ltr'><em>culter</em></span> <span class='ocrx_word' id='word_1_93' title='bbox 878 1484 926 1525; x_wconf 93' lang='lat' dir='ltr'><em>et</em></span> <span class='ocrx_word' id='word_1_94' title='bbox 962 1491 1198 1526; x_wconf 81' lang='lat' dir='ltr'><em>venenum</em></span> <span class='ocrx_word' id='word_1_95' title='bbox 1235 1484 1281 1526; x_wconf 93' lang='lat' dir='ltr'><em>et</em></span> <span class='ocrx_word' id='word_1_96' title='bbox 1317 1479 1594 1526; x_wconf 80' lang='lat' dir='ltr'><em>incantatio</em></span> <span class='ocrx_word' id='word_1_97' title='bbox 1629 1479 1781 1526; x_wconf 85' lang='lat' dir='ltr'><em>vitam</em></span> <span class='ocrx_word' id='word_1_98' title='bbox 1817 1481 1981 1536; x_wconf 91' lang='lat' dir='ltr'><em>tuam,</em></span> <span class='ocrx_word' id='word_1_99' title='bbox 2023 1490 2116 1537; x_wconf 81' lang='lat' dir='ltr'><em>que</em></span> <span class='ocrx_word' id='word_1_100' title='bbox 2151 1482 2223 1524; x_wconf 92' lang='lat' dir='ltr'><em>est</em></span> <span class='ocrx_word' id='word_1_101' title='bbox 2258 1490 2406 1536; x_wconf 72' lang='lat' dir='ltr'><em>morS,</em></span> 
     </span>
     <span class='ocr_line' id='line_1_14' title="bbox 277 1562 2411 1624; baseline -0.001 -12"><span class='ocrx_word' id='word_1_102' title='bbox 277 1565 455 1613; x_wconf 84' lang='lat' dir='ltr'><em>acerbe</em></span> <span class='ocrx_word' id='word_1_103' title='bbox 485 1566 684 1624; x_wconf 78' lang='lat' dir='ltr'><em>finiant.</em></span> <span class='ocrx_word' id='word_1_104' title='bbox 771 1564 895 1611; x_wconf 90' lang='lat' dir='ltr'><em>Vale</em></span> <span class='ocrx_word' id='word_1_105' title='bbox 930 1576 1041 1611; x_wconf 92' lang='lat' dir='ltr'><em>cum</em></span> <span class='ocrx_word' id='word_1_106' title='bbox 1078 1565 1175 1610; x_wconf 89' lang='lat' dir='ltr'><em>tuis</em></span> <span class='ocrx_word' id='word_1_107' title='bbox 1211 1568 1264 1610; x_wconf 91' lang='lat' dir='ltr'><em>ut</em></span> <span class='ocrx_word' id='word_1_108' title='bbox 1291 1569 1450 1624; x_wconf 90' lang='lat' dir='ltr'><em>potes.</em></span> <span class='ocrx_word' id='word_1_109' title='bbox 1528 1562 1788 1622; x_wconf 71' lang='lat' dir='ltr'><em>Moquntie</em></span> <span class='ocrx_word' id='word_1_110' title='bbox 1835 1574 1902 1609; x_wconf 90' lang='lat' dir='ltr'><em>ex</em></span> <span class='ocrx_word' id='word_1_111' title='bbox 1949 1562 2093 1609; x_wconf 87' lang='lat' dir='ltr'><em>domo</em></span> <span class='ocrx_word' id='word_1_112' title='bbox 2130 1563 2292 1609; x_wconf 88' lang='lat' dir='ltr'><em>nostri</em></span> <span class='ocrx_word' id='word_1_113' title='bbox 2325 1562 2411 1609; x_wconf 92' lang='lat' dir='ltr'><em>im-</em></span> 
     </span>
     <span class='ocr_line' id='line_1_15' title="bbox 266 1647 1785 1711; baseline -0.002 -14"><span class='ocrx_word' id='word_1_114' title='bbox 266 1650 544 1711; x_wconf 88' lang='lat' dir='ltr'><em>pressoris,</em></span> <span class='ocrx_word' id='word_1_115' title='bbox 576 1661 743 1709; x_wconf 89' lang='lat' dir='ltr'><em>penas</em></span> <span class='ocrx_word' id='word_1_116' title='bbox 778 1661 863 1705; x_wconf 83' lang='lat' dir='ltr'><em>sue</em></span> <span class='ocrx_word' id='word_1_117' title='bbox 901 1649 1194 1707; x_wconf 86' lang='lat' dir='ltr'><em>temeritatis</em></span> <span class='ocrx_word' id='word_1_118' title='bbox 1220 1647 1561 1707; x_wconf 81' lang='lat' dir='ltr'><em>proculdubio</em></span> <span class='ocrx_word' id='word_1_119' title='bbox 1598 1647 1785 1695; x_wconf 89' lang='lat' dir='ltr'><em>daturi.</em></span> 
     </span>
    </p>
   </div>
   <div class='ocr_carea' id='block_1_5' title="bbox 900 1822 2456 2106">
    <p class='ocr_par' dir='ltr' id='par_1_7' title="bbox 900 1822 2456 2106">
     <span class='ocr_line' id='line_1_16' title="bbox 1298 1822 2456 1882; baseline -0.005 1"><span class='ocrx_word' id='word_1_120' title='bbox 1298 1822 1386 1882; x_wconf 84' lang='lat'><em>33.</em></span> <span class='ocrx_word' id='word_1_121' title='bbox 1719 1852 1722 1855; x_wconf 93' lang='lat'>·</span> <span class='ocrx_word' id='word_1_122' title='bbox 2424 1837 2456 1873; x_wconf 77' lang='grc' dir='ltr'><em>ιε</em></span> 
     </span>
     <span class='ocr_line' id='line_1_17' title="bbox 911 1914 1784 2002; baseline 0.005 -6"><span class='ocrx_word' id='word_1_123' title='bbox 911 1949 953 1996; x_wconf 74' lang='grc' dir='ltr'><em>(ῐ</em></span> <span class='ocrx_word' id='word_1_124' title='bbox 998 1943 1398 2002; x_wconf 83' lang='lat' dir='ltr'><em>Pultronus</em></span> <span class='ocrx_word' id='word_1_125' title='bbox 1438 1914 1784 2000; x_wconf 70' lang='lat' dir='ltr'><em>Murcida</em></span> 
     </span>
     <span class='ocr_line' id='line_1_18' title="bbox 900 2055 1792 2106; baseline -0.001 -1"><span class='ocrx_word' id='word_1_126' title='bbox 900 2058 1192 2106; x_wconf 83' lang='lat' dir='ltr'><em>Titivillo</em></span> <span class='ocrx_word' id='word_1_127' title='bbox 1230 2057 1682 2106; x_wconf 90' lang='lat' dir='ltr'><em>Corniculario</em></span> <span class='ocrx_word' id='word_1_128' title='bbox 1719 2055 1792 2104; x_wconf 88' lang='lat' dir='ltr'><em>.S.</em></span> 
     </span>
    </p>
   </div>
   <div class='ocr_carea' id='block_1_6' title="bbox 165 2170 2456 3084">
    <p class='ocr_par' dir='ltr' id='par_1_8' title="bbox 277 2170 2456 2401">
     <span class='ocr_line' id='line_1_19' title="bbox 416 2170 2413 2233; baseline -0.002 -13"><span class='ocrx_word' id='word_1_129' title='bbox 416 2171 531 2220; x_wconf 92' lang='lat' dir='ltr'><em>Non</em></span> <span class='ocrx_word' id='word_1_130' title='bbox 558 2185 764 2233; x_wconf 88' lang='lat' dir='ltr'><em>possum</em></span> <span class='ocrx_word' id='word_1_131' title='bbox 802 2184 901 2219; x_wconf 89' lang='lat' dir='ltr'><em>non</em></span> <span class='ocrx_word' id='word_1_132' title='bbox 940 2172 1135 2230; x_wconf 92' lang='lat' dir='ltr'><em>dolere,</em></span> <span class='ocrx_word' id='word_1_133' title='bbox 1177 2185 1276 2219; x_wconf 92' lang='lat' dir='ltr'><em>non</em></span> <span class='ocrx_word' id='word_1_134' title='bbox 1315 2170 1653 2233; x_wconf 75' lang='lat' dir='ltr'><em>lachrymari,</em></span> <span class='ocrx_word' id='word_1_135' title='bbox 1705 2182 1805 2218; x_wconf 91' lang='lat' dir='ltr'><em>non</em></span> <span class='ocrx_word' id='word_1_136' title='bbox 1841 2173 2020 2227; x_wconf 80' lang='lat' dir='ltr'><em>mestus</em></span> <span class='ocrx_word' id='word_1_137' title='bbox 2055 2182 2173 2228; x_wconf 88' lang='lat' dir='ltr'><em>esse,</em></span> <span class='ocrx_word' id='word_1_138' title='bbox 2215 2170 2286 2216; x_wconf 88' lang='lat' dir='ltr'><em>ita</em></span> <span class='ocrx_word' id='word_1_139' title='bbox 2323 2181 2413 2217; x_wconf 91' lang='lat' dir='ltr'><em>nos</em></span> 
     </span>
     <span class='ocr_line' id='line_1_20' title="bbox 278 2255 2456 2317; baseline -0.001 -14"><span class='ocrx_word' id='word_1_140' title='bbox 278 2257 580 2304; x_wconf 78' lang='lat' dir='ltr'><em>excruciant</em></span> <span class='ocrx_word' id='word_1_141' title='bbox 604 2257 706 2304; x_wconf 85' lang='lat' dir='ltr'><em>viri</em></span> <span class='ocrx_word' id='word_1_142' title='bbox 727 2256 844 2304; x_wconf 90' lang='lat' dir='ltr'><em>boni</em></span> <span class='ocrx_word' id='word_1_143' title='bbox 877 2261 925 2303; x_wconf 91' lang='lat' dir='ltr'><em>et</em></span> <span class='ocrx_word' id='word_1_144' title='bbox 958 2258 1222 2317; x_wconf 90' lang='lat' dir='ltr'><em>sapientes.</em></span> <span class='ocrx_word' id='word_1_145' title='bbox 1265 2257 1327 2303; x_wconf 93' lang='lat' dir='ltr'><em>de</em></span> <span class='ocrx_word' id='word_1_146' title='bbox 1363 2256 1464 2303; x_wconf 89' lang='lat' dir='ltr'><em>illis</em></span> <span class='ocrx_word' id='word_1_147' title='bbox 1500 2256 1770 2303; x_wconf 77' lang='lat' dir='ltr'><em>dumtaxat</em></span> <span class='ocrx_word' id='word_1_148' title='bbox 1806 2255 1998 2315; x_wconf 83' lang='lat' dir='ltr'><em>loquor,</em></span> <span class='ocrx_word' id='word_1_149' title='bbox 2040 2255 2130 2314; x_wconf 84' lang='lat' dir='ltr'><em>qui</em></span> <span class='ocrx_word' id='word_1_150' title='bbox 2162 2267 2262 2302; x_wconf 89' lang='lat' dir='ltr'><em>non</em></span> <span class='ocrx_word' id='word_1_151' title='bbox 2298 2258 2414 2302; x_wconf 89' lang='lat' dir='ltr'><em>sunt</em></span> <span class='ocrx_word' id='word_1_152' title='bbox 2430 2278 2456 2315; x_wconf 53' lang='lat' dir='ltr'><em>‘a</em></span> 
     </span>
     <span class='ocr_line' id='line_1_21' title="bbox 277 2332 2456 2401; baseline -0.001 -12"><span class='ocrx_word' id='word_1_153' title='bbox 277 2342 340 2388; x_wconf 91' lang='lat' dir='ltr'><em>de</em></span> <span class='ocrx_word' id='word_1_154' title='bbox 383 2346 550 2389; x_wconf 91' lang='lat' dir='ltr'><em>nostro</em></span> <span class='ocrx_word' id='word_1_155' title='bbox 597 2341 920 2389; x_wconf 88' lang='lat' dir='ltr'><em>obscurorum</em></span> <span class='ocrx_word' id='word_1_156' title='bbox 965 2355 1134 2401; x_wconf 62' lang='lat' dir='ltr'><em>oreae.</em></span> <span class='ocrx_word' id='word_1_157' title='bbox 1211 2341 1277 2387; x_wconf 90' lang='lat' dir='ltr'><em>Et</em></span> <span class='ocrx_word' id='word_1_158' title='bbox 1319 2341 1433 2388; x_wconf 91' lang='lat' dir='ltr'><em>ideo</em></span> <span class='ocrx_word' id='word_1_159' title='bbox 2422 2332 2456 2380; x_wconf 50' lang='grc' dir='ltr'>ἦ</span> 
     </span>
    </p>

    <p class='ocr_par' dir='ltr' id='par_1_9' title="bbox 646 2424 2035 2486">
     <span class='ocr_line' id='line_1_22' title="bbox 646 2424 2035 2486; baseline -0.001 -13"><span class='ocrx_word' id='word_1_160' title='bbox 646 2427 709 2473; x_wconf 92' lang='lat' dir='ltr'><em>de</em></span> <span class='ocrx_word' id='word_1_161' title='bbox 743 2439 900 2486; x_wconf 67' lang='lat' dir='ltr'><em>yreqe</em></span> <span class='ocrx_word' id='word_1_162' title='bbox 936 2440 1035 2474; x_wconf 91' lang='lat' dir='ltr'><em>non</em></span> <span class='ocrx_word' id='word_1_163' title='bbox 1073 2426 1231 2473; x_wconf 90' lang='lat' dir='ltr'><em>ausim</em></span> <span class='ocrx_word' id='word_1_164' title='bbox 1269 2426 1536 2485; x_wconf 78' lang='lat' dir='ltr'><em>quicquam</em></span> <span class='ocrx_word' id='word_1_165' title='bbox 1573 2424 1823 2485; x_wconf 90' lang='lat' dir='ltr'><em>deponere</em></span> <span class='ocrx_word' id='word_1_166' title='bbox 1858 2429 2035 2472; x_wconf 87' lang='lat' dir='ltr'><em>tecum.</em></span> 
     </span>
    </p>

    <p class='ocr_par' dir='ltr' id='par_1_10' title="bbox 165 2508 2456 3084">
     <span class='ocr_line' id='line_1_23' title="bbox 165 2508 2411 2571; baseline 0.001 -17"><span class='ocrx_word' id='word_1_167' title='bbox 165 2512 257 2567; x_wconf 70' lang='lat' dir='ltr'><em>Qtij.</em></span> <span class='ocrx_word' id='word_1_168' title='bbox 278 2509 504 2571; x_wconf 79' lang='lat' dir='ltr'><em>Simplex</em></span> <span class='ocrx_word' id='word_1_169' title='bbox 531 2511 810 2571; x_wconf 86' lang='lat' dir='ltr'><em>plebecula,</em></span> <span class='ocrx_word' id='word_1_170' title='bbox 842 2513 999 2571; x_wconf 91' lang='lat' dir='ltr'><em>pueri</em></span> <span class='ocrx_word' id='word_1_171' title='bbox 1032 2523 1225 2571; x_wconf 80' lang='lat' dir='ltr'><em>quoque</em></span> <span class='ocrx_word' id='word_1_172' title='bbox 1259 2514 1307 2556; x_wconf 90' lang='lat' dir='ltr'><em>et</em></span> <span class='ocrx_word' id='word_1_173' title='bbox 1341 2510 1586 2569; x_wconf 89' lang='lat' dir='ltr'><em>mulieres,</em></span> <span class='ocrx_word' id='word_1_174' title='bbox 1618 2508 1826 2569; x_wconf 87' lang='lat' dir='ltr'><em>publico</em></span> <span class='ocrx_word' id='word_1_175' title='bbox 1858 2509 1864 2571; x_wconf 94' lang='grc' dir='ltr'>Ι</span> <span class='ocrx_word' id='word_1_176' title='bbox 1897 2523 1986 2558; x_wconf 90' lang='lat' dir='ltr'><em>nos</em></span> <span class='ocrx_word' id='word_1_177' title='bbox 2012 2509 2125 2556; x_wconf 91' lang='lat' dir='ltr'><em>odio</em></span> <span class='ocrx_word' id='word_1_178' title='bbox 2150 2509 2411 2568; x_wconf 84' lang='lat' dir='ltr'><em>insequun-</em></span> 
     </span>
     <span class='ocr_line' id='line_1_24' title="bbox 278 2593 2413 2656; baseline -0.001 -13"><span class='ocrx_word' id='word_1_179' title='bbox 278 2600 374 2643; x_wconf 92' lang='lat' dir='ltr'><em>tur.</em></span> <span class='ocrx_word' id='word_1_180' title='bbox 451 2595 719 2643; x_wconf 89' lang='lat' dir='ltr'><em>Clamitant</em></span> <span class='ocrx_word' id='word_1_181' title='bbox 754 2596 879 2643; x_wconf 90' lang='lat' dir='ltr'><em>enim</em></span> <span class='ocrx_word' id='word_1_182' title='bbox 906 2596 957 2642; x_wconf 91' lang='lat' dir='ltr'><em>in</em></span> <span class='ocrx_word' id='word_1_183' title='bbox 973 2596 1163 2656; x_wconf 88' lang='lat' dir='ltr'><em>plateis</em></span> <span class='ocrx_word' id='word_1_184' title='bbox 1202 2594 1315 2642; x_wconf 83' lang='lat' dir='ltr'><em>‘lzuc</em></span> <span class='ocrx_word' id='word_1_185' title='bbox 1341 2594 1438 2642; x_wconf 84' lang='lat' dir='ltr'><em>lzuc</em></span> <span class='ocrx_word' id='word_1_186' title='bbox 1463 2595 1665 2641; x_wconf 85' lang='lat' dir='ltr'><em>veniunt</em></span> <span class='ocrx_word' id='word_1_187' title='bbox 1689 2594 1889 2643; x_wconf 86' lang='lat' dir='ltr'><em>obscuri</em></span> <span class='ocrx_word' id='word_1_188' title='bbox 1922 2593 2273 2652; x_wconf 80' lang='lat' dir='ltr'><em>Reucbliniste‚</em></span> <span class='ocrx_word' id='word_1_189' title='bbox 2315 2606 2413 2641; x_wconf 92' lang='lat' dir='ltr'><em>non</em></span> 
     </span>
     <span class='ocr_line' id='line_1_25' title="bbox 273 2665 2456 2746; baseline -0.001 -20"><span class='ocrx_word' id='word_1_190' title='bbox 273 2681 434 2727; x_wconf 92' lang='lat' dir='ltr'><em>minus</em></span> <span class='ocrx_word' id='word_1_191' title='bbox 471 2680 562 2727; x_wconf 92' lang='lat' dir='ltr'><em>deo</em></span> <span class='ocrx_word' id='word_1_192' title='bbox 600 2693 748 2740; x_wconf 82' lang='lat' dir='ltr'><em>quam</em></span> <span class='ocrx_word' id='word_1_193' title='bbox 797 2681 1073 2727; x_wconf 75' lang='lat' dir='ltr'><em>bominibus</em></span> <span class='ocrx_word' id='word_1_194' title='bbox 1120 2676 1362 2727; x_wconf 89' lang='lat' dir='ltr'><em>odibiles&#39;.</em></span> <span class='ocrx_word' id='word_1_195' title='bbox 1439 2678 1641 2726; x_wconf 91' lang='lat' dir='ltr'><em>Iaciunt</em></span> <span class='ocrx_word' id='word_1_196' title='bbox 1685 2678 1869 2726; x_wconf 88' lang='lat' dir='ltr'><em>deinde</em></span> <span class='ocrx_word' id='word_1_197' title='bbox 1915 2680 1967 2726; x_wconf 90' lang='lat' dir='ltr'><em>in</em></span> <span class='ocrx_word' id='word_1_198' title='bbox 2013 2691 2105 2726; x_wconf 91' lang='lat' dir='ltr'><em>nos</em></span> <span class='ocrx_word' id='word_1_199' title='bbox 2153 2682 2397 2726; x_wconf 90' lang='lat' dir='ltr'><em>stercora.</em></span> <span class='ocrx_word' id='word_1_200' title='bbox 2432 2665 2456 2746; x_wconf 36' lang='grc' dir='ltr'><em>,ᾗ</em></span> 
     </span>
     <span class='ocr_line' id='line_1_26' title="bbox 282 2760 2456 2822; baseline -0 -11"><span class='ocrx_word' id='word_1_201' title='bbox 282 2762 414 2820; x_wconf 76' lang='lat' dir='ltr'><em>Quid</em></span> <span class='ocrx_word' id='word_1_202' title='bbox 446 2766 644 2812; x_wconf 82' lang='lat' dir='ltr'><em>multis?</em></span> <span class='ocrx_word' id='word_1_203' title='bbox 683 2765 840 2812; x_wconf 85' lang='lat' dir='ltr'><em>Canes</em></span> <span class='ocrx_word' id='word_1_204' title='bbox 865 2765 1005 2812; x_wconf 88' lang='lat' dir='ltr'><em>nobis</em></span> <span class='ocrx_word' id='word_1_205' title='bbox 1029 2765 1250 2812; x_wconf 89' lang='lat' dir='ltr'><em>omnibus</em></span> <span class='ocrx_word' id='word_1_206' title='bbox 1276 2764 1406 2812; x_wconf 89' lang='lat' dir='ltr'><em>ultro</em></span> <span class='ocrx_word' id='word_1_207' title='bbox 1430 2776 1528 2810; x_wconf 90' lang='lat' dir='ltr'><em>non</em></span> <span class='ocrx_word' id='word_1_208' title='bbox 1554 2764 1750 2811; x_wconf 88' lang='lat' dir='ltr'><em>irritati</em></span> <span class='ocrx_word' id='word_1_209' title='bbox 1766 2762 2062 2817; x_wconf 53' lang='lat' dir='ltr'><em>,adlatranL-</em></span> <span class='ocrx_word' id='word_1_210' title='bbox 2098 2764 2257 2822; x_wconf 70' lang='lat' dir='ltr'><em>niqris</em></span> <span class='ocrx_word' id='word_1_211' title='bbox 2281 2764 2409 2810; x_wconf 92' lang='lat' dir='ltr'><em>enim</em></span> <span class='ocrx_word' id='word_1_212' title='bbox 2424 2760 2456 2797; x_wconf 79' lang='lat'><em>²¹</em></span> 
     </span>
     <span class='ocr_line' id='line_1_27' title="bbox 279 2848 2456 2917; baseline 0 -22"><span class='ocrx_word' id='word_1_213' title='bbox 279 2849 466 2896; x_wconf 89' lang='lat' dir='ltr'><em>utimur</em></span> <span class='ocrx_word' id='word_1_214' title='bbox 501 2849 684 2896; x_wconf 81' lang='lat' dir='ltr'><em>larvis:</em></span> <span class='ocrx_word' id='word_1_215' title='bbox 722 2862 814 2896; x_wconf 91' lang='lat' dir='ltr'><em>nec</em></span> <span class='ocrx_word' id='word_1_216' title='bbox 851 2850 907 2896; x_wconf 92' lang='lat' dir='ltr'><em>id</em></span> <span class='ocrx_word' id='word_1_217' title='bbox 940 2850 1098 2897; x_wconf 91' lang='lat' dir='ltr'><em>solum</em></span> <span class='ocrx_word' id='word_1_218' title='bbox 1134 2861 1287 2896; x_wconf 89' lang='lat' dir='ltr'><em>canes</em></span> <span class='ocrx_word' id='word_1_219' title='bbox 1324 2853 1498 2907; x_wconf 67' lang='lat' dir='ltr'><em>ayunt,</em></span> <span class='ocrx_word' id='word_1_220' title='bbox 1540 2861 1708 2897; x_wconf 83' lang='lat' dir='ltr'><em>verum</em></span> <span class='ocrx_word' id='word_1_221' title='bbox 1745 2852 1793 2895; x_wconf 89' lang='lat' dir='ltr'><em>et</em></span> <span class='ocrx_word' id='word_1_222' title='bbox 1829 2849 1949 2896; x_wconf 87' lang='lat' dir='ltr'><em>viles</em></span> <span class='ocrx_word' id='word_1_223' title='bbox 1984 2848 2181 2908; x_wconf 72' lang='lat' dir='ltr'><em>caliqas</em></span> <span class='ocrx_word' id='word_1_224' title='bbox 2217 2852 2456 2917; x_wconf 56' lang='lat' dir='ltr'><em>nostras,-</em></span> 
     </span>
     <span class='ocr_line' id='line_1_28' title="bbox 282 2933 2449 2993; baseline 0.001 -15"><span class='ocrx_word' id='word_1_225' title='bbox 282 2936 330 2979; x_wconf 90' lang='lat' dir='ltr'><em>et</em></span> <span class='ocrx_word' id='word_1_226' title='bbox 366 2933 551 2981; x_wconf 91' lang='lat' dir='ltr'><em>detrita</em></span> <span class='ocrx_word' id='word_1_227' title='bbox 588 2935 875 2982; x_wconf 82' lang='lat' dir='ltr'><em>vestimenta</em></span> <span class='ocrx_word' id='word_1_228' title='bbox 923 2934 1194 2981; x_wconf 89' lang='lat' dir='ltr'><em>dilaniant.</em></span> <span class='ocrx_word' id='word_1_229' title='bbox 1281 2933 1407 2980; x_wconf 88' lang='lat' dir='ltr'><em>Vale</em></span> <span class='ocrx_word' id='word_1_230' title='bbox 1442 2933 1528 2980; x_wconf 87' lang='lat' dir='ltr'><em>Ex</em></span> <span class='ocrx_word' id='word_1_231' title='bbox 1564 2934 1695 2980; x_wconf 92' lang='lat' dir='ltr'><em>cella</em></span> <span class='ocrx_word' id='word_1_232' title='bbox 1732 2934 1951 2993; x_wconf 85' lang='lat' dir='ltr'><em>vinaria,</em></span> <span class='ocrx_word' id='word_1_233' title='bbox 1992 2933 2079 2981; x_wconf 90' lang='lat' dir='ltr'><em>ubi</em></span> <span class='ocrx_word' id='word_1_234' title='bbox 2111 2933 2252 2980; x_wconf 91' lang='lat' dir='ltr'><em>nobis</em></span> <span class='ocrx_word' id='word_1_235' title='bbox 2288 2933 2411 2980; x_wconf 92' lang='lat' dir='ltr'><em>dan·</em></span> <span class='ocrx_word' id='word_1_236' title='bbox 2442 2944 2449 2970; x_wconf 88' lang='grc'><em>-·</em></span> 
     </span>
     <span class='ocr_line' id='line_1_29' title="bbox 281 2992 2456 3084; baseline 0 -21"><span class='ocrx_word' id='word_1_237' title='bbox 281 3020 365 3064; x_wconf 92' lang='lat' dir='ltr'><em>tur</em></span> <span class='ocrx_word' id='word_1_238' title='bbox 401 3018 606 3066; x_wconf 90' lang='lat' dir='ltr'><em>deorum</em></span> <span class='ocrx_word' id='word_1_239' title='bbox 642 3011 882 3079; x_wconf 86' lang='lat' dir='ltr'><em>responsa</em></span> <span class='ocrx_word' id='word_1_240' title='bbox 926 3012 994 3084; x_wconf 91' lang='lat' dir='ltr'><em>[et</em></span> <span class='ocrx_word' id='word_1_241' title='bbox 1019 3022 1288 3079; x_wconf 90' lang='lat' dir='ltr'><em>poetarum</em></span> <span class='ocrx_word' id='word_1_242' title='bbox 1319 3015 1499 3075; x_wconf 82' lang='lat' dir='ltr'><em>fabule</em></span> <span class='ocrx_word' id='word_1_243' title='bbox 1536 3031 1568 3064; x_wconf 93' lang='lat' dir='ltr'><em>a</em></span> <span class='ocrx_word' id='word_1_244' title='bbox 1606 3017 1812 3067; x_wconf 82' lang='lat' dir='ltr'><em>Bacclio</em></span> <span class='ocrx_word' id='word_1_245' title='bbox 1848 3012 2211 3083; x_wconf 87' lang='lat' dir='ltr'><em>exponuntur].</em></span> <span class='ocrx_word' id='word_1_246' title='bbox 2436 2992 2456 3049; x_wconf 44' lang='lat'><em>&#39;7</em></span> 
     </span>
    </p>
   </div>
   <div class='ocr_carea' id='block_1_7' title="bbox 1056 3128 2456 3457">
    <p class='ocr_par' dir='ltr' id='par_1_11' title="bbox 1056 3128 2456 3457">
     <span class='ocr_line' id='line_1_30' title="bbox 1260 3128 2456 3260; baseline -0.005 -37"><span class='ocrx_word' id='word_1_247' title='bbox 1260 3238 1278 3260; x_wconf 28' lang='grc' dir='ltr'><em>ι,</em></span> <span class='ocrx_word' id='word_1_248' title='bbox 1298 3165 1390 3224; x_wconf 83' lang='grc'><em>34.</em></span> <span class='ocrx_word' id='word_1_249' title='bbox 1576 3165 1577 3168; x_wconf 56' lang='lat'>‘</span> <span class='ocrx_word' id='word_1_250' title='bbox 2416 3128 2456 3217; x_wconf 98' lang='grc'><strong>9</strong></span> 
     </span>
     <span class='ocr_line' id='line_1_31' title="bbox 1133 3286 2456 3346; baseline 0 -5"><span class='ocrx_word' id='word_1_251' title='bbox 1133 3293 1176 3341; x_wconf 72' lang='grc' dir='ltr'><em>(Ι</em></span> <span class='ocrx_word' id='word_1_252' title='bbox 1222 3286 1565 3344; x_wconf 79' lang='lat' dir='ltr'><em>Titivillus</em></span> <span class='ocrx_word' id='word_1_253' title='bbox 2411 3300 2456 3346; x_wconf 59' lang='lat'><em>5-</em></span> 
     </span>
     <span class='ocr_line' id='line_1_32' title="bbox 1056 3383 1679 3457; baseline 0 -11"><span class='ocrx_word' id='word_1_254' title='bbox 1056 3400 1361 3449; x_wconf 90' lang='lat' dir='ltr'><em>Pultrono</em></span> <span class='ocrx_word' id='word_1_255' title='bbox 1400 3400 1470 3457; x_wconf 84' lang='lat' dir='ltr'><em>.S.</em></span> <span class='ocrx_word' id='word_1_256' title='bbox 1499 3401 1557 3448; x_wconf 91' lang='lat' dir='ltr'><em>P.</em></span> <span class='ocrx_word' id='word_1_257' title='bbox 1584 3383 1679 3447; x_wconf 46' lang='lat' dir='ltr'><em>J).</em></span> 
     </span>
    </p>
   </div>
   <div class='ocr_carea' id='block_1_8' title="bbox 283 3506 2456 3832">
    <p class='ocr_par' dir='ltr' id='par_1_12' title="bbox 283 3506 2456 3832">
     <span class='ocr_line' id='line_1_33' title="bbox 425 3506 2449 3569; baseline 0.002 -15"><span class='ocrx_word' id='word_1_258' title='bbox 425 3506 654 3556; x_wconf 87' lang='lat' dir='ltr'><em>Animam</em></span> <span class='ocrx_word' id='word_1_259' title='bbox 699 3523 820 3569; x_wconf 68' lang='lat' dir='ltr'><em>ayo,</em></span> <span class='ocrx_word' id='word_1_260' title='bbox 870 3513 940 3558; x_wconf 93' lang='lat' dir='ltr'><em>mi</em></span> <span class='ocrx_word' id='word_1_261' title='bbox 980 3512 1270 3561; x_wconf 75' lang='lat' dir='ltr'><em>charissime</em></span> <span class='ocrx_word' id='word_1_262' title='bbox 1306 3514 1563 3562; x_wconf 90' lang='lat' dir='ltr'><em>Murcida.</em></span> <span class='ocrx_word' id='word_1_263' title='bbox 1643 3514 1842 3562; x_wconf 87' lang='lat' dir='ltr'><em>Utinam</em></span> <span class='ocrx_word' id='word_1_264' title='bbox 1886 3525 2054 3563; x_wconf 73' lang='lat' dir='ltr'><em>essem,</em></span> <span class='ocrx_word' id='word_1_265' title='bbox 2081 3525 2192 3560; x_wconf 93' lang='lat' dir='ltr'><em>cum</em></span> <span class='ocrx_word' id='word_1_266' title='bbox 2229 3510 2409 3559; x_wconf 77' lang='lat' dir='ltr'><em>Anchi·</em></span> <span class='ocrx_word' id='word_1_267' title='bbox 2448 3563 2449 3566; x_wconf 8' lang='grc' dir='ltr'><strong>Ἴ</strong></span> 
     </span>
     <span class='ocr_line' id='line_1_34' title="bbox 283 3592 2440 3662; baseline 0.001 -23"><span class='ocrx_word' id='word_1_268' title='bbox 283 3592 426 3639; x_wconf 89' lang='lat' dir='ltr'><em>siade</em></span> <span class='ocrx_word' id='word_1_269' title='bbox 461 3593 515 3639; x_wconf 90' lang='lat' dir='ltr'><em>in</em></span> <span class='ocrx_word' id='word_1_270' title='bbox 550 3592 734 3654; x_wconf 74' lang='lat' dir='ltr'><em>Elysiis</em></span> <span class='ocrx_word' id='word_1_271' title='bbox 769 3597 981 3654; x_wconf 88' lang='lat' dir='ltr'><em>campis,</em></span> <span class='ocrx_word' id='word_1_272' title='bbox 1022 3601 1070 3643; x_wconf 92' lang='lat' dir='ltr'><em>et</em></span> <span class='ocrx_word' id='word_1_273' title='bbox 1104 3597 1194 3654; x_wconf 79' lang='lat' dir='ltr'><em>bec</em></span> <span class='ocrx_word' id='word_1_274' title='bbox 1230 3602 1331 3645; x_wconf 90' lang='lat' dir='ltr'><em>tam</em></span> <span class='ocrx_word' id='word_1_275' title='bbox 1368 3597 1599 3657; x_wconf 84' lang='lat' dir='ltr'><em>infelicia</em></span> <span class='ocrx_word' id='word_1_276' title='bbox 1625 3611 1735 3646; x_wconf 88' lang='lat' dir='ltr'><em>non</em></span> <span class='ocrx_word' id='word_1_277' title='bbox 1773 3598 2018 3646; x_wconf 89' lang='lat' dir='ltr'><em>audirem.</em></span> <span class='ocrx_word' id='word_1_278' title='bbox 2095 3596 2230 3644; x_wconf 77' lang='lat' dir='ltr'><em>Proh</em></span> <span class='ocrx_word' id='word_1_279' title='bbox 2268 3597 2440 3662; x_wconf 15' lang='lat' dir='ltr'><em>deum&#39;y</em></span> 
     </span>
     <span class='ocr_line' id='line_1_35' title="bbox 285 3671 2410 3741; baseline 0.002 -18"><span class='ocrx_word' id='word_1_280' title='bbox 285 3680 435 3736; x_wconf 83' lang='lat' dir='ltr'><em>atque</em></span> <span class='ocrx_word' id='word_1_281' title='bbox 478 3671 735 3724; x_wconf 60' lang='lat' dir='ltr'><em>bominum·</em></span> <span class='ocrx_word' id='word_1_282' title='bbox 768 3678 947 3734; x_wconf 76' lang='lat' dir='ltr'><em>sidem!</em></span> <span class='ocrx_word' id='word_1_283' title='bbox 994 3681 1115 3738; x_wconf 80' lang='lat' dir='ltr'><em>quid</em></span> <span class='ocrx_word' id='word_1_284' title='bbox 1158 3681 1252 3728; x_wconf 76' lang='lat' dir='ltr'><em>boc</em></span> <span class='ocrx_word' id='word_1_285' title='bbox 1297 3687 1368 3729; x_wconf 92' lang='lat' dir='ltr'><em>est</em></span> <span class='ocrx_word' id='word_1_286' title='bbox 1414 3684 1461 3730; x_wconf 92' lang='lat' dir='ltr'><em>si</em></span> <span class='ocrx_word' id='word_1_287' title='bbox 1494 3684 1793 3731; x_wconf 86' lang='lat' dir='ltr'><em>contumelia</em></span> <span class='ocrx_word' id='word_1_288' title='bbox 1830 3695 1929 3730; x_wconf 91' lang='lat' dir='ltr'><em>non</em></span> <span class='ocrx_word' id='word_1_289' title='bbox 1966 3686 2064 3741; x_wconf 90' lang='lat' dir='ltr'><em>est,</em></span> <span class='ocrx_word' id='word_1_290' title='bbox 2115 3686 2204 3728; x_wconf 91' lang='lat' dir='ltr'><em>aut</em></span> <span class='ocrx_word' id='word_1_291' title='bbox 2239 3681 2410 3741; x_wconf 82' lang='lat' dir='ltr'><em>potius</em></span> 
     </span>
     <span class='ocr_line' id='line_1_36' title="bbox 285 3757 2456 3832; baseline 0.002 -24"><span class='ocrx_word' id='word_1_292' title='bbox 285 3762 368 3808; x_wconf 91' lang='lat' dir='ltr'><em>dei</em></span> <span class='ocrx_word' id='word_1_293' title='bbox 403 3761 600 3821; x_wconf 68' lang='lat' dir='ltr'><em>playa?</em></span> <span class='ocrx_word' id='word_1_294' title='bbox 641 3760 742 3818; x_wconf 76' lang='lat' dir='ltr'><em>Que</em></span> <span class='ocrx_word' id='word_1_295' title='bbox 778 3765 831 3808; x_wconf 90' lang='lat' dir='ltr'><em>tu</em></span> <span class='ocrx_word' id='word_1_296' title='bbox 867 3763 1065 3821; x_wconf 90' lang='lat' dir='ltr'><em>scribis,</em></span> <span class='ocrx_word' id='word_1_297' title='bbox 1118 3765 1455 3829; x_wconf 82' lang='lat' dir='ltr'><em>intolerabilia</em></span> <span class='ocrx_word' id='word_1_298' title='bbox 1491 3767 1613 3813; x_wconf 77' lang='lat' dir='ltr'><em>milii</em></span> <span class='ocrx_word' id='word_1_299' title='bbox 1646 3768 1891 3814; x_wconf 84' lang='lat' dir='ltr'><em>videntur.</em></span> <span class='ocrx_word' id='word_1_300' title='bbox 1969 3766 2172 3814; x_wconf 77' lang='lat' dir='ltr'><em>Gratias</em></span> <span class='ocrx_word' id='word_1_301' title='bbox 2213 3757 2400 3832; x_wconf 91' lang='lat' dir='ltr'><em>[etiam]</em></span> <span class='ocrx_word' id='word_1_302' title='bbox 2417 3764 2456 3805; x_wconf 60' lang='grc' dir='ltr'><em>*ἔ</em></span> 
     </span>
    </p>
   </div>
   <div class='ocr_carea' id='block_1_9' title="bbox 284 3851 617 3857">
    <p class='ocr_par' dir='ltr' id='par_1_13' title="bbox 284 3851 617 3857">
     <span class='ocr_line' id='line_1_37' title="bbox 284 3851 617 3857; baseline 0 0"><span class='ocrx_word' id='word_1_303' title='bbox 284 3851 617 3857; x_wconf 95' lang='lat' dir='ltr'><em> </em></span> 
     </span>
    </p>
   </div>
   <div class='ocr_carea' id='block_1_10' title="bbox 396 3883 2222 3943">
    <p class='ocr_par' dir='ltr' id='par_1_14' title="bbox 396 3883 2222 3943">
     <span class='ocr_line' id='line_1_38' title="bbox 396 3883 2222 3943; baseline 0.002 -17"><span class='ocrx_word' id='word_1_304' title='bbox 396 3883 444 3934; x_wconf 80' lang='lat'><em>‘¹25</em></span> <span class='ocrx_word' id='word_1_305' title='bbox 473 3886 580 3930; x_wconf 86' lang='lat' dir='ltr'><em>Isai.</em></span> <span class='ocrx_word' id='word_1_306' title='bbox 600 3886 678 3930; x_wconf 86' lang='lat' dir='ltr'><em>IX.</em></span> <span class='ocrx_word' id='word_1_307' title='bbox 701 3888 742 3926; x_wconf 81' lang='lat'><em>2.</em></span> <span class='ocrx_word' id='word_1_308' title='bbox 830 3884 914 3911; x_wconf 76' lang='lat'><strong>¹³·14</strong></span> <span class='ocrx_word' id='word_1_309' title='bbox 943 3889 1086 3928; x_wconf 80' lang='lat' dir='ltr'><em>nostri</em></span> <span class='ocrx_word' id='word_1_310' title='bbox 1116 3886 1262 3940; x_wconf 91' lang='lat' dir='ltr'><em>impr.]</em></span> <span class='ocrx_word' id='word_1_311' title='bbox 1300 3889 1441 3928; x_wconf 87' lang='lat' dir='ltr'><em>Ivonis</em></span> <span class='ocrx_word' id='word_1_312' title='bbox 1471 3888 1691 3940; x_wconf 80' lang='lat' dir='ltr'><em>Sclzoeferi.</em></span> <span class='ocrx_word' id='word_1_313' title='bbox 1779 3890 1814 3915; x_wconf 78' lang='lat'><em>²¹</em></span> <span class='ocrx_word' id='word_1_314' title='bbox 1851 3892 1978 3943; x_wconf 77' lang='lat' dir='ltr'><em>Very.</em></span> <span class='ocrx_word' id='word_1_315' title='bbox 2003 3889 2086 3930; x_wconf 87' lang='lat' dir='ltr'><em>ecl.</em></span> <span class='ocrx_word' id='word_1_316' title='bbox 2109 3887 2148 3939; x_wconf 85' lang='lat'><em>3,</em></span> <span class='ocrx_word' id='word_1_317' title='bbox 2163 3896 2222 3930; x_wconf 85' lang='lat'><em>32.</em></span> 
     </span>
    </p>
   </div>
  </div>
 </body>
</html>
