2456 4264
257 324 315 366 2³.
336 334 608 380 nnnmnonm
631 334 891 368 amiterno.
950 330 1007 365 24.
1032 334 1247 365 minu-1³1
1270 336 1436 367 unsvn.
1497 332 1555 366 25.
1577 337 1750 367 Anonrx
1771 338 2052 369 xmnonson.
2114 315 2237 374 225

78 466 232 518 retica
263 465 482 531 *pravitas
517 465 660 515 inest.
737 465 835 516 Sed
874 465 1005 531 quod
1045 471 1119 515 est
1155 466 1334 525 maim,
1382 465 1621 532 Theologi
1658 467 1901 518 dederunt
1938 469 2238 519 Sententiam

78 537 275 618 quando
311 563 459 599 causa
496 549 745 614 pendebat
780 551 831 599 in
869 549 1016 601 Curia
1053 549 1302 608 Romana,
1352 558 1401 601 et
1438 551 1787 603 Sanctissimus
1823 555 2069 604 commisit
2105 554 2237 620 illam

77 632 271 686 ⁴&rubus
294 632 636 684 cardinalibus
661 641 710 684 et
745 635 991 685 mandavit
1026 634 1272 685 silentium
1313 652 1372 686 ex
1411 642 1621 701 utraque
1657 644 1814 702 parte.
1889 637 1975 687 1110
2013 654 2113 689 non
2152 639 2238 689 ob-

76 705 238 770 stante
271 716 519 782 Theologi
555 717 875 769 Colonienses
912 717 1296 770 combusserunt
1331 719 1546 771 librum'.
1621 720 1762 771 Tunc
1799 722 1899 771 dixi
1937 723 2069 788 quod
2107 724 2237 775 sece-

38 803 197 854 im
238 801 332 868 bec
379 809 587 868 propter
632 803 1023 862 ParrbisienseS,
1076 810 1124 854 et
1169 803 1288 854 alias
1334 811 1545 870 quatuor
1591 806 1930 856 universitates
1981 822 2075 872 que
2124 815 2239 858 sunt

72 879 250 940 bontra
283 885 546 937 Reucblin.
620 888 894 954 Respondit
928 887 1163 953 Magister
1199 888 1469 939 Ecbertus:
1522 890 1685 939 ‘etiam
1733 891 1774 938 si
1814 902 1852 938 x
1897 892 2238 942 universitates

31 980 34 981 ’
74 975 239 1024 'namt
263 977 448 1022 *contra
494 970 632 1022 illum
669 972 960 1031 Ductorem,
1009 979 1177 1023 tamen
1228 971 1520 1024 debuerunt·
1556 989 1663 1023 esse
1713 972 1999 1024 obedientes
2045 991 2238 1025 summo

25 1052 297 1109 „Pontifici
332 1062 567 1123 tanquam
606 1058 753 1123 capiti
777 1056 1012 1122 Ecclesie.
1086 1056 1339 1120 Respondi
1376 1056 1509 1122 quod
1535 1058 1838 1121 presumitur
1875 1059 2005 1122 quod
2034 1064 2104 1108 tot
2129 1061 2235 1109 uni·

16 1132 327 1192 <instares
365 1155 464 1190 non
501 1147 683 1195 errant.
756 1141 1030 1205 Respondit
1060 1142 1168 1206 ipse
1206 1140 1355 1206 ‘quod
1392 1140 1502 1191 talis
1527 1143 1830 1206 presumptio
1859 1156 1959 1191 non
1985 1141 2125 1193 valet.
2190 1151 2239 1194 et

16 1214 198 1291 flssgo
222 1225 436 1276 credatis
457 1225 579 1276 mibi
605 1225 740 1290 quod
777 1225 906 1275 istud
943 1226 1206 1290 negocium
1243 1224 1446 1275 habebit
1482 1224 1665 1275 malum
1704 1224 1885 1276 finem’.
1959 1225 2100 1276 Tunc
2139 1242 2238 1277 non

21 1294 204 1361 Nolui
238 1309 453 1376 amplius
488 1309 823 1376 respondere,
872 1309 960 1360 sed
998 1309 1125 1359 dixi:
1175 1311 1256 1360 ‘sit
1293 1325 1319 1359 a
1358 1308 1433 1359 vel
1470 1309 1529 1368 b,
1583 1325 1674 1374 ego
1721 1325 1832 1359 non.
1861 1312 2014 1361 curo’.
2087 1311 2237 1377 Ergo,

28 1393 270 1446 domine
305 1392 533 1452 Ortvine,
582 1394 781 1444 notifico
828 1393 968 1444 vobis
1013 1394 1128 1444 talia
1168 1394 1301 1459 quod
1340 1393 1499 1444 velitis
1537 1409 1644 1445 esse
1696 1401 1890 1453 cautuS,
1940 1397 2054 1460 quia
2092 1397 2239 1446 timeo

54 1479 205 1547 'flod
241 1477 495 1530 Sententia
533 1480 629 1528 erit
666 1484 840 1529 contra
878 1493 989 1537 voS,
1040 1480 1152 1543 quia
1200 1493 1327 1544 papa
1379 1485 1454 1530 est
1490 1480 1667 1530 iratus:
1720 1486 1768 1530 et
1814 1480 1855 1530 si
1904 1481 2049 1530 etiam
2086 1481 2239 1546 Rome

70 1562 279 1632 peditis
312 1561 476 1621 litem,
515 1569 637 1614 tunc
675 1563 902 1613 diabolus
939 1562 1128 1614 tenebit
1165 1563 1438 1614 candelam.
1514 1562 1898 1614 Rostochienses
1936 1571 2051 1615 sunt
2075 1569 2240 1630 magni

20 1638 259 1705 flflmici
281 1646 711 1705 Parthisiensium,
752 1649 868 1714 quia
891 1647 1257 1698 Parrhisienses
1282 1648 1468 1699 habent
1503 1663 1658 1698 unum
1697 1654 1931 1699 statutum
1969 1651 2102 1715 quod
2140 1666 2239 1701 non

70 1734 322 1801 cupiunt
358 1732 421 1784 ad
458 1732 741 1783 facultatem
780 1748 920 1783 suam
947 1733 1209 1798 Magistros
1235 1733 1634 1790 Rostocbienses,
1674 1733 1736 1784 Et
1761 1735 1831 1784 sic
1856 1733 2240 1786 Rostocbienses

27 1805 225 1881 adium*
253 1833 356 1868 non
394 1818 644 1883 accipiunt
678 1817 1066 1869 parrhisienses.
1143 1818 1238 1868 Sed
1289 1833 1374 1868 vos
1423 1817 1551 1868 forte
1605 1819 1737 1868 scitis
1787 1819 1904 1884 quid
1943 1819 2131 1870 debetis
2170 1821 2238 1870 fa-

73 1916 205 1956 eere.
277 1901 582 1954 Commendo
619 1919 701 1954 me
738 1902 891 1953 vobis.
967 1903 1146 1954 Datum
1183 1901 1415 1953 Rostock.

1107 2139 1194 2199 25.

23 2266 67 2345 ξ·
526 2255 912 2337 Magister
957 2254 1300 2317 Adolf-us
1345 2253 1787 2335 Klingesor

678 2368 1010 2439 Magistro
1049 2367 1339 2422 Ortvino
1379 2366 1631 2420 Gratio.

211 2482 393 2535 Salutis
429 2490 616 2535 tantum
725 2485 787 2533 sit
824 2483 1058 2548 Magistro
1097 2482 1324 2538 Ortvino,
1364 2488 1602 2547 quantum

211 2582 311 2620 non
347 2575 511 2633 potest
547 2570 597 2619 in
636 2569 730 2619 hac
766 2567 927 2619 littera
967 2574 1121 2626 stare,
1233 2574 1282 2618 et
1319 2569 1529 2617 nuncius
1567 2583 1665 2617 non
1705 2574 1867 2634 potest
1904 2572 2128 2631 portare,

167 2642 263 2718 g'et
295 2668 444 2706 nemo
480 2660 643 2719 potest
680 2654 872 2711 dicere,
985 2661 1034 2704 et
1068 2668 1216 2704 nemo
1254 2658 1417 2719 potest
1454 2651 1692 2702 scribere.

27 2733 141 2789 *B
172 2751 287 2789 cum
322 2737 420 2790 boc
456 2739 604 2790 etiam
651 2737 829 2790 vellem
878 2739 1010 2803 quod
1062 2739 1235 2789 essetis
1283 2736 1412 2802 letus
1459 2743 1507 2786 et
1549 2750 1648 2785 non
1703 2736 1992 2785 cruciaretis
2040 2750 2123 2784 vos
2171 2734 2240 2783 sic

73 2821 128 2873 h
170 2836 316 2875 cama
362 2822 494 2874 fidei.
568 2822 674 2887 Ego
723 2838 978 2889 nunquam
1026 2823 1211 2873 suadeo
1267 2821 1405 2872 vobis
1463 2821 1592 2887 quod
1642 2819 1832 2871 debetis
1880 2835 1989 2870 csse
2042 2819 2105 2868 ita
2153 2819 2239 2867 tri-

73 2905 186 2967 ab.
237 2907 326 2966 sed
370 2908 668 2975 permittatis
715 2907 854 2959 vobis
901 2909 1142 2974 requiem.
1219 2907 1320 2972 lpsi
1369 2907 1513 2956 etiam
1561 2905 1712 2956 multa
1752 2905 1922 2954 dicunt
1970 2904 2086 2953 mihi
2139 2902 2237 2959 bic,

73 2991 184 3057 ,ἢ
229 3006 339 3044 sum
377 2991 696 3044 Coloniensis.
770 2993 866 3044 Sed
914 3008 1007 3058 ego
1054 2993 1192 3043 rideo
1241 2992 1381 3057 quasi
1427 3006 1525 3040 non
1565 3005 1758 3041 curans.
1799 2987 2058 3053 aliquando
2097 2988 2238 3037 etiam

76 3077 351 3143 lnpondeo
387 3078 508 3144 ipsis
543 3092 726 3129 vexans
762 3082 850 3129 eos
886 3079 1083 3129 iterum.
1159 3077 1296 3127 Sicut
1342 3091 1502 3142 nuper
1554 3074 1751 3141 quando
1791 3087 1918 3122 unus
1957 3071 2055 3138 (qui
2094 3072 2237 3121 etiam

22 3161 210 3213 ”uit
253 3161 455 3230 Colonie
513 3169 626 3215 ante
674 3175 711 3213 x
762 3163 934 3229 annos)
984 3163 1105 3213 dixit
1151 3161 1272 3212 mihi
1324 3160 1454 3227 quod
1504 3175 1601 3209 non
1653 3158 1808 3208 credit
1855 3157 1985 3221 quod
2035 3156 2238 3206 Pseffer-

74 3240 200 3297 bru
232 3245 396 3299 adhuc
429 3254 505 3299 est
535 3248 700 3300 bonus
735 3248 1058 3300 Christianus,
1133 3247 1258 3306 Quia
1296 3246 1417 3296 dixit
1454 3244 1586 3310 quod
1627 3243 1741 3292 vidit
1775 3256 1887 3292 eum
1930 3246 2044 3291 ante
2086 3255 2237 3291 unuin

75 3335 262 3383 unm
296 3336 348 3384 et
381 3332 545 3385 adhuc
584 3332 768 3399 fetebat
804 3334 933 3384 sicut
969 3330 1093 3383 alius
1118 3331 1311 3397 ludeuS.
1388 3329 1448 3379 Et
1485 3335 1648 3379 tamen
1688 3327 1859 3377 dicunt
1896 3326 2238 3381 communiter,

75 3412 208 3484 ρει
253 3416 452 3482 quando
500 3418 639 3484 Iudei
685 3417 1020 3484 baptizantur,
1078 3430 1178 3466 non
1226 3414 1435 3480 amplius
1482 3413 1649 3479 fetent.
1726 3412 1856 3476 Ergo
1904 3410 2063 3461 credit
2109 3408 2238 3475 quod

74 3491 380 3566 markom
418 3503 581 3554 adbuc
620 3501 770 3553 babet
807 3516 1019 3566 nequam
1060 3507 1172 3566 post
1208 3514 1370 3550 aures,
1421 3504 1468 3547 et
1514 3497 1710 3563 quando
1748 3494 1987 3559 Tlieologi
2037 3494 2241 3544 credent

26 3583 211 3653 ssfflod
255 3593 332 3638 est
378 3589 593 3654 optimus
631 3586 960 3644 Christianus»,
1011 3593 1130 3635 tunc
1178 3586 1354 3635 iterum
1404 3584 1497 3634 erit
1535 3582 1737 3646 ludens,
1788 3588 1836 3631 et
1873 3579 1992 3629 tides
2031 3593 2127 3627 non
2168 3582 2239 3624 est

77 3674 410 3717 ⁸2⁹·-.--

98 3746 135 3781 ,·“.
187 3738 208 3769 ⁸
234 3739 457 3785 thomann
478 3746 519 3784 5.
608 3740 626 3768 ⁶
658 3754 682 3783 e
705 3745 747 3783 4.
835 3742 853 3767 ⁸
883 3741 943 3784 M.
966 3743 1006 3782 4.
1096 3739 1255 3781 decem
1278 3743 1317 3781 5.
1405 3737 1422 3763 ⁸
1455 3751 1495 3781 e.
1520 3740 1561 3780 4.
1649 3736 1667 3762 ⁹
1698 3768 1709 3779 .
1734 3737 1793 3776 Et
1815 3738 1854 3776 4.
1937 3732 1971 3758 ¹⁸
2004 3732 2172 3772 Ithome
2196 3733 2236 3767 5.

92 3850 101 3857 ,
185 3806 300 3839 ἰ’-’4
328 3812 499 3867 Aperte
532 3812 827 3867 rigmatizare
859 3811 1006 3854 voluit
1027 3810 1290 3864 Klingesor,
1325 3808 1442 3863 quod
1474 3808 1520 3848 in
1554 3806 1652 3850 edd.
1687 3806 1834 3847 adhuc
1868 3817 1953 3844 non
1987 3801 2234 3842 indicatum

80 3880 163 3926 ss·
246 3881 285 3909 ²⁸
313 3881 385 3924 lfa
417 3886 457 3927 4.
547 3883 686 3924 litera
707 3887 748 3926 5.
835 3879 872 3909 ²⁴
905 3895 928 3923 e
962 3883 1001 3924 4.
1088 3879 1125 3907 ²⁷
1156 3879 1294 3922 michi
1326 3884 1366 3921 5.
1400 3886 1443 3921 et
1470 3881 1532 3920 sic
1556 3879 1703 3931 paullo
1730 3881 1845 3929 post.
1933 3872 1969 3899 ²⁰
2004 3902 2014 3912 ·
2035 3865 2165 3919 Aliqt‘»
2196 3870 2233 3905 ⁴·

78 3942 119 3976 ·
143 3961 202 3995 ,1.
221 3956 262 3995 5.
346 3952 384 3979 ⁸⁴
414 3953 600 3994 Pfeffer.
623 3957 663 3994 5.
753 3983 764 3995 .
788 3954 848 3995 Et
879 3956 920 3996 4.

182 4021 295 4065 Err-
318 4036 576 4066 onscvnon.
598 4036 764 4065 vmon,
1806 4020 1868 4067 15
