2456 4264
278 284 401 342 404
863 305 1057 334 ORTVINI
1079 303 1243 332 GRATII
1263 303 1489 332 EPISTOLA
1509 302 1851 332 APOLOGETICA.

265 438 454 500 probet
490 449 553 483 ac
585 435 740 495 plane
778 433 1082 480 detestetur?
1112 480 1117 487 ,
1156 431 1198 478 (Ι
1237 433 1465 480 Ceterum
1502 433 1593 490 hec
1618 433 1840 480 ridicula
1867 433 2139 493 Capnionis
2162 433 2426 493 subtilitaS,

275 524 327 569 in
366 518 587 581 prefata
623 518 944 577 Inquisitoris
991 517 1234 577 apoloqia
1282 518 1406 564 satis
1450 530 1702 578 superque
1746 518 2060 576 retunditur,
2112 522 2159 564 et
2205 518 2255 564 in
2303 516 2432 565 Boc—

274 606 409 652 catio
446 604 530 650 lib.
559 610 613 645 ΙΙ.
643 602 706 649 de
739 602 1042 662 qenealoqia
1081 601 1314 661 deorum,
1357 602 1569 661 itemque
1605 602 1658 648 in
1695 600 1976 660 Auqustino
2011 602 2098 649 lib.
2127 609 2181 642 Π.
2208 601 2271 648 de
2294 602 2429 649 civit.

272 689 356 736 dei
388 702 432 735 c.
460 684 897 743 X111.etConfess.
926 685 1011 733 lib.
1038 693 1069 727 I.
1098 686 1161 732 de
1191 688 1355 746 poetis
1390 687 1654 745 multisque
1692 686 1808 733 aliis
1843 687 1896 732 in
1933 686 2070 746 locis,
2111 700 2207 746 que
2231 685 2329 743 hie,
2371 698 2434 733 ne

273 772 576 833 Capnionem
623 775 846 818 nostrum
894 770 1163 831 offendisse
1208 771 1494 832 videamur,
1543 770 1756 817 libenter
1801 770 2083 818 omittimus.
2159 768 2201 814 (Ι
2250 769 2417 829 Atqui,
2440 783 2456 814 5

269 869 332 904 ne
356 857 493 917 quod
516 857 742 918 primum
775 858 926 915 put0,
968 853 1052 902 hic
1088 855 1285 902 silentio
1312 859 1622 915 preteream,
1664 853 1838 914 Neque
1863 854 2170 914 Capnionem
2195 858 2426 913 vestrum,

269 954 429 1001 neque
465 939 840 989 Reuchlinistas
887 951 1079 996 omneS,
1131 951 1289 998 neque
1337 943 1616 987 vestrorum
1664 950 1960 998 quemquam
1997 942 2294 998 poetarum,
2343 951 2428 986 no-

265 1026 384 1073 stris
428 1025 564 1073 hisce
608 1024 789 1072 litteris
826 1023 1022 1084 offendi
1055 1024 1407 1084 indifferenter
1442 1024 1682 1071 volumus.
1762 1022 1825 1071 Ut
1861 1023 1989 1070 enim
2039 1023 2265 1082 duplices
2313 1027 2429 1071 sunt

267 1109 640 1168 Reuchliniste,
695 1110 770 1156 ita
809 1121 902 1155 nec
938 1108 1158 1155 eiusdem
1196 1109 1391 1167 i‘nqenii
1413 1112 1565 1169 poete
1603 1119 1784 1155 omnes.
1859 1106 1967 1154 Alii
1999 1108 2129 1154 enim
2165 1107 2284 1155 boni
2315 1111 2431 1155 sunt

266 1195 360 1242 alii
392 1194 539 1253 mali,
591 1206 684 1240 nec
721 1194 845 1241 mali
882 1193 1080 1252 quidem
1117 1193 1171 1240 in
1211 1193 1367 1240 oculis
1403 1194 1549 1252 meiS,
1599 1193 1657 1239 ni
1688 1192 1830 1239 sedes
1866 1192 1980 1252 ipsa
2017 1192 2320 1252 apostolica,
2363 1203 2456 1239 ac1

265 1279 385 1327 boni
418 1279 632 1338 denique
669 1291 835 1325 omnes
872 1282 973 1324 tam
1013 1277 1275 1337 obscuros,
1327 1282 1530 1338 tamque
1567 1277 1841 1337 deqeneres
1867 1280 2075 1337 poetas,
2117 1281 2166 1324 et
2202 1277 2308 1324 leve
2342 1276 2443 1323 ho-·

262 1365 450 1411 minum
497 1376 657 1422 ,qenus
703 1367 751 1409 et
791 1362 926 1420 filios
972 1363 1252 1422 iniquitatis
1298 1363 1637 1423 appellarent.
1715 1361 1883 1409 Habet
1923 1359 2160 1422 profecto
2209 1361 2429 1409 Ioannes

263 1448 514 1496 Reuchlin
563 1447 642 1505 (ut
691 1446 754 1493 de
799 1446 941 1495 bonis
977 1447 1184 1507 loquar)
1233 1447 1368 1494 viros
1412 1447 1631 1506 nobileS,
1692 1446 1888 1506 doctos,
1940 1446 2185 1505 eruditos,
2235 1450 2285 1493 et
2329 1446 2428 1493 elo-

262 1536 492 1592 quentes,
551 1532 633 1579 sui
678 1531 1070 1589 amantissimos,
1132 1544 1345 1591 quorum
1394 1532 1545 1579 etiam
1593 1532 1848 1591 nonnulli,
1901 1535 2082 1592 aperto
2129 1531 2304 1578 Marte
2349 1530 2431 1588 (id

261 1617 399 1676 quod
422 1617 666 1664 detestari
686 1629 785 1664 non
811 1618 1101 1676 possumus)
1142 1617 1194 1663 in
1228 1625 1455 1677 puqnam
1492 1617 1910 1676 conqrediuntur.
1987 1615 2156 1663 Habet
2187 1619 2454 1676 preterea1

259 1702 503 1760 inqenuos
528 1713 633 1761 pro
670 1713 722 1747 se
761 1701 1128 1759 adolescentes,
1182 1705 1230 1748 et
1274 1702 1522 1749 studiosos
1560 1701 1776 1761 aliquot,
1828 1701 2077 1749 bonarum
2115 1701 2300 1748 artium
2348 1699 2427 1757 (ut

259 1786 436 1846 audio)
466 1782 812 1846 professores,
855 1798 977 1846 quos
1001 1788 1138 1832 certe
1176 1784 1346 1842 (modo
1373 1786 1556 1842 iustitie
1581 1790 1629 1833 et
1651 1786 1858 1833 veritati
1879 1785 2242 1845 adherescant)
2280 1785 2427 1832 unice

261 1882 428 1917 omnes
463 1874 514 1917 et
547 1870 758 1918 colimus
793 1874 842 1917 et
878 1882 1204 1928 veneramur,
1261 1867 1385 1917 Tum
1433 1870 1571 1930 quod
1616 1870 1680 1918 de
1729 1869 1808 1918 his
1853 1883 2043 1930 maqna
2081 1869 2277 1918 Christo
2312 1882 2425 1930 spes

255 1955 344 2014 sit,
397 1958 446 2001 et
480 1954 651 2002 laudis
687 1959 734 2002 et
766 1955 956 2014 qlorie,
1012 1953 1136 2002 Tum
1174 1954 1312 2014 quod
1344 1967 1619 2014 qenerosus
1656 1956 1876 2014 animus,
1930 1959 1978 2002 et
2014 1954 2233 2003 honestis
2269 1953 2421 2002 imbu-

256 2043 334 2086 tus
371 2039 648 2099 disciplinis
687 2039 875 2086 Christi
906 2051 1140 2099 sponsam
1178 2038 1413 2096 hereticis
1443 2037 1629 2097 fedari
1653 2039 2000 2100 pravitatibus
2035 2053 2136 2088 non
2163 2040 2415 2100 patiatur.
2433 2053 2456 2089 2

255 2122 330 2169 De
366 2123 444 2171 his
479 2128 616 2171 certe
652 2125 775 2172 viris
810 2123 951 2170 bonis
989 2124 1284 2183 optimisque
1319 2124 1724 2173 adolescentibus
1768 2125 2022 2185 loquimur
2067 2124 2211 2172 nihil.
2287 2123 2419 2171 Nam

252 2208 300 2254 si
325 2206 616 2265 falsissimis
653 2208 733 2267 (ut
767 2221 880 2256 cum
915 2209 1094 2268 qratia
1130 2209 1337 2269 loquar)
1378 2208 1654 2258 Reuchlini
1686 2206 2087 2269 defensionibus,
2136 2222 2224 2257 seu
2249 2209 2421 2270 potius

255 2293 616 2353 offensionibus
653 2293 873 2352 abiectiS,
915 2294 1174 2340 verissima
1211 2293 1556 2354 theoloqorum
1593 2295 1805 2355 scripta,
1847 2298 1896 2341 et
1919 2295 2141 2342 maxime
2165 2307 2258 2354 que
2283 2295 2419 2341 intra

254 2376 360 2424 dies
398 2381 532 2437 oct0,
565 2391 667 2438 per
701 2377 1032 2425 reverendum
1069 2377 1424 2438 Inquisitorem
1460 2379 1556 2427 hoc
1593 2391 1730 2427 anno
1765 2383 1881 2427 sunt
1918 2379 2081 2438 edita,
2123 2391 2222 2426 non
2258 2379 2415 2427 solum

252 2461 445 2521 leqere,
487 2475 657 2510 verum
694 2463 827 2510 iusta
863 2463 1039 2522 lance,
1090 2467 1140 2510 et
1176 2463 1247 2510 ad
1283 2476 1514 2523 unquem.
1538 2463 1619 2522 (ut
1656 2464 1869 2524 dicitur)
1907 2465 2040 2512 citra
2074 2464 2185 2522 ceci
2210 2461 2456 2522 favorisz

253 2545 698 2594 dissimulationem
747 2548 1048 2595 examinare
1095 2547 1461 2608 diqnarentur,
1511 2562 1601 2596 suo
1649 2548 1728 2607 (ut
1772 2549 1978 2610 opinor)
2027 2548 2287 2609 Capnione
2333 2549 2414 2596 de-

249 2634 409 2690 sert0,
451 2630 592 2678 nobis
622 2632 810 2692 procul
847 2631 998 2679 dubio
1036 2631 1357 2690 adhererent.
1436 2631 1478 2678 (Ι
1519 2631 1765 2682 Obscuros
1801 2634 1960 2694 iyitur
1994 2634 2153 2681 solum
2178 2632 2413 2681 Reuchli-

249 2715 407 2761 nistas
443 2716 732 2775 evanqelice
776 2715 1049 2764 charitatis
1095 2720 1524 2777 transqressores,
1565 2718 1831 2781 polyleqos
1875 2731 2092 2779 quoque,
2143 2723 2190 2766 et
2225 2723 2413 2767 natura
2446 2776 2449 2779 .

248 2799 451 2846 minime
487 2800 710 2860 cicures,
751 2813 853 2848 non
892 2800 1078 2860 absque
1114 2803 1280 2849 nostri
1312 2803 1658 2850 moderatione
1693 2804 2024 2863 insectamur,
2077 2803 2260 2863 diqnos
2285 2817 2410 2864 pro-

240 2881 384 2939 fecto
421 2896 545 2944 quos
581 2886 783 2946 sapiens
811 2889 1082 2946 poetarum
1126 2886 1336 2946 chorus,
1386 2887 1903 2948 nobilissimorumque
1946 2889 2169 2936 virorum
2213 2901 2406 2937 conses—
2421 2901 2456 2939 a

247 2981 354 3027 sus,
396 2968 532 3016 velut
568 2969 863 3029 deqeneres,
917 2982 981 3017 ac
1008 2971 1408 3031 perditissimum
1442 2985 1602 3032 ,qenus
1636 2972 1890 3021 hominum
1916 2977 2168 3034 perpetuo
2206 2974 2409 3021 deteste-

247 3055 348 3099 tur.
427 3051 525 3109 Qui
560 3054 676 3102 dum
711 3052 987 3112 manifesta
1014 3040 1262 3116 phrenesi
1295 3069 1358 3108 ac
1388 3055 1549 3115 furiis
1587 3049 1780 3115 (nescio
1817 3057 2016 3118 quibus)
2055 3071 2158 3106 una
2182 3071 2292 3105 cum
2317 3071 2408 3106 suo

251 3134 509 3195 Capnione
545 3140 795 3200 correpti,
839 3140 969 3197 alme
1008 3144 1158 3200 atque
1194 3140 1469 3189 laudabilis
1506 3145 1674 3206 nostre
1710 3143 2052 3190 universitatis
2077 3143 2307 3190 doctores
2331 3144 2405 3190 in-

242 3216 450 3275 famare
486 3227 762 3282 conantur,
815 3224 1086 3272 cimmeriis
1131 3226 1345 3273 involuti
1387 3226 1627 3286 tenebris,
1680 3227 1912 3287 omnique
1947 3240 2140 3275 morum
2176 3227 2407 3288 deposita

242 3304 524 3363 qravitate,
567 3308 890 3366 nequissimos
924 3321 977 3356 se
1015 3308 1187 3367 (modo
1224 3311 1412 3358 veritas
1448 3311 1563 3371 ipsa
1600 3311 1765 3359 locum
1789 3311 1977 3359 habere
2002 3312 2218 3373 poterit)
2256 3311 2396 3359 halo-

235 3386 467 3446 phantas
505 3401 567 3436 ac
604 3391 869 3440 nebulones
906 3393 1186 3441 ostendunt.
1269 3388 1489 3461 [Quippe
1534 3395 1673 3455 quod
1715 3408 1808 3444 nec
1848 3397 2182 3457 periculosius
2217 3396 2407 3444 alicubi

244 3475 478 3530 erratur,
531 3485 622 3520 nec
658 3477 808 3534 peius
857 3477 1055 3536 aliquid
1098 3479 1403 3540 inquiritur,
1453 3493 1546 3527 nec
1590 3481 1716 3540 quid
1748 3481 1954 3542 impium
1989 3482 2152 3541 maqis
2186 3482 2406 3529 inveniri

233 3559 426 3615 potest,
477 3569 627 3615 quam
673 3559 761 3606 ubi
796 3559 992 3608 Christo
1044 3574 1107 3609 ac
1150 3564 1340 3611 sanctis
1385 3565 1489 3613 eius
1525 3565 1780 3624 illuditur,
1832 3569 1881 3612 et
1926 3566 2130 3623 ecclesie
2167 3566 2400 3613 doctores

241 3643 638 3688 contemnuntur.
717 3640 1039 3704 Quapropter
1083 3650 1288 3694 sanctus
1325 3647 1515 3696 Paulus
1562 3649 1635 3696 ad
1670 3649 1967 3711 Corynthios
1998 3651 2161 3711 prime
2197 3663 2313 3711 cap.
2341 3657 2397 3693 ΙΙ.

242 3721 487 3771 Animalis
523 3723 731 3785 (inquit)
769 3726 913 3774 homo
939 3741 1038 3775 non
1065 3731 1291 3790 percipit
1313 3744 1376 3779 ea
1401 3746 1494 3792 que
1518 3737 1634 3781 sunt
1655 3735 1864 3795 spiritus
1889 3728 2009 3800 dei.]
2087 3733 2130 3780 (Ι
2168 3734 2394 3783 Ceterum

354 3902 371 3927 5
401 3902 474 3944 off.
496 3901 604 3957 vid.]
637 3904 841 3945 letaliter
871 3906 1105 3947 offendant
1136 3910 1177 3948 2.
1266 3908 1284 3934 ⁷
1315 3911 1573 3962 quempiam
1602 3916 1644 3954 2.
1732 3911 1769 3939 ²8
1799 3913 2040 3968 polylegos
2070 3916 2165 3957 1.2.
