2456 4264
204 188 280 246 86
504 209 938 239 10A.‘PEPER100RN1
960 209 1188 238 DEFENSIO
1213 207 1393 236 CONTRA
1415 207 1623 237 FAMOSAS
1648 208 1690 236 0.
1711 208 1756 237 V.
1778 206 2047 237 EPISTOLAS.

202 345 314 392 aliis
344 344 491 391 etiam
528 341 738 388 honestis
772 341 891 387 viris
921 353 987 386 an
1022 339 1113 387 hoc
1147 342 1270 387 esset
1303 339 1425 386 mihi
1452 340 1754 398 compertum
1782 342 1831 386 et
1868 351 2053 397 verum,
2089 338 2222 398 quod
2252 338 2349 387 Iu—

86 423 192 479 {Aiij
202 429 285 486 dei
315 430 608 486 coqerentur
643 424 825 471 habere
854 424 1144 481 sanquinem
1180 423 1505 470 christianum
1532 416 1553 488 ΙΙ
1578 434 1640 469 ac
1675 434 1731 469 eo
1764 424 1838 470 uti
1860 422 1931 470 ad
1953 423 2223 470 liniendum
2247 437 2351 471 sese
2430 451 2434 453 >

200 526 260 559 ne
298 511 491 569 feteant
541 512 628 556 aut
667 507 862 554 sordidi
906 512 1158 564 notentur,
1205 508 1280 554 uti
1330 507 1597 553 communis
1631 510 1703 553 est
1732 505 1900 564 fama.
1973 506 2232 567 Respondi
2261 520 2351 566 eqo

193 609 288 655 per
322 593 641 642 immortalem
677 591 853 637 iurans
889 591 1032 637 deum
1061 590 1195 649 quod
1218 590 1308 647 hec
1332 594 1489 637 essent
1509 589 1632 637 mihi
1648 602 1860 649 prorsus
1883 591 2148 650 incoqnita.
2206 589 2350 638 Rur-
2446 651 2454 655 ,.

197 692 278 726 sus
316 678 649 735 interroqatus
694 687 824 733 sum,
872 674 956 720 Ex
1007 686 1101 732 quo
1142 673 1532 721 Christianorum
1578 673 1724 721 liberi
1763 685 1910 733 quam
1956 675 2207 734 sepissime
2254 675 2386 723 sint5
2442 700 2456 726 κ,

198 761 514 822 martyrizati
550 773 581 807 a
618 758 812 816 Iudeis,
844 764 890 805 et
924 758 1022 817 ipsi
1055 770 1121 804 ex
1149 770 1427 817 puerorum
1462 759 1650 806 venulis
1686 760 1979 818 sanquinem
2015 760 2260 818 miserint,
2307 767 2354 807 et

198 847 330 895 hunc
362 859 456 906 per
492 856 655 893 omnes
688 855 968 904 synaqoqas
1002 854 1120 888 suas
1160 841 1428 898 diviserint,
1468 842 1540 890 ad
1580 843 1704 902 quid
1737 847 1901 890 tamen
1935 847 2188 890 uterentur
2224 857 2352 891 san-

194 932 346 990 quine
380 925 499 978 illo?
540 930 676 976 Tunc
708 927 868 974 denuo
903 925 1152 986 respondi,
1187 927 1233 973 si
1254 926 1405 985 Iudei
1421 934 1622 987 possent
1647 927 1950 975 Christianos
1973 929 2103 975 viros
2132 928 2202 975 ita
2226 940 2352 975 con-

199 1015 337 1074 sequi
369 1015 496 1062 sicut
530 1011 828 1071 infantulos,
862 1011 1187 1072 proculdubio
1224 1024 1362 1058 senes
1385 1024 1496 1059 cum
1522 1011 1795 1060 iunioribus
1819 1012 2164 1070 interficerent.
2214 1010 2356 1069 Quod
2430 1032 2456 1087 Σ

202 1102 362 1146 autem
400 1102 604 1146 utantur
638 1097 880 1156 sanquine
920 1095 1221 1155 ChristianO,
1256 1095 1380 1143 mihi
1410 1109 1477 1143 ex
1510 1101 1603 1144 toto
1638 1110 1735 1144 non
1770 1100 1842 1144 est
1874 1100 2191 1157 compertum.
2244 1095 2351 1144 Hoc
2370 1113 2408 1146 ιο
2432 1098 2456 1163 52]

201 1187 363 1231 autem
401 1182 522 1230 mihi
555 1183 869 1242 exploratum
906 1185 991 1241 est,
1028 1181 1161 1240 quod
1181 1179 1354 1238 Iudeis
1388 1194 1529 1229 suam
1559 1166 1745 1241 cenam
1767 1181 2057 1243 paschalem
2091 1181 2354 1229 celebran-

201 1268 326 1316 tibus
362 1269 460 1328 ipsi
491 1268 543 1314 in
578 1279 793 1314 mensam
824 1270 1071 1326 reponant
1105 1270 1203 1313 tres
1233 1278 1395 1325 panes
1432 1267 1519 1326 qui
1552 1280 1584 1313 a
1625 1266 1796 1325 Grecis
1832 1266 2068 1314 dicuntur
2102 1266 2278 1325 azimi,
2309 1270 2357 1313 et
2432 1233 2456 1332 ξ

192 1354 389 1414 poculis
416 1353 578 1399 vinum
616 1350 892 1410 infundant
921 1350 1142 1398 rubeum.
1220 1349 1406 1398 Manus
1445 1352 1597 1410 iqitur
1633 1363 1751 1398 suas
1782 1351 1893 1398 vino
1930 1351 2092 1398 decies
2128 1350 2353 1398 imbuen-
2435 1347 2456 1399 [ἐ

203 1443 270 1485 tes
303 1442 351 1484 et
379 1437 629 1484 humorem
666 1436 800 1483 toties
838 1435 1006 1495 diqitis
1045 1435 1340 1482 decutientes
1374 1436 1600 1494 universe
1637 1435 1999 1483 Christianitati
2037 1435 2354 1496 maledicunt,
2434 1439 2451 1453 ’“

199 1523 457 1582 presertim
505 1521 670 1567 decem
709 1520 878 1580 plaqis
915 1519 1194 1567 Pharaonis
1239 1521 1288 1567 in
1328 1519 1520 1589 qupto
1562 1519 1736 1579 factis.
1819 1518 1995 1568 Ultimo
2039 1524 2240 1580 epotant
2274 1521 2409 1570 iti-15

202 1619 318 1653 num
364 1605 493 1653 illud
534 1604 738 1652 rubeum
786 1605 836 1651 in
885 1604 1177 1652 derisionem
1212 1609 1260 1652 et
1295 1607 1639 1653 contumeliam
1682 1605 2078 1653 Christianitatis.
2153 1604 2237 1652 Ex
2265 1604 2356 1653 hoc

203 1703 299 1738 non
337 1690 538 1738 obscure
573 1688 888 1737 considerari
916 1694 1076 1750 potest
1109 1689 1243 1750 quod
1276 1691 1375 1750 ipsi
1409 1689 1606 1738 diluant
1626 1691 1872 1750 sanquine
1895 1689 2166 1738 christiano
2191 1691 2355 1737 vinum

201 1775 338 1831 illud,
376 1779 423 1822 et
457 1788 524 1821 ex
560 1774 748 1821 invidia
783 1773 990 1833 ebibant,
1026 1786 1177 1834 quam
1201 1774 1383 1822 habent
1408 1774 1648 1823 adversus
1676 1774 1995 1823 Christianos.
2070 1773 2179 1823 Non
2201 1776 2356 1836 plura

203 1860 264 1906 de
300 1858 397 1906 hac
430 1872 486 1906 re
522 1860 646 1917 sci0,
691 1859 782 1906 sed
813 1858 905 1907 hoc
943 1860 1219 1919 duntaxat,
1267 1859 1401 1919 quod
1445 1860 1606 1908 indies
1635 1861 1793 1920 plura
1829 1861 1934 1908 alia
1969 1861 2107 1908 mala
2135 1860 2355 1920 pessima
2427 1853 2435 1928 η’

200 1944 348 1991 etiam
384 1947 433 1990 et
459 1943 801 1991 crudelissima
838 1944 1184 1992 machinentur
1216 1943 1534 2004 Christianis,
1578 1944 1988 2006 quemadmodum
2025 1945 2354 1992 demonstravi
2368 1962 2444 2011 ²⁰1}-

202 2029 252 2076 in
283 2027 424 2075 libris
453 2029 572 2075 meis
602 2029 716 2076 olim
753 2030 940 2077 emissis
962 2033 1009 2077 et
1035 2030 1186 2076 latius
1211 2029 1439 2077 indicare
1457 2042 1667 2091 possem,
1694 2031 1959 2091 presertim
1985 2029 2185 2090 quando
2209 2030 2356 2077 clan—
2416 2053 2456 2098 fr:

201 2114 365 2162 culum
400 2116 448 2160 et
480 2113 726 2161 commode
761 2118 967 2173 possunt
994 2114 1228 2173 consequi
1259 2118 1485 2162 sanctam
1522 2127 1744 2170 crucem,
1791 2115 1891 2162 sive
1931 2113 2096 2173 fuerit
2130 2116 2182 2162 in
2218 2115 2358 2174 aqris
2419 2094 2456 2161 ἶ

202 2199 301 2246 sive
327 2198 538 2258 oppidis,
574 2199 684 2245 eam
709 2199 938 2246 continuo
959 2197 1258 2258 franqentes
1288 2204 1336 2246 et
1351 2199 1567 2259 pedibus
1590 2201 1953 2248 conculcantes.
2026 2198 2127 2247 Nec
2159 2198 2357 2258 referre
2430 2234 2434 2235 ν

194 2295 422 2343 possum,
477 2294 626 2341 quam
662 2284 1017 2330 contumeliosis
1072 2283 1231 2330 verbis
1268 2284 1507 2342 virqinem
1546 2283 1770 2332 Mariam
1815 2283 2063 2344 afficiant.
2140 2283 2356 2342 Quorum
2425 2274 2456 2338 ⁴5³·

202 2379 314 2414 cum
356 2366 620 2427 recordor,
672 2368 839 2414 anima
873 2380 982 2414 mea
1019 2369 1245 2415 continuo
1281 2369 1532 2415 exclamat
1566 2381 1630 2417 ac
1665 2370 1831 2416 omnia
1865 2368 2085 2417 membra
2117 2370 2354 2429 quatiun-
2370 2351 2446 2440 κζ’

204 2457 286 2497 tur
322 2449 545 2497 horrore.
619 2450 728 2498 Hoc
763 2455 924 2499 autem
959 2452 1011 2498 in
1048 2466 1169 2500 vera
1201 2453 1304 2510 fide
1342 2453 1455 2501 dico
1491 2467 1588 2502 non
1611 2467 1714 2502 esse
1739 2455 1898 2502 tocum
1923 2454 2249 2502 admirationi
2269 2467 2356 2502 nos
2416 2502 2454 2535 τ

206 2546 368 2581 omnes
394 2534 608 2593 quotidie
639 2535 709 2581 ad
744 2534 934 2593 inferos
971 2535 1175 2584 detrudi
1197 2550 1346 2598 posse
1382 2542 1536 2586 tactos
1567 2537 1783 2597 fulmine
1815 2551 1919 2587 una
1953 2552 2063 2587 cum
2090 2539 2384 2587 habitatio—·
2421 2536 2438 2545 ”

205 2618 346 2665 nibus
377 2620 578 2678 nostris,
618 2619 716 2666 nisi
747 2621 883 2679 virqo
908 2620 1082 2668 Maria
1115 2634 1209 2681 pro
1241 2622 1376 2670 nobis
1413 2623 1752 2671 intercederet.
1829 2623 1937 2681 Qua
1959 2628 2167 2685 propter
2206 2623 2356 2672 Chri-
2412 2618 2443 2654 ³³

203 2703 370 2751 stiana
412 2704 619 2751 ecclesia
664 2705 1027 2765 commissorum
1072 2708 1310 2754 scelerum
1349 2707 1465 2766 (que
1502 2709 1717 2767 quotidie
1748 2722 1780 2756 a
1813 2709 1986 2767 Iudeis
2016 2711 2167 2770 fiunt)
2217 2710 2356 2757 luere
2408 2695 2411 2699 ’

198 2799 382 2847 penam
414 2789 628 2847 coqitur,
664 2802 730 2836 ex
766 2802 861 2849 quo
897 2794 1067 2848 eterna
1105 2790 1263 2839 deitas
1301 2791 1473 2853 (prout
1511 2806 1624 2841 vero
1660 2795 1823 2842 verius
1846 2797 1941 2855 est)
1975 2795 2238 2855 sumpserit
2265 2790 2433 2854 ‹ic-ans2

202 2872 447 2919 casionem
483 2877 690 2933 propter
737 2876 1054 2922 contumelias
1089 2879 1136 2922 et
1160 2878 1444 2936 passionem
1478 2877 1575 2925 sibi
1607 2879 1824 2935 illatam,
1874 2892 1971 2927 non
2005 2881 2162 2927 solum
2197 2884 2372 2939 sontes¹
2404 2886 2441 2965 a}

202 2955 383 3013 Iudeos
408 2957 458 3003 in
482 2956 797 3006 Hierusalem
832 2959 1093 3022 puniendi,
1140 2961 1229 3008 sed
1260 2963 1406 3009 etiam
1444 2964 1739 3011 innocentes
1758 2965 1986 3012 mulieres
2021 2966 2356 3024 laetantesque
2431 2966 2440 2970 ⁴'

198 3053 403 3100 pueros,
435 3045 482 3088 et
513 3047 744 3102 preterea
781 3057 946 3091 muros
982 3044 1437 3094 Hierosolimitanos
1472 3048 1737 3096 evertendi.
1811 3048 1955 3097 Nunc
1979 3050 2115 3106 filius
2148 3049 2355 3096 hominis

204 3125 254 3170 in
289 3123 535 3173 hominum
571 3129 804 3175 memoria
830 3141 927 3176 non
958 3131 1106 3177 semel
1133 3132 1263 3178 male
1300 3135 1542 3180 tractatus
1577 3137 1651 3180 est
1687 3147 1720 3180 a
1753 3132 1940 3193 Iudeis,
1976 3134 2068 3180 sed
2099 3135 2355 3194 quinquies
2423 3136 2431 3139 “

205 3207 276 3254 ad
307 3209 491 3272 minus,
538 3215 591 3258 ut
635 3213 686 3258 in
725 3214 1103 3273 precedentibus
1137 3217 1377 3264 elucescit.
1455 3217 1586 3265 unde
1622 3224 1724 3265 tam
1760 3222 1874 3265 sunt
1908 3219 2087 3278 iniqui,
2136 3222 2190 3266 ut
2222 3217 2356 3278 quod
2366 3235 2429 3282 εἰ,

205 3292 433 3352 operibus
458 3297 705 3354 perficere
741 3303 1007 3358 nequeant,
1047 3301 1291 3348 voluntate
1327 3305 1490 3349 tamen
1522 3315 1715 3363 semper
1747 3302 1818 3349 ad
1847 3303 1902 3351 id
1924 3303 2233 3364 potissimum
2257 3304 2356 3350 sint
2416 3349 2432 3367 ρ

204 3378 442 3426 inclinati.
516 3378 581 3426 Et
612 3380 721 3428 ideo
752 3383 1036 3431 mirandum
1066 3397 1163 3432 non
1202 3391 1285 3442 est,
1326 3387 1460 3446 quod
1488 3387 1608 3434 deus
1634 3393 1787 3448 pater
1821 3392 1871 3435 et
1883 3389 2020 3446 filius
2042 3394 2090 3435 et
2117 3389 2352 3448 spiritus—
2414 3369 2431 3378 ‚‚

94 3464 240 3519 ξλίᾒῑ).
274 3468 476 3511 sanctus
513 3472 610 3511 tam
645 3466 819 3513 acerbe
860 3467 1150 3516 Christianis
1202 3470 1475 3518 hominibus
1523 3473 1799 3532 irascatur·²
1857 3474 2015 3533 plaqa
2062 3467 2069 3537 Ι
2078 3467 2084 3536 Ι
2133 3472 2356 3520 videlicet

201 3549 498 3608 pestilentie,
549 3548 812 3609 morbillis‚
851 3549 1076 3608 febribus
1127 3557 1174 3600 et
1209 3555 1322 3601 aliis
1356 3556 1716 3613 eoritudinibus
1756 3558 1977 3605 insolitis.
2051 3556 2174 3617 Item
2218 3556 2353 3604 bellis

203 3634 462 3681 multorum
491 3633 800 3693 principum,
844 3636 1060 3694 rapinis,
1110 3637 1371 3697 incendiis,
1414 3637 1652 3697 effusione
1691 3642 1972 3702 sanquinis,
2016 3642 2424 3714 excoriationew·

2432 818 2456 865 st.

315 3813 350 3839 ¹²
382 3811 476 3867 qui]
509 3812 534 3864 ᾇ
565 3812 638 3865 (τε
669 3827 757 3865 qua
784 3827 866 3865 pro
899 3813 943 3866 ἡ)
978 3817 1017 3854 1.
1106 3815 1140 3841 ²¹
1174 3817 1379 3858 iudicare
1412 3822 1450 3860 1.
1539 3819 1574 3844 ³5
1606 3818 1727 3873 sunt]
1763 3822 1822 3873 st}
1855 3826 1895 3861 1.
