2456 4264
947 302 1167 333 vonvlmu
1188 303 1412 333 Tnss‘rlvu.
2146 278 2216 336 51
2229 278 2265 336 9

516 437 572 483 Et
608 437 731 498 quod
766 436 930 484 cecidit
1024 443 1070 483 et
1105 435 1334 499 pessimus
1371 435 1523 490 elidit,

517 508 584 555 Tu
620 509 787 554 iterum
823 507 916 554 fers
1012 514 1060 555 et
1096 521 1189 555 non
1227 521 1276 554 es
1312 507 1480 555 Doctor
1515 509 1653 555 iners.

516 579 579 626 Te
614 593 728 640 ergo
765 579 902 626 laudo
998 586 1045 626 et
1081 578 1289 626 manibus
1323 574 1551 641 *applaudo

517 649 574 697 Et
609 663 790 712 semper
826 656 1010 711 grator,
1107 657 1161 697 ut
1197 651 1261 697 sis
1297 649 1446 697 bonus
1483 657 1659 697 amator

74 733 95 766 5
520 721 692 768 Horum
728 721 974 773 librorum,
1073 723 1151 783 qui
1187 735 1280 768 non
1318 728 1427 768 sunt
1460 722 1781 775 Dominorum,

517 792 604 850 Qui
643 806 693 840 se
727 793 1034 855 persuadent,
1074 792 1261 841 scientia
1299 793 1421 854 quod
1457 793 1663 845 madent,

518 864 609 911 Sed
646 866 725 926 qui
762 862 930 926 puellis
1028 866 1278 912 inserviunt
1317 863 1522 915 tenellis,

520 935 575 982 Et
611 935 691 998 qui
727 935 969 997 detergent
1065 950 1168 998 quae
1204 934 1384 982 sordida
1421 934 1671 988 inhaerent;

520 1006 595 1054 Sic
631 1013 761 1054 tuum
797 1019 963 1053 nomen
1061 1008 1257 1054 sortitur
1292 1006 1463 1053 bonum
1501 1019 1656 1057 omen,

55 1086 97 1120 ¹⁰
519 1078 576 1125 Et
612 1079 702 1125 eris
739 1076 915 1130 clarus,
1012 1077 1237 1126 obscurus
1274 1084 1321 1124 et
1357 1090 1602 1138 perrarus,

519 1149 576 1197 Et
611 1149 687 1196 lux
722 1163 807 1212 per
841 1155 1015 1196 totum:
1110 1149 1185 1196 hic
1219 1147 1319 1196 finit
1355 1161 1507 1194 meum
1542 1153 1713 1195 votum.

109 1223 208 1285 Ego
245 1222 386 1280 etiam
419 1221 625 1269 volebam
662 1221 849 1283 aliquod
885 1221 1204 1268 doctissimum
1240 1221 1463 1282 scriptum
1500 1219 1691 1274 addere,
1746 1219 1823 1266 sed
1871 1218 2016 1267 multo
2065 1233 2276 1282 magnum

109 1300 207 1347 est,
245 1300 300 1342 ut
334 1295 479 1342 intret
514 1295 562 1340 in
598 1293 723 1339 hunc
758 1291 949 1344 librum,
988 1297 1035 1338 et
1070 1292 1208 1339 etiam
1243 1291 1371 1338 valde
1409 1291 1573 1343 timeo,
1612 1290 1735 1353 quod
1771 1291 1980 1338 homines
2017 1290 2083 1337 illi
2107 1306 2180 1339 me
2205 1307 2278 1340 ex-

110 1365 320 1418 rideant,
357 1364 540 1428 quando
579 1363 752 1425 aliquid
789 1362 969 1410 omitto.
1042 1363 1196 1425 Nuper
1231 1363 1352 1409 enim
1390 1361 1574 1424 scripsit
1611 1362 1667 1408 ad
1704 1375 1774 1409 me
1793 1361 1950 1409 affinis
1975 1375 2118 1414 meus,
2158 1364 2280 1425 quod

58 1441 96 1476 ¹⁵
110 1438 206 1484 sint
241 1435 360 1485 tales
395 1437 602 1484 homines
638 1433 1015 1496 Philosophistici
1062 1434 1141 1496 qui
1188 1436 1338 1482 omnia
1383 1447 1469 1495 per
1513 1435 1737 1495 pectinem
1774 1433 1883 1480 linei
1921 1435 2106 1481 trahunt
2142 1442 2189 1481 et
2226 1435 2280 1482 ad

109 1521 341 1556 scamnum
390 1507 572 1556 eaedunt
617 1520 721 1569 quae
769 1505 939 1567 aliquis
984 1505 1214 1552 interdum
1261 1505 1457 1557 omittit,
1503 1504 1610 1551 licet
1657 1519 1748 1552 non
1794 1505 1883 1552 hoc
1927 1505 2037 1553 facit
2072 1504 2283 1559 libenter,

109 1581 217 1643 quia
252 1593 347 1627 non
384 1579 590 1627 incidunt
625 1578 703 1624 uni
742 1590 926 1639 semper
964 1579 1140 1630 omnia,
1179 1583 1225 1624 et
1261 1591 1380 1624 unus
1416 1589 1466 1623 se
1501 1590 1593 1623 non
1631 1583 1788 1639 potest
1823 1589 2003 1638 semper
2040 1576 2282 1625 recordare

109 1650 275 1699 omnia.
346 1649 405 1697 Et
438 1649 556 1697 liber
590 1662 919 1711 meus,·quem
956 1662 1044 1710 ego
1081 1648 1184 1696 volo
1223 1649 1382 1701 edare,
1430 1661 1622 1709 magnus
1660 1653 1754 1701 est,
1804 1655 1850 1695 et
1886 1647 2105 1695 scribitur
2139 1649 2186 1695 in
2223 1662 2278 1695 eo

109 1723 168 1771 de
202 1721 416 1770 omnibus
452 1721 650 1774 artibus,
689 1720 919 1783 quomodo
956 1735 1073 1783 puer
1109 1720 1210 1768 illas
1246 1719 1402 1781 legere
1439 1718 1586 1767 debet.
1661 1718 1783 1766 Inter
1819 1720 1891 1767 his
1927 1719 2029 1767 dico
2066 1719 2148 1766 tibi
2176 1733 2279 1781 gra-

53 1796 247 1847 entiam,
285 1800 332 1841 te
365 1792 569 1841 volueris
605 1793 651 1839 in
688 1806 760 1839 me
798 1791 1066 1844 meminere,
1105 1798 1152 1840 et
1186 1806 1354 1840 nomen
1391 1805 1541 1839 meum
1575 1789 1845 1843 clarificare,
1884 1804 1970 1852 ego
2012 1791 2206 1839 vicissim
2233 1793 2280 1838 in

109 1873 158 1914 te
192 1867 432 1918 munitm,
469 1872 519 1912 et
555 1877 734 1927 semper
769 1877 935 1912 nomen
972 1871 1102 1911 tuum
1137 1863 1432 1915 clarisaciam,
1471 1877 1564 1909 non
1601 1862 1735 1910 aliter
1771 1877 1904 1925 quam
1929 1861 2007 1909 Sol
2045 1863 2092 1908 in
2130 1861 2279 1909 medio

109 1938 184 1986 die
228 1936 451 1986 elarii'acit
494 1936 742 1985 obscurum
787 1949 937 1984 meum
982 1935 1158 1988 locum,
1205 1937 1252 1982 in
1299 1948 1433 1997 quem
1481 1947 1560 1987 eo,
1609 1933 1789 1996 quando
1841 1933 1946 1980 volo
1997 1932 2124 1981 solus
2163 1947 2279 1981 esse.

114 2009 223 2058 Vale
258 2010 427 2058 iterum
463 2009 719 2072 optissime.

1176 2185 1227 2240 3.

56 2320 102 2354 2⁵
164 2323 166 2326 ’
814 2303 1126 2356 Iohannes
1164 2299 1589 2354 cochlearius

936 2392 1048 2440 alias
1082 2389 1292 2438 Loeffeler
1328 2396 1462 2438 natus

547 2482 754 2546 proximo
792 2485 899 2529 actu
934 2477 1354 2526 Baccalauriaturus
1392 2483 1438 2523 et
1474 2474 1852 2524 Baccalareandus

612 2573 772 2631 postea
809 2566 945 2613 etiam
982 2562 1315 2624 Magistrandus
1352 2567 1399 2608 et
1436 2560 1503 2609 sic
1539 2561 1594 2608 ad
1632 2560 1795 2609 altiora

849 2647 1174 2699 Dominum
1212 2643 1551 2710 Casparum

58 2759 102 2794 :30
952 2734 1020 2781 vel
1059 2741 1110 2781 ut
1146 2733 1309 2795 vulgus
1346 2732 1456 2780 dicit

830 2819 1165 2884 Casparum
1215 2815 1249 2866 S
1265 2813 1571 2874 tomabuS‚

925 2905 1182 2968 germanice
1218 2903 1455 2951 Rindmaul
1468 2939 1479 2956 ,

577 2998 622 3044 in
660 2992 1067 3059 profundissimum
1105 2991 1308 3038 omnium
1344 2988 1544 3037 salutum
1582 2988 1843 3037 barathrum

777 3088 824 3128 et
860 3079 1074 3141 abyssum
1112 3074 1388 3126 aeternaliter
1423 3074 1627 3122 devovet.

65 3214 108 3249 ³⁶
265 3200 473 3263 Longum
511 3204 692 3260 tempus
728 3202 821 3247 est,
870 3207 973 3241 cum
1010 3192 1065 3240 ad
1102 3204 1173 3238 me
1210 3188 1500 3241 scribebatis.
1547 3188 1656 3251 quid
1694 3188 1863 3236 faceret
1898 3185 2134 3235 Durandus
2171 3185 2288 3234 Mus·

125 3272 286 3325 cerda,
338 3284 474 3334 quem
509 3269 588 3316 diu
622 3267 882 3328 diligivistis
921 3271 1011 3312 tam
1050 3262 1361 3313 vehementer,
1412 3262 1478 3307 uti
1527 3274 1664 3323 equa,
1718 3258 1862 3311 mula,
1909 3258 2008 3307 duae
2053 3265 2100 3305 et
2144 3255 2287 3306 ambae

125 3343 378 3393 esurientia
422 3339 622 3402 diligunt
666 3336 988 3386 versicolorem
1036 3335 1265 3382 straminis
1313 3331 1380 3379 vel
1428 3332 1560 3385 l'oeni;
1614 3330 1669 3378 Et
1716 3343 1802 3392 ego
1851 3330 1984 3377 etiam
2031 3329 2123 3377 cito
2162 3328 2287 3377 vobis

128 3417 281 3464 omnia
317 3413 438 3461 bona
475 3412 530 3459 de
569 3409 648 3458 illo
684 3407 1043 3458 distribuissem,
1083 3404 1328 3454 secundum
1367 3401 1503 3456 illud,
1543 3402 1665 3465 quod
1703 3402 1923 3463 scriptum
1961 3407 2046 3453 est,
2083 3400 2290 3447 Commu-

129 3489 255 3536 nicet
288 3498 399 3533 vero
439 3484 516 3546 qui
554 3482 798 3530 instruitur
836 3479 881 3525 in
919 3491 1129 3525 sermone
1166 3489 1267 3523 cum
1305 3488 1360 3522 eo
1399 3476 1476 3538 qui
1514 3473 1732 3526 instituit,
1772 3473 1922 3520 omnia
1957 3472 2098 3526 bona;
2136 3478 2181 3518 et
2208 3471 2289 3517 ite-

69 3572 231 3606 ‹torum
268 3557 435 3606 dicitur
472 3551 839 3618 proverbialiter,
877 3550 1154 3597 ‘Amicorum
1191 3546 1341 3595 omnia
1377 3553 1484 3594 sunt
1520 3540 1804 3598 communia‘,
1842 3543 1920 3592 sed
1957 3557 2048 3591 non
2073 3543 2202 3606 potui
2227 3542 2289 3589 ci·

235 3725 254 3753 ⁴
283 3729 474 3783 gratuor
502 3722 603 3766 edd.
717 3716 754 3745 ¹⁸
783 3731 865 3773 per
894 3721 1017 3773 peet.
1041 3714 1160 3757 trah.
1195 3717 1243 3757 et
1273 3714 1332 3756 ad
1362 3726 1429 3757 se.
1453 3708 1655 3767 eaedere]
1689 3713 1823 3755 durch
1853 3713 1935 3754 den
1966 3711 2113 3752 Kamm
2143 3707 2286 3749 zielcen

121 3799 209 3842 und
237 3811 294 3840 an
322 3799 393 3839 die
424 3794 552 3837 Bank
579 3792 794 3846 ecklayen.
826 3788 1038 3831 textoriae
1069 3787 1184 3829 artis
1212 3784 1444 3829 voeabula
1474 3784 1767 3828 Germanica.
1847 3782 1883 3811 ¹⁷
1914 3780 2120 3824 incidunt
2150 3775 2285 3831 omn-l

123 3872 229 3913 alles
246 3869 428 3923 eiusdllt,
450 3868 499 3908 in
519 3862 786 3907 memoriam
804 3862 999 3904 veniunt
1017 3858 1185 3902 omnia..
1244 3855 1333 3886 *Μ*
1351 3854 1612 3911 Muscerda]
1636 3860 1813 3899 stercus
1834 3854 2039 3896 murium.
2098 3849 2133 3876 ⁸⁹
2155 3848 2284 3890 Com-

125 3939 349 3995 municet]
380 3939 440 3983 cf.
463 3939 585 3980 Paul.
611 3949 682 3990 ep.
707 3937 766 3976 ad
798 3931 952 3976 Galat.
975 3931 1054 3975 VI.
1076 3928 1118 3974 6.
