2456 4264
156 849 186 887 §.
199 849 251 884 33.

156 1538 250 1579 §.34

158 2177 189 2218 §.
201 2178 254 2214 35.

271 261 391 320 474
942 278 1271 308 nocnsrmvrvs
1296 276 1440 308 ovAus
1461 276 1708 306 nunoevs.

269 421 360 469 nis,
407 425 452 463 et
489 418 725 476 episcopus
763 412 1049 461 Malfetanus,
1089 393 1272 457 Graec⁸us
1308 414 1442 455 natus
1479 409 1687 469 idemque
1721 408 2010 455 doctissimus
2048 422 2204 459 senex,
2242 415 2287 454 et
2322 408 2401 453 Pe-

272 498 366 535 trus
404 487 608 547 Gryphus
648 486 886 544 episcopus
923 481 1241 527 Foroliviensis
1279 486 1436 526 contra
1474 479 1794 525 Hochstratum
1830 479 1885 525 ad
1920 479 2265 526 confirmandam
2304 493 2402 524 sen-

270 560 450 606 tentiam
489 556 764 615 Spirensem;
805 552 965 612 quibus
991 551 1154 597 auditis
1191 551 1403 610 Magister
1437 550 1602 596 Noster
1638 548 1865 610 Sylvester
1898 549 2120 596 Prierates
2157 564 2238 610 per
2274 550 2402 595 Nico-

268 630 382 673 laum
420 628 472 671 de
511 624 829 683 Schouenberg
868 623 1058 668 extorsit
1093 619 1372 671 mandatum,
1423 627 1475 666 ut
1521 626 1703 670 vocant,
1753 621 2053 680 apostolicum
2101 622 2156 667 de
2191 620 2403 681 Superse-

268 698 431 743 dendo:
471 698 535 741 sic
571 695 701 740 nobis
739 695 917 739 interim
953 708 1067 738 nova
1102 692 1392 738 molientibus
1428 692 1694 752 productius
1732 696 1909 751 tempus
1947 690 2139 737 obvenit.
2419 701 2439 732 5

405 779 550 813 ans.
623 765 756 811 Video
795 761 950 810 miram
988 762 1285 809 sedulitatem.

407 849 796 883 uocns'rRA'rvs.
869 835 973 879 Mihi
1013 834 1144 880 crede
1180 833 1292 879 nihil
1330 833 1546 879 omissum
1586 832 1706 893 quod
1743 832 1913 878 faceret
1939 832 1993 878 ad
2018 833 2178 879 famam
2204 838 2405 878 nostram

272 908 474 954 tuendam
515 915 558 952 et
596 907 650 952 ad
686 906 962 967 perdendum
1003 905 1299 965 Capnionem:
1347 918 1448 949 nam
1496 918 1596 949 cum
1644 902 1782 948 semel
1818 902 1975 949 crebra
2011 902 2290 964 flagitatione
2329 903 2406 948 Ca-

267 980 443 1039 pnionis
482 978 590 1023 iussi
630 984 780 1023 essent
818 978 1083 1023 Grimannus
1121 982 1167 1021 et
1202 976 1539 1021 Anchonitanus
1586 974 1904 1035 pronuntiare,
1952 973 2077 1020 effeci
2114 980 2166 1019 ut
2203 987 2406 1019 seorsum

267 1050 320 1094 de
359 1050 528 1109 scripto
566 1048 936 1109 pronuntiarent,
985 1054 1030 1092 et
1076 1061 1165 1107 quo
1203 1048 1351 1092 minus
1389 1046 1443 1091 de
1483 1059 1696 1091 successu
1744 1043 2019 1096 dubitarem,
2066 1045 2258 1105 apposui
2294 1059 2408 1090 nova
2427 1049 2456 1081 Ι(

268 1122 387 1170 iura,
435 1133 593 1179 nempe
642 1119 768 1164 almae
808 1117 1116 1164 Universitatis
1154 1116 1435 1163 Coloniensis
1474 1123 1520 1162 et
1554 1117 1690 1162 huius
1726 1117 1900 1162 sororis
1935 1114 2228 1161 Lovaniensis
2265 1114 2409 1161 Senti-

268 1190 523 1236 timentum:
562 1189 687 1249 atqui
726 1191 1003 1249 antiquatum
1041 1189 1129 1234 suit
1166 1195 1210 1233 et
1247 1194 1453 1234 accurate
1490 1200 1725 1233 excussum
1762 1192 1807 1232 et
1842 1187 2061 1232 reiectum
2096 1192 2187 1233 tam
2223 1201 2247 1232 a
2270 1185 2410 1246 patri-

268 1262 349 1306 bus
388 1261 567 1307 concilii
605 1259 916 1306 Lateranensis
947 1274 1087 1319 quam
1126 1259 1178 1305 ab
1217 1259 1316 1305 aliis
1354 1258 1691 1319 cognitoribus:
1729 1257 2061 1318 respondebant
2097 1262 2191 1303 tum
2231 1257 2409 1317 quidam

268 1332 510 1377 dicacior-es
561 1345 742 1376 sorores
782 1331 880 1376 illas
920 1330 1237 1385 Universitates
1289 1330 1394 1374 olim
1444 1329 1561 1374 sorte
1608 1328 1805 1388 virgines
1850 1328 1985 1374 modo
2032 1328 2197 1374 mereri
2243 1329 2411 1388 prosti-

270 1409 388 1447 tutas
425 1408 470 1447 et
507 1402 782 1462 impudentia
820 1407 968 1447 scorta
1007 1402 1154 1447 omnia
1201 1413 1436 1461 superare,
1487 1400 1607 1461 quod
1654 1401 1803 1445 ausint
1849 1399 1902 1445 de
1949 1404 2047 1445 toto
2097 1397 2251 1444 libello
2302 1412 2407 1459 pro·
2424 1400 2456 1435 st

270 1473 499 1523 nuntiare,
556 1487 656 1518 cum
705 1478 930 1518 testentur
980 1486 1028 1518 se
1076 1472 1289 1517 duntaxat
1338 1471 1506 1517 vidisse
1552 1470 1955 1520 consultationem,
2014 1475 2059 1515 et
2106 1483 2198 1516 non
2257 1469 2410 1515 adiun-

272 1549 385 1588 ctam
436 1543 518 1588 suh
566 1557 655 1589 uno
703 1543 836 1588 titulo
874 1542 1244 1589 declarationem:
1294 1544 1360 1588 sic
1406 1541 1584 1593 solent,
1627 1543 1908 1600 magnanime
1943 1540 2054 1592 Leo,
2101 1539 2300 1600 argutuli
2346 1539 2411 1585 illi

267 1614 422 1658 ludere
459 1615 700 1659 nostratia:
749 1616 794 1658 in
832 1628 1028 1664 summa,
1067 1615 1260 1674 tempori
1298 1614 1519 1673 tantisper
1556 1612 1787 1663 concessi,
1826 1619 1871 1657 et
1909 1611 2151 1658 subornavi
2186 1610 2411 1657 Anchoni-

268 1691 442 1734 tanum‚
494 1685 571 1743 qui
621 1684 839 1744 patronis·
861 1684 1095 1730 Reuchlini
1146 1698 1237 1730 non
1284 1683 1419 1730 semel
1457 1683 1626 1729 diceret
1661 1682 1924 1729 Pontificem
1961 1682 2084 1728 nolle
2120 1687 2277 1729 contra
2311 1681 2412 1727 illo-

266 1768 366 1800 rum
404 1753 667 1799 clientulum
703 1755 821 1800 ferre
860 1757 1140 1806 sententiam,
1179 1768 1324 1815 neque
1364 1754 1461 1799 iure
1498 1753 1634 1800 licere
1673 1753 1874 1814 quidem;
1913 1760 1959 1800 at
1995 1767 2080 1813 pro
2119 1767 2172 1799 eo
2210 1753 2456 1813 pronun-²⁴

269 1825 467 1870 tiandum
514 1839 603 1870 non
646 1839 767 1875 esse,
816 1825 932 1885 quod
973 1825 1164 1872 fratrum
1204 1831 1249 1871 et
1287 1823 1621 1885 Theologorum
1662 1825 1839 1884 agmina
1878 1823 2118 1870 offendisse
2155 1837 2245 1870 non
2282 1836 2412 1883 expe-

268 1896 382 1940 diat:
431 1911 586 1941 sumus
625 1896 741 1940 enim
779 1896 1003 1942 columina
1039 1895 1287 1942 Pontificiae
1325 1901 1591 1946 structurae,
1639 1895 1735 1941 ruit
1770 1895 1980 1941 universa
2016 1894 2062 1940 in
2096 1894 2284 1940 nihilum
2321 1894 2413 1940 col-

268 1967 406 2026 lapsis
443 1966 602 2018 nobis;
655 1966 820 2012 iccirco
860 1973 904 2011 et
940 1981 1060 2013 nunc
1098 1968 1278 2028 quidem
1316 1981 1400 2012 nos
1439 1972 1642 2012 servatos
1679 1965 1828 2012 valere
1865 1966 1982 2027 apud
2019 1965 2238 2027 populum
2283 1971 2412 2011 auto-

267 2037 399 2082 ritate
436 2038 578 2097 prima
617 2037 796 2089 volunt,
836 2038 959 2098 quod
995 2037 1086 2083 illis
1122 2038 1300 2084 videtur
1335 2037 1501 2084 tibicen
1537 2036 2050 2097 EcclesiaessRhomanae:
2097 2037 2250 2097 itaque
2292 2036 2408 2082 male
2446 2041 2450 2046 '

272 2122 478 2153 securum
516 2107 687 2153 reddidi
713 2107 1008 2168 Capnionem‚
1049 2116 1094 2155 et
1130 2124 1250 2155 nunc
1286 2108 1410 2155 velut
1449 2121 1500 2154 ex
1531 2107 1710 2157 insidiis
1746 2106 2054 2169 inopinantem
2092 2107 2276 2154 adortus
2302 2122 2407 2169 pro·
2425 2106 2456 2140 ²¹

274 2180 411 2223 stravi
448 2178 640 2225 feliciter
687 2185 732 2224 et
768 2180 943 2225 confeci
981 2180 1179 2240 penitus.
1252 2179 1335 2225 Hic
1372 2179 1672 2226 animadverte
1709 2179 1891 2240 quantis
1928 2180 2142 2226 aerumnis
2180 2185 2224 2224 et
2260 2193 2412 2225 mune·

267 2248 392 2294 ribus
447 2250 796 2310 expugnaverim
850 2251 1070 2311 pudorem
1124 2251 1347 2302 iudicum,
1405 2252 1480 2312 qui
1532 2251 1629 2296 sine
1673 2250 1799 2311 gravi
1844 2250 2109 2297 verecundia
2154 2252 2414 2296 nescierunt

268 2320 400 2365 modo
439 2321 734 2367 condemnare
773 2322 896 2381 quod
931 2335 1013 2382 per
1049 2329 1222 2383 septem
1259 2336 1402 2368 annos
1440 2335 1533 2368 non
1569 2326 1844 2382 potuerunt,
1883 2327 1928 2367 et
1965 2321 2087 2382 quod
2122 2320 2188 2366 illi
2224 2323 2313 2382 ipsi
2346 2323 2413 2367 iu-

269 2390 389 2436 dices
428 2391 564 2436 toties
604 2394 756 2437 testati
792 2395 1053 2454 neutiquam
1101 2407 1200 2439 esse
1245 2392 1659 2443 condemnandum,
1710 2406 1965 2454 quanquam
2003 2392 2182 2439 occasio
2219 2393 2410 2438 multum

270 2461 458 2513 adiuvit,
515 2477 613 2521 quae
653 2469 724 2508 est
762 2465 930 2524 optima
966 2479 1117 2510 rerum
1156 2465 1453 2524 gerendarum
1490 2463 1864 2510 administratrix:
1911 2477 2014 2510 nam
2050 2478 2076 2509 a
2111 2463 2281 2510 Rhoma
2319 2463 2410 2510 sol·
2424 2459 2456 2494 3‘

269 2538 393 2577 verat
430 2533 684 2593 Stephanus
722 2534 940 2586 Rosinus‚
992 2535 1086 2582 illic
1122 2535 1350 2582 Caesareus
1388 2540 1680 2596 procurator,
1720 2541 1766 2580 et
1800 2534 1987 2581 loannes
2023 2534 2188 2596 Wyck,
2233 2533 2411 2595 patroni

272 2602 534 2662 Capnionis,
584 2603 850 2650 Grimannus
897 2607 1089 2652 extorris
1136 2607 1307 2658 factus,
1355 2606 1632 2657 Nazarenus,
1689 2605 1954 2652 Malfetanus
2001 2612 2045 2651 et
2073 2605 2413 2652 ⁴Foroliviensis

272 2674 470 2734 episcopi
515 2677 710 2726 mortui,
762 2676 838 2736 qui
885 2676 1053 2723 iudices
1101 2678 1236 2724 huius
1282 2692 1452 2730 causae;
1510 2683 1718 2723 mortuus
1754 2676 1999 2723 Cardinalis
2047 2675 2411 2736 Senogalliensis‚

273 2750 560 2790 exautoratus
598 2746 818 2793 Adrianus
854 2746 1098 2794 Cardinalis
1138 2748 1180 2794 S.
1219 2748 1527 2809 Chrysogoni,
1577 2748 1843 2809 deportatus
1880 2747 2145 2795 Franciscus
2184 2747 2238 2793 de
2275 2747 2413 2795 Sode-

385 2965 400 2993 1
430 2967 721 3010 Walfetanus
752 2972 794 3013 4.
907 2969 924 2995 3
953 2972 1015 3012 Μ.
1046 2972 1102 3014 N.
1132 2973 1229 3014 edd.
1345 2971 1363 2998 ⁹
1391 2971 1708 3014 Anconitanus
1738 2974 1782 3013 4.
1819 2976 1865 3012 ut
1891 2971 2004 3026 ubiq.
2118 2968 2155 2997 ¹⁰
2183 2969 2415 3026 descripto

275 3040 365 3078 1.2.
452 3041 809 3091 pronunciarent
838 3044 880 3083 2.
948 3041 984 3068 ¹4
1014 3043 1263 3085 dicatiores
1293 3046 1335 3085 Ζ.
1351 3046 1394 3085 3.
1463 3041 1498 3069 ¹5
1527 3043 1832 3097 pronunciare
1853 3044 1953 3084 2.3.
2035 3039 2069 3067 ¹⁷
2099 3042 2289 3096 argutili
2319 3045 2357 3084 1.
2371 3045 2413 3085 2.

270 3106 357 3133 ²⁰·21
379 3111 770 3161 pronunciandum
786 3111 876 3156 2.3.
935 3111 971 3138 ²3
991 3114 1165 3155 idcirco
1183 3114 1401 3168 4.ubique.
1459 3111 1496 3139 ²4
1515 3114 1732 3155 Romanae
1752 3115 1794 3155 3.
1853 3110 1889 3139 ³⁰
1903 3112 2080 3154 Rhoma
2099 3115 2142 3156 3.
2201 3111 2236 3139 ³¹
2253 3113 2414 3165 Vuyck

277 3179 312 3217 1.
325 3181 363 3220 2.
378 3182 418 3219 3.
458 3179 612 3233 vaer
642 3184 683 3224 4.
798 3181 836 3208 ³²
868 3186 1059 3225 extorris
1090 3181 1262 3238 factus]
1296 3185 1398 3226 Nisi
1426 3185 1471 3228 h.
1491 3183 1524 3225 l.
1547 3183 1790 3225 Grimanus
1818 3187 1952 3238 pater
1981 3195 2083 3224 cum
2111 3182 2206 3225 filio
2236 3197 2415 3225 conmu-

273 3252 397 3289 tatus
438 3253 530 3302 est,
571 3251 677 3303 quid
715 3253 804 3293 sibi
841 3255 985 3295 verba
1024 3261 1112 3296 eoet.
1140 3257 1176 3307 f.
1209 3256 1356 3298 velint
1393 3255 1564 3296 nescio.
1680 3255 1947 3297 Nazarenus
1974 3253 2281 3307 Malfetanus‚
2313 3256 2409 3296 edd.

277 3317 307 3343 ¹¹
341 3318 681 3373 Senogaliensis
712 3325 750 3364 4.
783 3323 965 3379 Senog.]
997 3327 1181 3367 Marcus
1202 3327 1415 3380 Vigerius
1438 3324 1731 3376 Savonensis‚
1765 3325 1905 3378 episc.
1928 3323 2304 3379 Senogalliensis‚
2340 3339 2410 3379 ep.

277 3389 399 3429 card.
421 3391 755 3445 Praenestinus,
790 3395 960 3436 ordinis
990 3396 1240 3448 Minorum,
1272 3398 1423 3438 dietus
1454 3395 1832 3450 senogalliensis.
1872 3395 2017 3436 Iulius
2045 3397 2106 3437 Π.
2130 3396 2412 3438 cardinalem

275 3472 376 3500 eum
406 3460 586 3501 fecerat
608 3475 648 3502 a.
672 3462 797 3503 1505.
829 3465 859 3515 †
884 3464 949 3506 18.
970 3466 1054 3508 Iul.
1079 3479 1119 3507 a.
1146 3465 1266 3508 1516.
1291 3471 1365 3508 aet.
1391 3481 1431 3508 a.
1457 3465 1526 3510 70.
1549 3467 1607 3508 cf.
1636 3467 1827 3508 Ciaccon.
1850 3466 1935 3510 III.
1956 3481 1998 3520 p.
2020 3467 2117 3508 422.
2176 3464 2215 3493 ³4
2245 3468 2303 3508 cf.
2328 3471 2412 3509 art.

274 3530 552 3573 Hadrianus,
637 3533 912 3575 Franciscus
944 3536 998 3576 de
1031 3536 1264 3578 Soderinis
1293 3538 1604 3589 Florentinus,
1635 3541 1771 3578 natus
1803 3551 1846 3580 a.
1866 3536 1988 3579 1453.
2012 3537 2094 3578 sub
2124 3536 2243 3578 Iulio
2272 3537 2334 3580 II.
2367 3541 2414 3577 et

274 3602 430 3642 Leone
452 3602 507 3641 X.
541 3602 596 3642 ob
628 3602 883 3655 singulares
913 3605 1105 3647 virtutes
1136 3608 1184 3647 in
1204 3608 1332 3651 Rom.
1365 3610 1494 3650 curia
1522 3610 1722 3649 maximo
1752 3609 1800 3648 in
1828 3609 1976 3662 pretio
2007 3609 2108 3650 fuit.
2141 3606 2234 3647 Sub
2255 3608 2411 3648 Leone

274 3672 331 3712 X.
362 3673 430 3712 uti
461 3673 671 3713 conscius
705 3674 1029 3715 coniurationis
1059 3677 1108 3716 in
1138 3678 1285 3730 ipsum
1313 3679 1440 3721 Rom.
1470 3679 1743 3719 Pontificem
1774 3692 1802 3719 a
1830 3678 2060 3720 nonnullis
2091 3676 2412 3719 Cardinalibus

276 3746 394 3784 actae
426 3743 613 3783 meritas
641 3755 802 3797 poenas
832 3745 1070 3793 subiisset,
1110 3747 1157 3785 ni
1189 3748 1246 3787 ad
1275 3749 1446 3789 Leonis
1475 3749 1615 3801 pedes
1647 3749 1911 3802 provolutus
1939 3749 2121 3791 veniam
2150 3747 2335 3800 publice
2365 3749 2413 3789 in

275 3811 553 3854 Consistorio
582 3814 794 3866 petiisset
876 3815 972 3856 Leo
994 3815 1537 3870 Cardinaliumfprecibus
1557 3819 1854 3859 Franciscum
1874 3819 2122 3860 numeratis
2142 3819 2267 3871 prius
2286 3819 2412 3860 XXV

274 3882 473 3924 millibus
505 3896 741 3924 aureorum
770 3885 908 3926 venia
938 3884 1146 3937 donavit,
1187 3887 1261 3937 qui
1295 3887 1352 3927 ab
1385 3887 1508 3929 Urbe
1539 3890 1733 3930 recessit
1761 3902 1918 3931 versus
1947 3890 2207 3942 Praeneste,
2246 3889 2411 3933 deinde
