2456 4264
216 268 337 329 458
451 290 619 319 ORATIO
643 287 869 317 FVNEBRIS
893 286 937 314 IN
962 284 1148 312 LAVDEM
1169 280 1358 310 IOANNIS
1380 279 1606 308 CERDONIS
1631 278 1667 307 S.
1689 275 1984 307 VADEMECVM.
2006 274 2108 305 ETC.

215 440 359 474 meum
396 428 595 469 maneret
630 420 747 481 apud
783 424 936 478 patres
973 415 1215 475 religiosos
1252 415 1297 458 in
1334 411 1492 461 libris’‚
1531 416 1576 455 et
1612 408 1678 454 sic
1711 408 1852 454 finivit
1887 408 2048 465 vitam,
2089 406 2214 452 cuius
2253 404 2344 464 spi-

215 500 339 547 ritus,
378 496 534 549 anima,
574 490 712 540 ratio,
752 487 1007 533 intellectus
1045 492 1090 531 et
1126 499 1248 530 mens
1287 483 1346 528 sit
1384 481 1502 544 apud
1537 480 1709 530 beatos,
1747 493 1830 540 pro
1870 493 1958 539 quo
1997 484 2048 524 ut
2085 475 2345 523 concludam

213 582 300 613 uno
339 578 469 611 versu
508 561 753 608 orationem

733 630 895 678 D1catis
932 633 1078 673 mente
1115 628 1187 688 pia
1223 625 1366 671 Unum
1403 624 1491 669 Ave
1528 621 1676 667 Maria.
1714 620 1823 666 Dixi.

710 770 1082 832 Epitaphium
1120 762 1698 827 argumentosissimi
1736 761 1845 806 viri
2367 766 2386 795 5

536 857 745 904 domini
783 855 1050 901 Iohannis
1090 851 1372 913 quondam
1409 846 1682 894 Doctoris
1717 845 2017 891 Cerdonis.

469 959 502 1004 Ο
540 972 692 1006 mors,
733 970 863 1015 quam
903 953 1017 1000 mala
1055 958 1124 997 est
1161 958 1235 997 tua
1275 964 1398 1000 sors,

467 1028 595 1084 Quod
634 1028 780 1073 omnia
817 1025 1018 1074 mordes,
1057 1023 1223 1069 idcirco
1262 1035 1387 1065 mors
1425 1032 1523 1064 esse
1561 1017 1721 1063 debes:

467 1099 642 1146 Mordes
681 1098 796 1142 enim
835 1096 1094 1145 Cerdonem,
1136 1093 1282 1139 omnia
1322 1098 1363 1136 te
1400 1089 1606 1135 mordere
1643 1087 1879 1133 dicentem.

468 1168 548 1217 Hic
584 1183 702 1214 nunc
742 1170 850 1213 iacet
890 1166 1094 1226 sepultus
1134 1164 1209 1224 qui
1247 1168 1342 1208 erat
1379 1162 1563 1206 doctus:

469 1240 552 1286 Sed
593 1241 744 1300 queris
785 1234 950 1294 ‘Quis?'
990 1236 1132 1282 dicam
1172 1236 1373 1280 ‘Ioannes
1413 1230 1654 1281 Cerdonis’,

469 1313 633 1358 Doctor
670 1324 941 1370 pransosus,
982 1307 1057 1367 qui
1096 1305 1309 1365 diligebat
1345 1317 1565 1354 annosos;

467 1381 753 1436 Eratsbonus
791 1386 969 1428 cantor,
1008 1391 1088 1423 nec
1126 1391 1215 1422 non
1254 1377 1451 1435 optimus
1490 1371 1672 1422 Orator,

470 1450 784 1498 Scivit'multa
821 1449 1063 1508 Arguitur,
1105 1447 1224 1508 quod
1264 1445 1387 1490 valde
1424 1444 1645 1490 laudatur.

470 1523 555 1569 Pro
595 1535 648 1567 eo
688 1536 788 1572 ora,
827 1534 882 1566 ne
919 1525 1094 1565 maneat
1130 1520 1176 1563 in
1212 1517 1389 1562 inferno
1427 1515 1562 1575 longa
1599 1527 1738 1560 mora.

471 1650 822 1709 Questiones
861 1652 1113 1707 sequuntur
1151 1643 1683 1705 pregnantissime,

471 1722 589 1776 Quas
626 1720 868 1780 disputavit
904 1716 1217 1767 subtilissime,

471 1791 516 1836 Si
554 1790 715 1851 aliquis
752 1789 975 1851 Cerdonis
1004 1793 1178 1832 amator

471 1861 559 1907 Nec
595 1876 685 1907 non
722 1861 870 1906 honus
895 1857 1166 1919 -speculator

468 1932 663 1978 Adderet
697 1945 780 1992 pro
819 1938 864 1976 et
898 1935 1057 1976 contra

471 2003 525 2048 Et
562 2002 876 2048 conclusiones
915 2007 960 2046 et
996 1998 1238 2049 corelaria,

473 2075 596 2120 Tunc
633 2073 815 2119 deberet
851 2071 1006 2119 audire
1042 2068 1183 2115 multa
1220 2069 1444 2128 dogmata.

911 2184 1156 2246 Questio
1194 2180 1676 2242 MetaphisicaliS.

345 2288 438 2330 ΕΞ
474 2288 631 2333 Utrum
668 2284 889 2340 Quattuor
926 2285 1031 2345 equi
1068 2282 1326 2344 phaetontis

473 2358 655 2403 Possint
691 2357 869 2402 trahere
906 2369 988 2417 per
1023 2367 1237 2400 cacumen
1275 2353 1442 2399 montis

476 2429 682 2488 Magnum
720 2441 903 2474 currum
940 2426 1269 2487 phantasticum

478 2499 560 2544 Per
596 2513 801 2559 campum
838 2498 1180 2556 Cathegoricum

477 2570 544 2615 Ad
581 2583 785 2630 campum
823 2567 1162 2629 hypotheticum

476 2641 559 2686 Per
593 2639 816 2685 infinitum
855 2646 898 2684 et
935 2653 1119 2685 vacuum

479 2711 626 2772 Usque
665 2711 719 2757 ad
756 2709 1069 2756 duodecimum
1106 2708 1412 2769 phisicorum?

922 2821 1164 2884 Questio
1203 2820 1677 2882 grammaticalis.

352 2925 444 2967 &
479 2925 635 2970 Utrum
673 2923 875 2983 Chimera
911 2923 1213 2984 phantastica,

480 2994 645 3040 Sedens
681 2996 727 3039 in
764 2994 926 3040 arbore
962 2988 1278 3054 porphiriana',

481 3065 724 3111 Comedens
762 3079 904 3125 genus
942 3070 987 3109 et
1024 3064 1221 3124 species,

480 3135 758 3181 Differentias
795 3142 841 3181 et
878 3135 1140 3195 qualitates,

482 3206 566 3250 Per
600 3207 894 3256 intentionem
930 3206 1116 3266 primam
1155 3212 1199 3250 et
1236 3205 1475 3251 secundam
1513 3203 1810 3254 descendens,

486 3346 554 3391 Sit
590 3361 614 3391 a
651 3346 842 3407 simplici
878 3348 1112 3394 sacerdote
1150 3347 1418 3393 absolvenda

485 3415 564 3461 Vel
602 3417 655 3461 ad
690 3418 953 3477 magistrum
989 3419 1186 3479 heretice
1224 3418 1458 3478 pravitatis
1495 3416 1792 3463 remittenda?

349 3539 384 3567 ¹⁸
414 3539 462 3581 Si
493 3539 657 3593 aliquis
686 3538 788 3594 eta]
820 3541 915 3581 Hos
937 3540 962 3581 5
991 3554 1148 3582 versus
1180 3554 1281 3581 cum
1311 3554 1406 3593 sqq.
1439 3544 1653 3594 quattuor
1673 3538 2013 3591 Quaestionibus
2046 3538 2183 3578 etiam
2212 3549 2373 3578 manus

238 3624 343 3652 saec.
365 3610 484 3652 XVI.
509 3610 694 3663 scripsit
722 3611 769 3649 in
798 3623 902 3663 pag.
926 3612 1071 3663 prima
1104 3611 1299 3664 exempli
1328 3611 1444 3664 Epp.
1479 3612 1645 3652 Obsce.
1668 3611 1819 3651 Viror.
1849 3608 1940 3650 vol.
1963 3609 1997 3651 I.
2022 3608 2131 3648 edit.
2155 3606 2223 3659 32„
2257 3607 2374 3660 quod

238 3680 344 3722 olim
375 3679 573 3721 Conradi
594 3680 702 3719 Zuic
725 3678 1091 3720 constantiensis
1122 3680 1222 3731 fuit,
1255 3693 1375 3721 nunc
1405 3681 1699 3722 bibliothecae
1720 3681 1928 3721 lenensis
1960 3681 2029 3719 est
2060 3677 2190 3730 (Bud.
2213 3677 2370 3720 Theol.

239 3765 279 3805 q.
305 3750 398 3792 159.
420 3763 487 3791 nr.
509 3749 585 3802 9.)‚
619 3749 736 3789 unde
766 3750 999 3791 variantes
1030 3750 1281 3802 scripturas
1314 3751 1547 3792 adnotavi.
1631 3763 1635 3766 ·
1661 3749 1697 3776 ²¹
1730 3750 1966 3791 Corolaria
1995 3751 2079 3789 MS.
2182 3745 2219 3772 ²4
2250 3748 2371 3798 Qua-

237 3826 339 3862 tuor
368 3827 410 3862 et
438 3821 654 3875 Paetontg
682 3823 764 3859 MS.
879 3818 915 3844 ²⁶
938 3820 1191 3860 fantasticu
1222 3823 1304 3858 MS.
1412 3819 1447 3846 ³0
1479 3820 1595 3861 Octo
1626 3820 1765 3861 libros
1795 3820 2079 3861 Phisicorum
2109 3817 2371 3862 Aristotelis

238 3891 540 3934 numerabant
569 3890 850 3932 scholastici.
937 3888 973 3916 32
1005 3889 1229 3943 Chymera
1258 3893 1341 3929 MS.
1431 3889 1466 3915 33
1496 3889 1811 3946 Porphyriana
1843 3893 1923 3930 MS.

2378 1159 2414 1189 10

2382 1512 2419 1546 ¹5

2382 1934 2424 1966 20

2382 2356 2425 2389 25

2385 2709 2427 2742 30

2384 3150 2427 3185 35
