2456 4264
291 305 352 335 nn
376 302 583 335 sueno
604 303 809 335 ocvmuu
833 304 892 333 m·
914 304 973 333 οε
997 303 1333 333 Pnrnmconno
1355 304 1384 333 A
1407 296 1580 335 xvmms
1604 305 1835 335 nvmnmo
1857 307 2051 336 nAm‘ro.
2141 283 2163 341 l
2182 283 2205 341 1
2224 283 2247 341 1

20 477 24 507 ἶ
94 437 211 486 ἀνω
245 448 323 484 me
358 435 502 497 apud
525 436 787 494 Cesaream
821 436 1126 484 maiestatem
1163 447 1227 483 ac
1261 435 1575 484 consiliarios
1608 437 1716 485 eius
1752 436 1935 485 habere
1970 440 2128 486 locum
2161 452 2257 486 non

20 522 29 567 .·
87 525 272 585 posset,
307 525 358 569 et
389 522 684 569 consultatio
720 522 868 569 etiam
904 533 998 568 sua
1034 519 1179 580 apud
1212 521 1388 568 multos
1422 521 1664 569 litteratos
1710 523 1842 570 viros
1885 523 2070 570 reiecta
2108 528 2257 584 atque

20 588 36 666 ἕ,
75 610 366 667 contempta
388 604 551 665 foret,
597 603 735 654 Tunc
769 604 1017 654 Reuchlin
1055 604 1304 653 diabolica
1337 610 1385 653 et
1415 605 1658 654 obstinata
1689 607 1924 669 superbia
1960 611 2116 656 motus
2142 605 2164 675 Η
2189 609 2261 657 ad
2275 605 2371 660 <aiij

93 690 466 752 defendendum
500 703 724 739 errorem
754 703 919 749 suum,
968 687 1174 748 effinxit
1205 691 1256 737 in
1293 691 1696 740 consultationem
1728 706 1870 741 suam
1910 693 2258 741 Germanicam

20 760 38 846 ,J
57 801 82 836 ι
102 777 333 827 Latinam
360 777 842 838 interpretationem,
892 789 986 835 que
1030 778 1221 823 tantum
1254 782 1400 823 sonat
1433 777 1534 823 sive
1568 776 1640 824 ad
1672 790 1778 825 rem
1811 776 1964 837 facit,
2012 779 2260 839 quemad—

23 912 46 941 0
91 861 290 912 nodum
318 862 404 910 ille
437 863 525 922 qui
552 874 606 908 se
643 865 861 922 tempore
897 859 1102 908 hiberno
1143 860 1362 920 antiquis
1398 850 1577 920 caliqis
1616 863 1736 921 teqit
1781 868 1871 910 aut
1915 870 2099 911 veteres
2144 866 2259 912 cal-

22 950 33 1020 }
89 960 201 999 ceos
245 947 449 1007 antiquo
491 946 654 1005 reficit
693 947 843 994 corio.
915 944 1216 994 Huiusmodi
1258 946 1413 1004 iqitur
1455 947 1647 1005 qlosam
1683 959 1796 994 cum
1830 949 2182 996 consultatione
2214 954 2262 996 et

24 1024 38 1097 ἕ,
85 1036 319 1097 preterea
332 1031 554 1094 probosa
578 1030 793 1091 quedam
813 1030 964 1080 verba
982 1036 1159 1079 contra
1184 1042 1261 1078 me
1283 1043 1526 1092 expressa
1551 1031 1601 1078 in
1628 1045 1781 1079 unum
1807 1034 2030 1081 volumen
2053 1033 2258 1092 redeqit,

10 1110 33 1177 ’ξ
73 1120 347 1182 'inponens
385 1117 504 1166 huic
548 1116 676 1165 libro
724 1130 899 1165 nomen
942 1117 1076 1165 oculi
1115 1117 1421 1177 speculariS,
1478 1117 1612 1176 quod
1667 1118 1959 1179 impressum
2007 1118 2263 1179 divulqari

22 1203 226 1285 placit,
261 1204 458 1259 mittens
478 1202 553 1250 ad
571 1201 828 1250 nundinas
851 1200 1363 1261 Franclcfordienses,
1401 1208 1455 1249 ut
1479 1201 1659 1250 ibidem
1677 1203 1876 1263 publice
1911 1203 2257 1252 venderentur

24 1286 50 1331 k
88 1288 236 1342 Hunc
276 1292 441 1337 autem
483 1288 606 1348 quia
649 1286 803 1346 Iudei
839 1287 1010 1336 eodem
1052 1293 1272 1348 tempore
1316 1291 1467 1335 erant
1499 1286 1881 1348 Franclcfordie
1926 1302 1993 1336 ex
2039 1290 2260 1338 omnibus

13 1350 47 1453 ᾸΞ
87 1373 397 1436 manibus,
443 1377 494 1422 et
535 1372 839 1421 audiverunt
875 1373 1020 1434 quod
1054 1374 1168 1421 talis
1205 1372 1332 1421 liber
1364 1373 1416 1420 in
1447 1371 1681 1431 favorem
1719 1374 1916 1422 illorum
1952 1377 2259 1437 conscriptus

27 1447 410 1518 finderetur,
445 1451 784 1507 cucurrerunt
810 1459 912 1520 ipsi
943 1460 1091 1519 quasi
1116 1457 1350 1518 famelici
1381 1470 1560 1515 canes,
1599 1464 1811 1508 ementes
1846 1459 1998 1508 libros
2035 1461 2169 1520 illos,
2207 1462 2258 1509 in

27 1527 39 1572 '⁸
84 1555 275 1606 ,mma
308 1550 374 1592 et
391 1544 658 1593 irinumera
687 1544 859 1605 copia,
904 1543 1089 1593 Latina
1137 1548 1303 1593 autem
1328 1545 1631 1604 ,qlossemata
1664 1547 2017 1607 prenominata
2057 1545 2258 1594 abiece-

89 1634 210 1681 runt
251 1629 316 1679 de
360 1630 718 1679 consultatione
757 1629 1059 1678 Germanica
1109 1636 1159 1678 et
1201 1634 1610 1691 suppresserunt,
1666 1643 1722 1678 eo
1777 1630 1912 1691 quod
1952 1632 2258 1694 separabilia

28 1711 61 1773 ᾗ
79 1719 248 1773 essent
273 1714 339 1764 ab
372 1715 551 1764 eadem
586 1719 635 1764 et
669 1715 738 1763 ita
772 1716 930 1764 solam
959 1716 1389 1775 consultationem,
1436 1730 1530 1776 que
1578 1720 1691 1764 erat
1726 1729 1824 1777 pro
1870 1718 1942 1765 eis
1987 1722 2039 1766 et
2080 1723 2257 1773 contra

16 1777 43 1881 ξ
85 1812 210 1862 aeoe,
236 1802 573 1861 retinuerunt,
612 1800 684 1849 ad
715 1800 1075 1862 disputandum
1111 1814 1224 1850 cum
1248 1802 1453 1863 pusillis
1486 1805 1576 1849 aut
1609 1801 1819 1850 rudibus
1858 1800 2168 1863 Christianis,
2206 1808 2261 1851 ut

30 1892 40 1942 f
84 1898 169 1937 eos
194 1887 434 1936 seducere
462 1891 668 1949 possent
703 1888 755 1935 in
790 1899 933 1935 suam
965 1886 1119 1945 fidem
1164 1888 1265 1935 sive
1302 1887 1489 1935 rectius
1534 1886 1802 1948 perfidiam
1814 1923 1829 1950 ,
1878 1888 2013 1948 quod
2057 1888 2258 1948 quidem

81 1971 413 2037 proculdubio
436 1971 635 2032 factum
669 1975 756 2020 est.
831 1970 874 2018 (Ι
910 1970 1057 2020 Nunc
1093 1972 1247 2031 iqitur
1283 1971 1688 2031 animadvertite,
1732 1971 1930 2030 factum
1966 1980 2040 2021 est
2069 1975 2121 2021 in
2159 1987 2257 2022 uno

0 2097 8 2107 ,
52 2047 350 2119 ⁷sabbatho,
395 2057 532 2118 quod
555 2056 709 2116 Iudei
737 2057 788 2104 in
824 2056 1046 2117 quadam
1083 2070 1271 2117 maqna
1311 2058 1432 2105 aula
1464 2057 1711 2117 qaudi'um
1747 2058 1922 2118 inqens
1954 2063 2002 2106 et
2035 2050 2256 2108 conven-

79 2148 193 2209 m,
234 2141 534 2191 habuerunt.
608 2141 802 2190 Deinde
853 2147 1040 2202 autem,
1087 2141 1501 2203 quemadmodum
1548 2155 1639 2202 eqo
1686 2144 1870 2192 certior
1911 2141 2086 2202 factus
2131 2157 2254 2205 sum,

85 2230 437 2279 &sanxerunt
464 2226 617 2286 Iudei
647 2226 778 2276 duas
814 2229 1056 2288 intaqines
1089 2242 1174 2276 seu
1209 2230 1432 2288 fiquraS,
1481 2241 1693 2289 quarum
1733 2241 1836 2275 una
1883 2233 2009 2277 esset
2040 2228 2257 2278 Ioannes

34 2334 35 2345 ¹
85 2311 332 2366 muchan
370 2313 423 2361 in
461 2313 698 2373 anqelica
737 2311 911 2371 forma
955 2314 1118 2361 instar
1153 2313 1399 2375 prophete
1412 2352 1423 2374 ,
1474 2314 1648 2362 Altera
1686 2326 1800 2362 vero
1832 2315 2003 2373 fiqura
2041 2314 2254 2377 Peperi—

45 2445 51 2453 ,
86 2411 271 2453 mus
299 2399 353 2448 in
374 2397 554 2459 forma
586 2397 848 2447 diabolica.
915 2398 1010 2447 has
1044 2400 1240 2460 fflquras
1273 2404 1450 2448 contra
1486 2412 1563 2460 se,
1607 2398 1700 2447 hoc
1741 2403 1815 2447 est
1852 2412 1879 2446 e
1916 2401 2140 2459 reqione,
2188 2401 2260 2449 ad

32 2485 400 2554 ’mallum
435 2483 645 2547 aliquod
675 2485 999 2533 collocarunt.
1056 2486 1393 2546 unusquisque
1430 2485 1584 2544 iqitur
1606 2483 1795 2543 Iudeus
1819 2483 1994 2533 habuit
2027 2486 2078 2533 in
2105 2498 2257 2534 manu

37 2582 179 2637 ⁴¹gnua
211 2569 393 2620 librum
433 2569 635 2619 Ioannis
670 2567 946 2629 Reuchlin‚
997 2572 1177 2618 erectis
1220 2569 1438 2618 brachiis
1479 2571 1669 2618 circum
1713 2571 1826 2619 illas
1873 2571 2114 2632 imaqines
2155 2571 2256 2619 du-

44 2664 47 2667 ’
87 2659 253 2706 centes
283 2654 498 2705 choreas
527 2655 789 2704 exilientes
821 2657 872 2704 in
903 2656 1085 2719 altum,
1135 2655 1547 2716 quemadmodum
1585 2656 1637 2703 in
1675 2654 1870 2719 qupto
1905 2657 2095 2704 circum
2130 2666 2263 2705 con-‘

81 2741 289 2804 flatilem
313 2742 517 2807 vitulum
544 2742 810 2801 saltarum,
853 2735 994 2790 Inter
1027 2740 1384 2790 chorisandum
1415 2748 1578 2790 autem
1615 2745 1729 2790 ante
1761 2742 2026 2801 imaqinem
2051 2741 2260 2790 Ioannis

86 2812 331 2877 Reuchlin
356 2827 620 2888 flexerunt
647 2839 817 2887 qenua
852 2840 972 2888 sua,
1018 2840 1253 2887 maqnum
1289 2829 1338 2876 ei
1370 2827 1709 2889 impendentes
1746 2827 2008 2876 honorem:
2046 2840 2123 2876 me
2158 2841 2257 2876 au-

38 2914 188 2968 ntem
215 2915 460 2974 tanquam
496 2911 748 2962 diabolum
773 2918 1133 2975 percusserunt
1167 2918 1215 2962 et
1257 2914 1432 2962 cultris
1476 2915 1742 2975 petierunt.
1817 2912 2000 2961 deinde
2041 2912 2255 2973 quodam

14 2989 170 3047 “dle
194 2997 312 3047 solih
337 2997 552 3047 adducti
580 3002 697 3046 sunt
730 2999 782 3047 in
824 2999 985 3047 vicum
1020 2997 1295 3059 Iudeorum
1332 2999 1387 3048 hi
1419 2999 1537 3048 libri
1566 2998 1775 3048 Ioannis
1810 2997 2056 3046 Reuchlin
2098 3012 2253 3046 vena-

87 3080 252 3145 mque
286 3084 546 3146 propositi.
613 3089 923 3147 quapropter
976 3084 1292 3134 mirabantur
1335 3085 1627 3140 Christiani,
1683 3096 1740 3132 eo
1790 3083 1924 3143 quod
1976 3084 2256 3132 inauditum

87 3170 214 3218 Μ
246 3167 399 3218 libros
439 3168 837 3218 Christianorum
882 3171 1042 3220 solere
1066 3193 1068 3196 ·
1088 3171 1237 3219 vendi
1279 3170 1479 3230 Iudeis:
1520 3169 1628 3219 vHoc
1671 3175 1919 3231 postremo
1959 3169 2144 3218 dictum
2186 3174 2260 3218 est

57 3239 471 3322 {mlitepiscopo
504 3252 820 3316 Moquntino,
853 3257 941 3317 qui
975 3269 1088 3304 cum
1124 3255 1374 3316 audisset,
1422 3255 1828 3305 consultationem
1865 3255 2022 3315 ipsius
2057 3268 2182 3314 esse,
2223 3268 2256 3302 a

95 3328 106 3410 ’ἠ
163 3343 216 3388 et
239 3337 306 3389 ab
329 3340 446 3390 aliis
468 3340 718 3401 reiectam,
755 3342 888 3390 misit
910 3340 984 3389 ad
1006 3336 1029 3408 ΙΙ
1047 3341 1318 3402 plebanum
1345 3340 1886 3400 Franckfordiensium
1914 3353 2060 3400 sacre
2084 3340 2224 3389 theo-
2246 3346 2367 3402 <testib

199 3423 604 3487 professorem,
637 3431 691 3475 ut
723 3426 989 3487 diliqenter
1025 3426 1447 3476 animadverteret
1482 3427 1545 3476 de
1571 3426 1712 3475 libris
1736 3427 1848 3475 illis.
1926 3425 2049 3474 Ideo
2074 3431 2256 3487 pastor

111 3491 155 3578 ‘f‘
226 3509 314 3559 oh:
348 3512 544 3572 lecerat
580 3510 710 3559 duas
742 3512 1111 3572 quatierniones
1155 3517 1205 3560 et
1236 3513 1470 3559 continuo
1514 3512 1819 3561 exclamavit
1851 3513 1957 3560 alta
2008 3522 2122 3560 voce
2169 3511 2257 3559 ‘ad

261 3597 387 3655 lm,
436 3596 509 3644 ad
537 3595 818 3658 patibulum
849 3609 962 3645 cum
1000 3597 1128 3645 libro
1162 3595 1284 3645 hoc'.
1357 3596 1675 3660 Quapropter
1701 3596 1961 3659 prohibuit
1985 3610 2083 3658 per
2120 3595 2252 3644 mul*

175 3666 180 3670 ⁴
262 3680 587 3731 ducentorum
632 3695 927 3743 aureorum,
978 3696 1040 3731 ne
1086 3684 1270 3744 aliquis
1305 3682 1540 3732 venderet
1584 3682 1673 3731 hos
1720 3682 1884 3731 libros.
1965 3682 2068 3740 Quo
2109 3680 2253 3740 facto

201 3768 222 3814 t
253 3768 483 3828 evesteyio
518 3768 729 3818 eundem
765 3768 983 3819 libellum
1020 3768 1091 3817 ad
1124 3770 1492 3819 universitatem
1528 3769 1874 3818 Coloniensem.
1912 3773 2018 3816 etc.

100 3946 117 3954 '
175 3945 228 3974 ⁴*
250 3946 380 3993 Immo
412 3949 627 3995 Oculatis
658 3950 854 4007 speculi.
942 3950 980 3979 ⁸⁵
1010 3951 1196 3995 Petrum
1227 3952 1400 4009 Meyer.
