<?xml version="1.0" encoding="UTF-8"?>
<!DOCTYPE html PUBLIC "-//W3C//DTD XHTML 1.0 Transitional//EN"
    "http://www.w3.org/TR/xhtml1/DTD/xhtml1-transitional.dtd">
<html xmlns="http://www.w3.org/1999/xhtml" xml:lang="en" lang="en">
 <head>
  <title>
</title>
<meta http-equiv="Content-Type" content="text/html;charset=utf-8" />
  <meta name='ocr-system' content='tesseract 3.04.00' />
  <meta name='ocr-capabilities' content='ocr_page ocr_carea ocr_par ocr_line ocrx_word'/>
</head>
<body>
  <div class='ocr_page' id='page_1' title='image "./supoperaquaerepe01huttuoft_0374.png"; bbox 0 0 2456 4264; ppageno 0'>
   <div class='ocr_carea' id='block_1_1' title="bbox 249 267 2356 374">
    <p class='ocr_par' dir='ltr' id='par_1_1' title="bbox 249 267 2356 374">
     <span class='ocr_line' id='line_1_1' title="bbox 249 267 1928 331; baseline -0.002 -11"><span class='ocrx_word' id='word_1_1' title='bbox 249 268 368 326; x_wconf 88' lang='grc'><em>334</em></span> <span class='ocrx_word' id='word_1_2' title='bbox 708 286 1090 320; x_wconf 67' lang='lat' dir='ltr'>LAMENTATION‘ES</span> <span class='ocrx_word' id='word_1_3' title='bbox 1114 285 1416 319; x_wconf 69' lang='lat' dir='ltr'><em>onscvnonvn</em></span> <span class='ocrx_word' id='word_1_4' title='bbox 1436 286 1646 318; x_wconf 71' lang='lat' dir='ltr'><em>vmonvu</em></span> <span class='ocrx_word' id='word_1_5' title='bbox 1670 267 1928 331; x_wconf 58' lang='lat' dir='ltr'><em>[vnum-is}</em></span> 
     </span>
     <span class='ocr_line' id='line_1_2' title="bbox 2347 352 2356 374; baseline 0 0"><span class='ocrx_word' id='word_1_6' title='bbox 2347 352 2356 374; x_wconf 68' lang='grc'>1</span> 
     </span>
    </p>
   </div>
   <div class='ocr_carea' id='block_1_2' title="bbox 236 419 2435 978">
    <p class='ocr_par' dir='ltr' id='par_1_2' title="bbox 236 419 2435 910">
     <span class='ocr_line' id='line_1_3' title="bbox 244 419 2432 481; baseline -0.002 -9"><span class='ocrx_word' id='word_1_7' title='bbox 244 423 501 472; x_wconf 76' lang='lat' dir='ltr'><em>cubantem</em></span> <span class='ocrx_word' id='word_1_8' title='bbox 546 426 740 468; x_wconf 86' lang='lat' dir='ltr'><em>terrens</em></span> <span class='ocrx_word' id='word_1_9' title='bbox 783 422 988 480; x_wconf 89' lang='lat' dir='ltr'><em>quietem</em></span> <span class='ocrx_word' id='word_1_10' title='bbox 1035 421 1194 468; x_wconf 90' lang='lat' dir='ltr'><em>somni</em></span> <span class='ocrx_word' id='word_1_11' title='bbox 1237 420 1572 468; x_wconf 77' lang='lat' dir='ltr'><em>dulcissimam</em></span> <span class='ocrx_word' id='word_1_12' title='bbox 1617 420 1912 480; x_wconf 79' lang='lat' dir='ltr'><em>interrupit,</em></span> <span class='ocrx_word' id='word_1_13' title='bbox 1975 419 2135 467; x_wconf 90' lang='lat' dir='ltr'><em>noctis</em></span> <span class='ocrx_word' id='word_1_14' title='bbox 2184 432 2376 481; x_wconf 89' lang='lat' dir='ltr'><em>quoque</em></span> <span class='ocrx_word' id='word_1_15' title='bbox 2412 429 2432 461; x_wconf 77' lang='lat'><em>&#39;-</em></span> 
     </span>
     <span class='ocr_line' id='line_1_4' title="bbox 238 504 2432 567; baseline -0.001 -12"><span class='ocrx_word' id='word_1_16' title='bbox 238 506 368 566; x_wconf 86' lang='lat' dir='ltr'><em>fecit</em></span> <span class='ocrx_word' id='word_1_17' title='bbox 415 505 650 554; x_wconf 76' lang='lat' dir='ltr'><strong><em>excubias</em></strong></span> <span class='ocrx_word' id='word_1_18' title='bbox 699 509 746 551; x_wconf 88' lang='lat' dir='ltr'><em>et</em></span> <span class='ocrx_word' id='word_1_19' title='bbox 793 504 1149 567; x_wconf 76' lang='lat' dir='ltr'><em>lachrymabili</em></span> <span class='ocrx_word' id='word_1_20' title='bbox 1192 518 1310 553; x_wconf 92' lang='lat' dir='ltr'><em>voce</em></span> <span class='ocrx_word' id='word_1_21' title='bbox 1356 516 1419 551; x_wconf 90' lang='lat' dir='ltr'><em>ac</em></span> <span class='ocrx_word' id='word_1_22' title='bbox 1465 504 1675 564; x_wconf 86' lang='lat' dir='ltr'><em>planctu</em></span> <span class='ocrx_word' id='word_1_23' title='bbox 1701 505 1925 564; x_wconf 77' lang='lat' dir='ltr'><em>pectoris</em></span> <span class='ocrx_word' id='word_1_24' title='bbox 1961 505 2108 552; x_wconf 76' lang='lat' dir='ltr'><em>iuxta</em></span> <span class='ocrx_word' id='word_1_25' title='bbox 2143 505 2375 553; x_wconf 90' lang='lat' dir='ltr'><em>lectulum</em></span> <span class='ocrx_word' id='word_1_26' title='bbox 2428 543 2432 567; x_wconf 51' lang='lat'><em>5</em></span> 
     </span>
     <span class='ocr_line' id='line_1_5' title="bbox 243 587 2435 650; baseline -0.001 -11"><span class='ocrx_word' id='word_1_27' title='bbox 243 596 394 650; x_wconf 90' lang='lat' dir='ltr'><em>stans,</em></span> <span class='ocrx_word' id='word_1_28' title='bbox 435 602 643 649; x_wconf 74' lang='lat' dir='ltr'><em>maqnos</em></span> <span class='ocrx_word' id='word_1_29' title='bbox 678 589 862 650; x_wconf 84' lang='lat' dir='ltr'><em>effudit</em></span> <span class='ocrx_word' id='word_1_30' title='bbox 896 589 1125 638; x_wconf 85' lang='lat' dir='ltr'><em>eiulatus.</em></span> <span class='ocrx_word' id='word_1_31' title='bbox 1204 588 1334 646; x_wconf 77' lang='lat' dir='ltr'><em>Quid</em></span> <span class='ocrx_word' id='word_1_32' title='bbox 1367 588 1457 645; x_wconf 91' lang='lat' dir='ltr'><em>hec</em></span> <span class='ocrx_word' id='word_1_33' title='bbox 1485 588 1801 648; x_wconf 79' lang='lat' dir='ltr'><em>portendant</em></span> <span class='ocrx_word' id='word_1_34' title='bbox 1834 589 2030 647; x_wconf 73' lang='lat' dir='ltr'><em>iqnoro.</em></span> <span class='ocrx_word' id='word_1_35' title='bbox 2109 587 2278 637; x_wconf 84' lang='lat' dir='ltr'><em>Timeo</em></span> <span class='ocrx_word' id='word_1_36' title='bbox 2302 590 2374 636; x_wconf 93' lang='lat' dir='ltr'><em>in-</em></span> <span class='ocrx_word' id='word_1_37' title='bbox 2426 643 2435 648; x_wconf 18' lang='grc' dir='ltr'><em>β</em></span> 
     </span>
     <span class='ocr_line' id='line_1_6' title="bbox 237 666 2378 739; baseline 0 -18"><span class='ocrx_word' id='word_1_38' title='bbox 237 673 383 732; x_wconf 86' lang='lat' dir='ltr'><em>ferni</em></span> <span class='ocrx_word' id='word_1_39' title='bbox 418 674 588 734; x_wconf 87' lang='lat' dir='ltr'><em>potius</em></span> <span class='ocrx_word' id='word_1_40' title='bbox 639 667 748 739; x_wconf 85' lang='lat' dir='ltr'><em>[(de</em></span> <span class='ocrx_word' id='word_1_41' title='bbox 796 686 893 733; x_wconf 93' lang='lat' dir='ltr'><em>quo</em></span> <span class='ocrx_word' id='word_1_42' title='bbox 939 677 1104 720; x_wconf 89' lang='lat' dir='ltr'><em>noster</em></span> <span class='ocrx_word' id='word_1_43' title='bbox 1142 672 1366 734; x_wconf 86' lang='lat' dir='ltr'><em>Capnion</em></span> <span class='ocrx_word' id='word_1_44' title='bbox 1411 673 1605 721; x_wconf 87' lang='lat' dir='ltr'><em>locutus</em></span> <span class='ocrx_word' id='word_1_45' title='bbox 1641 666 1757 739; x_wconf 88' lang='lat' dir='ltr'><em>est)]</em></span> <span class='ocrx_word' id='word_1_46' title='bbox 1807 686 1957 732; x_wconf 89' lang='lat' dir='ltr'><em>quam</em></span> <span class='ocrx_word' id='word_1_47' title='bbox 2001 675 2211 733; x_wconf 90' lang='lat' dir='ltr'><em>superni</em></span> <span class='ocrx_word' id='word_1_48' title='bbox 2243 673 2378 722; x_wconf 85' lang='lat' dir='ltr'><em>Iovis</em></span> 
     </span>
     <span class='ocr_line' id='line_1_7' title="bbox 236 744 2427 819; baseline -0.001 -13"><span class='ocrx_word' id='word_1_49' title='bbox 236 757 398 817; x_wconf 83' lang='lat' dir='ltr'><em>fuisse</em></span> <span class='ocrx_word' id='word_1_50' title='bbox 433 759 722 817; x_wconf 80' lang='lat' dir='ltr'><em>imaqinem,</em></span> <span class='ocrx_word' id='word_1_51' title='bbox 763 758 994 818; x_wconf 83' lang='lat' dir='ltr'><em>nobisque</em></span> <span class='ocrx_word' id='word_1_52' title='bbox 1028 757 1256 805; x_wconf 90' lang='lat' dir='ltr'><em>nonnihil</em></span> <span class='ocrx_word' id='word_1_53' title='bbox 1288 755 1600 815; x_wconf 80' lang='lat' dir='ltr'><em>infelicitatis</em></span> <span class='ocrx_word' id='word_1_54' title='bbox 1635 758 1904 805; x_wconf 90' lang='lat' dir='ltr'><em>imminere.</em></span> <span class='ocrx_word' id='word_1_55' title='bbox 1989 744 2112 805; x_wconf 82' lang='lat' dir='ltr'><em>Vale</em></span> <span class='ocrx_word' id='word_1_56' title='bbox 2147 770 2213 806; x_wconf 85' lang='lat' dir='ltr'><em>ex</em></span> <span class='ocrx_word' id='word_1_57' title='bbox 2237 757 2373 819; x_wconf 84' lang='lat' dir='ltr'><em>Lipt-</em></span> <span class='ocrx_word' id='word_1_58' title='bbox 2387 756 2427 807; x_wconf 66' lang='grc' dir='ltr'><em>εξ</em></span> 
     </span>
     <span class='ocr_line' id='line_1_8' title="bbox 242 843 870 910; baseline -0.002 -19"><span class='ocrx_word' id='word_1_59' title='bbox 242 843 358 892; x_wconf 86' lang='lat' dir='ltr'><em>zich</em></span> <span class='ocrx_word' id='word_1_60' title='bbox 394 855 528 890; x_wconf 91' lang='lat' dir='ltr'><em>anno</em></span> <span class='ocrx_word' id='word_1_61' title='bbox 564 856 661 910; x_wconf 89' lang='lat' dir='ltr'><em>quo</em></span> <span class='ocrx_word' id='word_1_62' title='bbox 694 855 870 905; x_wconf 88' lang='lat' dir='ltr'><em>supra.</em></span> 
     </span>
    </p>

    <p class='ocr_par' dir='ltr' id='par_1_3' title="bbox 2385 946 2432 978">
     <span class='ocr_line' id='line_1_9' title="bbox 2385 946 2432 978; baseline -0.021 0"><span class='ocrx_word' id='word_1_63' title='bbox 2385 946 2432 978; x_wconf 55' lang='lat' dir='ltr'><em>a:</em></span> 
     </span>
    </p>
   </div>
   <div class='ocr_carea' id='block_1_3' title="bbox 1279 1075 1330 1134">
    <p class='ocr_par' dir='ltr' id='par_1_4' title="bbox 1279 1075 1330 1134">
     <span class='ocr_line' id='line_1_10' title="bbox 1279 1075 1330 1134; baseline -0.078 0"><span class='ocrx_word' id='word_1_64' title='bbox 1279 1075 1330 1134; x_wconf 83' lang='lat'><em>4.</em></span> 
     </span>
    </p>
   </div>
   <div class='ocr_carea' id='block_1_4' title="bbox 771 1196 1838 1369">
    <p class='ocr_par' dir='ltr' id='par_1_5' title="bbox 771 1196 1838 1369">
     <span class='ocr_line' id='line_1_11' title="bbox 771 1196 1838 1272; baseline -0.001 -19"><span class='ocrx_word' id='word_1_65' title='bbox 771 1212 812 1260; x_wconf 77' lang='lat'><em>([</em></span> <span class='ocrx_word' id='word_1_66' title='bbox 858 1196 1334 1254; x_wconf 87' lang='lat' dir='ltr'><em>Bernhardus</em></span> <span class='ocrx_word' id='word_1_67' title='bbox 1375 1196 1838 1272; x_wconf 72' lang='lat' dir='ltr'><em>Plumi&#39;leqi‘us</em></span> 
     </span>
     <span class='ocr_line' id='line_1_12' title="bbox 900 1308 1730 1369; baseline -0.001 -12"><span class='ocrx_word' id='word_1_68' title='bbox 900 1310 1124 1358; x_wconf 90' lang='lat' dir='ltr'><em>Ioanni</em></span> <span class='ocrx_word' id='word_1_69' title='bbox 1157 1308 1453 1369; x_wconf 86' lang='lat' dir='ltr'><em>Pellifici</em></span> <span class='ocrx_word' id='word_1_70' title='bbox 1487 1308 1556 1357; x_wconf 86' lang='lat' dir='ltr'><em>.S.</em></span> <span class='ocrx_word' id='word_1_71' title='bbox 1584 1309 1639 1356; x_wconf 93' lang='lat' dir='ltr'><em>P.</em></span> <span class='ocrx_word' id='word_1_72' title='bbox 1668 1308 1730 1357; x_wconf 86' lang='lat' dir='ltr'><em>D.</em></span> 
     </span>
    </p>
   </div>
   <div class='ocr_carea' id='block_1_5' title="bbox 232 1407 2436 3352">
    <p class='ocr_par' dir='ltr' id='par_1_6' title="bbox 232 1407 2436 3352">
     <span class='ocr_line' id='line_1_13' title="bbox 389 1407 2432 1495; baseline 0.001 -23"><span class='ocrx_word' id='word_1_73' title='bbox 389 1417 521 1482; x_wconf 74' lang='lat' dir='ltr'><em>Quas</em></span> <span class='ocrx_word' id='word_1_74' title='bbox 543 1424 667 1472; x_wconf 91' lang='lat' dir='ltr'><em>mihi</em></span> <span class='ocrx_word' id='word_1_75' title='bbox 687 1425 863 1472; x_wconf 89' lang='lat' dir='ltr'><em>misisti</em></span> <span class='ocrx_word' id='word_1_76' title='bbox 881 1424 1094 1482; x_wconf 86' lang='lat' dir='ltr'><em>litteras,</em></span> <span class='ocrx_word' id='word_1_77' title='bbox 1125 1425 1457 1484; x_wconf 73' lang='lat' dir='ltr'><em>inqratissime</em></span> <span class='ocrx_word' id='word_1_78' title='bbox 1475 1421 1706 1482; x_wconf 88' lang='lat' dir='ltr'><em>fuerunt.</em></span> <span class='ocrx_word' id='word_1_79' title='bbox 1769 1422 2027 1474; x_wconf 82' lang='lat' dir='ltr'><em>Addidisti</em></span> <span class='ocrx_word' id='word_1_80' title='bbox 2047 1424 2267 1473; x_wconf 86' lang='lat' dir='ltr'><em>dolorem</em></span> <span class='ocrx_word' id='word_1_81' title='bbox 2292 1424 2375 1475; x_wconf 83' lang='lat' dir='ltr'><em>do·</em></span> <span class='ocrx_word' id='word_1_82' title='bbox 2392 1407 2432 1495; x_wconf 54' lang='lat'><em>43</em></span> 
     </span>
     <span class='ocr_line' id='line_1_14' title="bbox 246 1499 2434 1570; baseline 0.001 -14"><span class='ocrx_word' id='word_1_83' title='bbox 246 1509 358 1569; x_wconf 91' lang='lat' dir='ltr'><em>lori,</em></span> <span class='ocrx_word' id='word_1_84' title='bbox 398 1514 447 1556; x_wconf 89' lang='lat' dir='ltr'><em>et</em></span> <span class='ocrx_word' id='word_1_85' title='bbox 469 1510 835 1556; x_wconf 88' lang='lat' dir='ltr'><em>semimortuum</em></span> <span class='ocrx_word' id='word_1_86' title='bbox 851 1521 983 1568; x_wconf 84' lang='lat' dir='ltr'><em>pene</em></span> <span class='ocrx_word' id='word_1_87' title='bbox 1007 1506 1322 1567; x_wconf 86' lang='lat' dir='ltr'><em>interfecisti.</em></span> <span class='ocrx_word' id='word_1_88' title='bbox 1398 1507 1514 1556; x_wconf 89' lang='lat' dir='ltr'><em>Non</em></span> <span class='ocrx_word' id='word_1_89' title='bbox 1538 1511 1611 1555; x_wconf 91' lang='lat' dir='ltr'><em>est</em></span> <span class='ocrx_word' id='word_1_90' title='bbox 1647 1509 1925 1569; x_wconf 74' lang='lat' dir='ltr'><em>astroloqia</em></span> <span class='ocrx_word' id='word_1_91' title='bbox 1962 1522 2086 1570; x_wconf 87' lang='lat' dir='ltr'><em>opus</em></span> <span class='ocrx_word' id='word_1_92' title='bbox 2109 1510 2161 1557; x_wconf 91' lang='lat' dir='ltr'><em>in</em></span> <span class='ocrx_word' id='word_1_93' title='bbox 2188 1513 2273 1558; x_wconf 90' lang='lat' dir='ltr'><em>tuo</em></span> <span class='ocrx_word' id='word_1_94' title='bbox 2296 1523 2371 1558; x_wconf 84' lang='lat' dir='ltr'><em>so·</em></span> <span class='ocrx_word' id='word_1_95' title='bbox 2385 1499 2434 1566; x_wconf 55' lang='grc' dir='ltr'><em>ἡ*</em></span> 
     </span>
     <span class='ocr_line' id='line_1_15' title="bbox 246 1587 2427 1654; baseline 0.001 -13"><span class='ocrx_word' id='word_1_96' title='bbox 246 1595 380 1641; x_wconf 92' lang='lat' dir='ltr'><em>mnio</em></span> <span class='ocrx_word' id='word_1_97' title='bbox 404 1594 731 1654; x_wconf 89' lang='lat' dir='ltr'><em>discutiendo,</em></span> <span class='ocrx_word' id='word_1_98' title='bbox 771 1606 872 1640; x_wconf 91' lang='lat' dir='ltr'><em>non</em></span> <span class='ocrx_word' id='word_1_99' title='bbox 898 1594 950 1640; x_wconf 93' lang='lat' dir='ltr'><em>in</em></span> <span class='ocrx_word' id='word_1_100' title='bbox 976 1594 1126 1640; x_wconf 89' lang='lat' dir='ltr'><em>astris</em></span> <span class='ocrx_word' id='word_1_101' title='bbox 1150 1606 1230 1641; x_wconf 90' lang='lat' dir='ltr'><em>res</em></span> <span class='ocrx_word' id='word_1_102' title='bbox 1253 1593 1343 1650; x_wconf 92' lang='lat' dir='ltr'><em>hec</em></span> <span class='ocrx_word' id='word_1_103' title='bbox 1366 1593 1464 1639; x_wconf 88' lang='lat' dir='ltr'><em>sita</em></span> <span class='ocrx_word' id='word_1_104' title='bbox 1489 1596 1575 1653; x_wconf 80' lang='lat' dir='ltr'><em>est,</em></span> <span class='ocrx_word' id='word_1_105' title='bbox 1614 1592 1706 1640; x_wconf 90' lang='lat' dir='ltr'><em>sed</em></span> <span class='ocrx_word' id='word_1_106' title='bbox 1738 1594 1790 1640; x_wconf 89' lang='lat' dir='ltr'><em>in</em></span> <span class='ocrx_word' id='word_1_107' title='bbox 1826 1593 2079 1642; x_wconf 88' lang='lat' dir='ltr'><em>hominum</em></span> <span class='ocrx_word' id='word_1_108' title='bbox 2114 1594 2253 1642; x_wconf 88' lang='lat' dir='ltr'><em>nobis</em></span> <span class='ocrx_word' id='word_1_109' title='bbox 2289 1595 2381 1651; x_wconf 54' lang='lat' dir='ltr'><em>fild-2</em></span> <span class='ocrx_word' id='word_1_110' title='bbox 2410 1587 2427 1611; x_wconf 77' lang='lat'>‘</span> 
     </span>
     <span class='ocr_line' id='line_1_16' title="bbox 246 1664 2436 1750; baseline 0.001 -25"><span class='ocrx_word' id='word_1_111' title='bbox 246 1679 548 1726; x_wconf 82' lang='lat' dir='ltr'><em>versantium</em></span> <span class='ocrx_word' id='word_1_112' title='bbox 597 1678 867 1726; x_wconf 88' lang='lat' dir='ltr'><em>voluntate.</em></span> <span class='ocrx_word' id='word_1_113' title='bbox 938 1676 1092 1733; x_wconf 50' lang='lat' dir='ltr'><em>‚Sume</em></span> <span class='ocrx_word' id='word_1_114' title='bbox 1129 1679 1281 1739; x_wconf 90' lang='lat' dir='ltr'><em>prius</em></span> <span class='ocrx_word' id='word_1_115' title='bbox 1330 1678 1573 1737; x_wconf 89' lang='lat' dir='ltr'><em>animum,</em></span> <span class='ocrx_word' id='word_1_116' title='bbox 1625 1691 1688 1724; x_wconf 92' lang='lat' dir='ltr'><em>ne</em></span> <span class='ocrx_word' id='word_1_117' title='bbox 1735 1678 1869 1737; x_wconf 88' lang='lat' dir='ltr'><em>quod</em></span> <span class='ocrx_word' id='word_1_118' title='bbox 1921 1692 2056 1727; x_wconf 89' lang='lat' dir='ltr'><em>nunc</em></span> <span class='ocrx_word' id='word_1_119' title='bbox 2099 1664 2436 1750; x_wconf 41' lang='lat' dir='ltr'><em>scripturusssss‘.</em></span> 
     </span>
     <span class='ocr_line' id='line_1_17' title="bbox 244 1752 2426 1831; baseline 0 -20"><span class='ocrx_word' id='word_1_120' title='bbox 244 1776 365 1825; x_wconf 90' lang='lat' dir='ltr'><em>sum,</em></span> <span class='ocrx_word' id='word_1_121' title='bbox 407 1767 453 1810; x_wconf 94' lang='lat' dir='ltr'><em>te</em></span> <span class='ocrx_word' id='word_1_122' title='bbox 491 1764 543 1810; x_wconf 91' lang='lat' dir='ltr'><em>in</em></span> <span class='ocrx_word' id='word_1_123' title='bbox 580 1767 767 1810; x_wconf 92' lang='lat' dir='ltr'><em>terram</em></span> <span class='ocrx_word' id='word_1_124' title='bbox 799 1766 1107 1822; x_wconf 90' lang='lat' dir='ltr'><em>prosternat.</em></span> <span class='ocrx_word' id='word_1_125' title='bbox 1182 1762 1387 1810; x_wconf 84' lang='lat' dir='ltr'><em>Intravi</em></span> <span class='ocrx_word' id='word_1_126' title='bbox 1418 1775 1580 1824; x_wconf 81' lang='lat' dir='ltr'><em>nuper</em></span> <span class='ocrx_word' id='word_1_127' title='bbox 1614 1762 1874 1810; x_wconf 88' lang='lat' dir='ltr'><em>ecclesiam</em></span> <span class='ocrx_word' id='word_1_128' title='bbox 1912 1763 2022 1821; x_wconf 87' lang='lat' dir='ltr'><em>dive</em></span> <span class='ocrx_word' id='word_1_129' title='bbox 2058 1765 2304 1825; x_wconf 76' lang='lat' dir='ltr'><em>virqinis,·</em></span> <span class='ocrx_word' id='word_1_130' title='bbox 2333 1752 2426 1831; x_wconf 48' lang='lat' dir='ltr'><em>etsi-f</em></span> 
     </span>
     <span class='ocr_line' id='line_1_18' title="bbox 246 1829 2434 1908; baseline 0.001 -13"><span class='ocrx_word' id='word_1_131' title='bbox 246 1861 360 1897; x_wconf 88' lang='lat' dir='ltr'><em>ecce</em></span> <span class='ocrx_word' id='word_1_132' title='bbox 396 1848 598 1908; x_wconf 90' lang='lat' dir='ltr'><em>quidam</em></span> <span class='ocrx_word' id='word_1_133' title='bbox 645 1846 924 1895; x_wconf 88' lang='lat' dir='ltr'><em>cucullatus</em></span> <span class='ocrx_word' id='word_1_134' title='bbox 969 1847 1231 1906; x_wconf 78' lang='lat' dir='ltr'><em>sacerdOS,</em></span> <span class='ocrx_word' id='word_1_135' title='bbox 1281 1859 1427 1905; x_wconf 80' lang='lat' dir='ltr'><em>sacre</em></span> <span class='ocrx_word' id='word_1_136' title='bbox 1463 1846 1708 1906; x_wconf 74' lang='lat' dir='ltr'><em>theoloqie</em></span> <span class='ocrx_word' id='word_1_137' title='bbox 1755 1829 1955 1908; x_wconf 83' lang='lat' dir='ltr'><em>doctor,</em></span> <span class='ocrx_word' id='word_1_138' title='bbox 2007 1849 2232 1898; x_wconf 90' lang='lat' dir='ltr'><em>omnibus</em></span> <span class='ocrx_word' id='word_1_139' title='bbox 2276 1850 2380 1898; x_wconf 84' lang='lat' dir='ltr'><em>illie</em></span> <span class='ocrx_word' id='word_1_140' title='bbox 2415 1861 2434 1908; x_wconf 64' lang='lat'><em>2</em></span> 
     </span>
     <span class='ocr_line' id='line_1_19' title="bbox 240 1916 2435 1996; baseline 0.001 -16"><span class='ocrx_word' id='word_1_141' title='bbox 240 1932 575 1993; x_wconf 82' lang='lat' dir='ltr'><em>presentibus,</em></span> <span class='ocrx_word' id='word_1_142' title='bbox 632 1931 777 1979; x_wconf 90' lang='lat' dir='ltr'><em>breve</em></span> <span class='ocrx_word' id='word_1_143' title='bbox 830 1932 1082 1991; x_wconf 82' lang='lat' dir='ltr'><em>quoddam</em></span> <span class='ocrx_word' id='word_1_144' title='bbox 1137 1933 1463 1994; x_wconf 87' lang='lat' dir='ltr'><em>apostolicum</em></span> <span class='ocrx_word' id='word_1_145' title='bbox 1517 1931 1755 1990; x_wconf 87' lang='lat' dir='ltr'><em>ostendit,</em></span> <span class='ocrx_word' id='word_1_146' title='bbox 1787 1933 2044 1996; x_wconf 13' lang='lat' dir='ltr'><em>‘illiusque</em></span> <span class='ocrx_word' id='word_1_147' title='bbox 2085 1935 2380 1983; x_wconf 82' lang='lat' dir='ltr'><em>sententiam</em></span> <span class='ocrx_word' id='word_1_148' title='bbox 2395 1916 2435 1946; x_wconf 54' lang='lat'><em>²²</em></span> 
     </span>
     <span class='ocr_line' id='line_1_20' title="bbox 245 2000 2386 2084; baseline 0.001 -19"><span class='ocrx_word' id='word_1_149' title='bbox 245 2017 555 2065; x_wconf 88' lang='lat' dir='ltr'><em>membratim</em></span> <span class='ocrx_word' id='word_1_150' title='bbox 593 2017 887 2065; x_wconf 84' lang='lat' dir='ltr'><em>declaravit.</em></span> <span class='ocrx_word' id='word_1_151' title='bbox 962 2016 1110 2064; x_wconf 77' lang='lat' dir='ltr'><em>Dixit</em></span> <span class='ocrx_word' id='word_1_152' title='bbox 1144 2021 1310 2065; x_wconf 86' lang='lat' dir='ltr'><em>autem</em></span> <span class='ocrx_word' id='word_1_153' title='bbox 1346 2017 1398 2065; x_wconf 87' lang='lat' dir='ltr'><em>in</em></span> <span class='ocrx_word' id='word_1_154' title='bbox 1434 2000 1492 2065; x_wconf 88' lang='lat' dir='ltr'><em>eo</em></span> <span class='ocrx_word' id='word_1_155' title='bbox 1527 2017 1790 2076; x_wconf 85' lang='lat' dir='ltr'><em>contineri,</em></span> <span class='ocrx_word' id='word_1_156' title='bbox 1829 2019 2191 2067; x_wconf 88' lang='lat' dir='ltr'><em>sanctissimum</em></span> <span class='ocrx_word' id='word_1_157' title='bbox 2229 2011 2414 2091; x_wconf 48' lang='lat' dir='ltr'><em>domi}-</em></span> 
     </span>
     <span class='ocr_line' id='line_1_21' title="bbox 246 2081 2422 2172; baseline 0.001 -22"><span class='ocrx_word' id='word_1_158' title='bbox 246 2115 363 2150; x_wconf 90' lang='lat' dir='ltr'><em>num</em></span> <span class='ocrx_word' id='word_1_159' title='bbox 399 2106 619 2150; x_wconf 88' lang='lat' dir='ltr'><em>nostrum</em></span> <span class='ocrx_word' id='word_1_160' title='bbox 654 2101 869 2150; x_wconf 86' lang='lat' dir='ltr'><em>Leonem</em></span> <span class='ocrx_word' id='word_1_161' title='bbox 896 2114 1092 2163; x_wconf 84' lang='lat' dir='ltr'><em>papam</em></span> <span class='ocrx_word' id='word_1_162' title='bbox 1129 2102 1397 2162; x_wconf 86' lang='lat' dir='ltr'><em>decimum,</em></span> <span class='ocrx_word' id='word_1_163' title='bbox 1448 2102 1668 2151; x_wconf 89' lang='lat' dir='ltr'><em>omnibus</em></span> <span class='ocrx_word' id='word_1_164' title='bbox 1703 2102 1844 2151; x_wconf 87' lang='lat' dir='ltr'><em>nobis</em></span> <span class='ocrx_word' id='word_1_165' title='bbox 1878 2104 2220 2164; x_wconf 80' lang='lat' dir='ltr'><em>maledixisse,</em></span> <span class='ocrx_word' id='word_1_166' title='bbox 2271 2081 2422 2172; x_wconf 54' lang='lat' dir='ltr'><em>nos-J}e</em></span> 
     </span>
     <span class='ocr_line' id='line_1_22' title="bbox 247 2187 2380 2250; baseline 0.002 -16"><span class='ocrx_word' id='word_1_167' title='bbox 247 2201 342 2248; x_wconf 88' lang='lat' dir='ltr'><em>que</em></span> <span class='ocrx_word' id='word_1_168' title='bbox 377 2199 410 2234; x_wconf 95' lang='lat' dir='ltr'><em>a</em></span> <span class='ocrx_word' id='word_1_169' title='bbox 446 2187 583 2235; x_wconf 90' lang='lat' dir='ltr'><em>nullo</em></span> <span class='ocrx_word' id='word_1_170' title='bbox 619 2187 672 2234; x_wconf 92' lang='lat' dir='ltr'><em>in</em></span> <span class='ocrx_word' id='word_1_171' title='bbox 709 2187 860 2234; x_wconf 88' lang='lat' dir='ltr'><em>terris</em></span> <span class='ocrx_word' id='word_1_172' title='bbox 894 2187 1155 2235; x_wconf 89' lang='lat' dir='ltr'><em>sacerdote</em></span> <span class='ocrx_word' id='word_1_173' title='bbox 1192 2187 1427 2248; x_wconf 80' lang='lat' dir='ltr'><em>(excepta</em></span> <span class='ocrx_word' id='word_1_174' title='bbox 1463 2191 1627 2236; x_wconf 89' lang='lat' dir='ltr'><em>tamen</em></span> <span class='ocrx_word' id='word_1_175' title='bbox 1662 2188 1834 2236; x_wconf 88' lang='lat' dir='ltr'><em>mortis</em></span> <span class='ocrx_word' id='word_1_176' title='bbox 1868 2187 2019 2250; x_wconf 87' lang='lat' dir='ltr'><em>hora)</em></span> <span class='ocrx_word' id='word_1_177' title='bbox 2069 2189 2258 2237; x_wconf 83' lang='lat' dir='ltr'><em>absolvi</em></span> <span class='ocrx_word' id='word_1_178' title='bbox 2291 2203 2408 2245; x_wconf 57' lang='lat' dir='ltr'><em>unf</em></span> 
     </span>
     <span class='ocr_line' id='line_1_23' title="bbox 247 2261 2415 2334; baseline 0.001 -14"><span class='ocrx_word' id='word_1_179' title='bbox 247 2285 393 2333; x_wconf 91' lang='lat' dir='ltr'><em>quam</em></span> <span class='ocrx_word' id='word_1_180' title='bbox 420 2285 585 2333; x_wconf 90' lang='lat' dir='ltr'><em>posse.</em></span> <span class='ocrx_word' id='word_1_181' title='bbox 660 2270 856 2320; x_wconf 83' lang='lat' dir='ltr'><em>Adiecit</em></span> <span class='ocrx_word' id='word_1_182' title='bbox 903 2284 1097 2331; x_wconf 90' lang='lat' dir='ltr'><em>quoque</em></span> <span class='ocrx_word' id='word_1_183' title='bbox 1146 2272 1360 2333; x_wconf 90' lang='lat' dir='ltr'><em>idipsum</em></span> <span class='ocrx_word' id='word_1_184' title='bbox 1405 2273 1468 2320; x_wconf 87' lang='lat' dir='ltr'><em>de</em></span> <span class='ocrx_word' id='word_1_185' title='bbox 1511 2272 1914 2334; x_wconf 84' lang='lat' dir='ltr'><em>impressoribus,</em></span> <span class='ocrx_word' id='word_1_186' title='bbox 1964 2274 2300 2322; x_wconf 87' lang='lat' dir='ltr'><em>venditoribus</em></span> <span class='ocrx_word' id='word_1_187' title='bbox 2334 2261 2415 2331; x_wconf 47' lang='lat' dir='ltr'><em>ets</em></span> 
     </span>
     <span class='ocr_line' id='line_1_24' title="bbox 246 2356 2388 2420; baseline 0 -15"><span class='ocrx_word' id='word_1_188' title='bbox 246 2357 511 2405; x_wconf 90' lang='lat' dir='ltr'><em>lectoribus</em></span> <span class='ocrx_word' id='word_1_189' title='bbox 555 2357 944 2416; x_wconf 76' lang='lat' dir='ltr'><em>intelliqendum.</em></span> <span class='ocrx_word' id='word_1_190' title='bbox 1020 2356 1137 2404; x_wconf 81' lang='lat' dir='ltr'><em>Alia</em></span> <span class='ocrx_word' id='word_1_191' title='bbox 1180 2358 1387 2418; x_wconf 88' lang='lat' dir='ltr'><em>insuper</em></span> <span class='ocrx_word' id='word_1_192' title='bbox 1431 2359 1483 2405; x_wconf 90' lang='lat' dir='ltr'><em>in</em></span> <span class='ocrx_word' id='word_1_193' title='bbox 1528 2357 1699 2405; x_wconf 90' lang='lat' dir='ltr'><em>eodem</em></span> <span class='ocrx_word' id='word_1_194' title='bbox 1744 2357 1886 2406; x_wconf 87' lang='lat' dir='ltr'><em>brevi</em></span> <span class='ocrx_word' id='word_1_195' title='bbox 1925 2359 2245 2408; x_wconf 90' lang='lat' dir='ltr'><em>continentur</em></span> <span class='ocrx_word' id='word_1_196' title='bbox 2290 2370 2388 2420; x_wconf 72' lang='lat' dir='ltr'><em>que</em></span> 
     </span>
     <span class='ocr_line' id='line_1_25' title="bbox 246 2426 2418 2522; baseline 0.002 -33"><span class='ocrx_word' id='word_1_197' title='bbox 246 2442 407 2501; x_wconf 77' lang='lat' dir='ltr'><em>maqis</em></span> <span class='ocrx_word' id='word_1_198' title='bbox 442 2441 619 2490; x_wconf 89' lang='lat' dir='ltr'><em>auditu</em></span> <span class='ocrx_word' id='word_1_199' title='bbox 654 2441 914 2490; x_wconf 92' lang='lat' dir='ltr'><em>horrenda</em></span> <span class='ocrx_word' id='word_1_200' title='bbox 949 2447 1078 2489; x_wconf 90' lang='lat' dir='ltr'><em>sunt.</em></span> <span class='ocrx_word' id='word_1_201' title='bbox 1155 2441 1504 2491; x_wconf 88' lang='lat' dir='ltr'><em>Beatissimum</em></span> <span class='ocrx_word' id='word_1_202' title='bbox 1539 2443 1727 2491; x_wconf 82' lang='lat' dir='ltr'><em>scilicet</em></span> <span class='ocrx_word' id='word_1_203' title='bbox 1753 2447 1959 2504; x_wconf 88' lang='lat' dir='ltr'><em>patrem</em></span> <span class='ocrx_word' id='word_1_204' title='bbox 2003 2448 2224 2493; x_wconf 89' lang='lat' dir='ltr'><em>nostrum</em></span> <span class='ocrx_word' id='word_1_205' title='bbox 2260 2426 2418 2522; x_wconf 65' lang='lat' dir='ltr'><em>Leo-g}</em></span> 
     </span>
     <span class='ocr_line' id='line_1_26' title="bbox 247 2521 2405 2589; baseline 0.002 -16"><span class='ocrx_word' id='word_1_206' title='bbox 247 2538 358 2573; x_wconf 90' lang='lat' dir='ltr'><em>nem</em></span> <span class='ocrx_word' id='word_1_207' title='bbox 404 2526 702 2586; x_wconf 88' lang='lat' dir='ltr'><em>decrevisse,</em></span> <span class='ocrx_word' id='word_1_208' title='bbox 762 2527 894 2587; x_wconf 88' lang='lat' dir='ltr'><em>quod</em></span> <span class='ocrx_word' id='word_1_209' title='bbox 940 2526 1143 2587; x_wconf 79' lang='lat' dir='ltr'><em>quilibet</em></span> <span class='ocrx_word' id='word_1_210' title='bbox 1190 2525 1503 2576; x_wconf 78' lang='lat' dir='ltr'><em>Christianus</em></span> <span class='ocrx_word' id='word_1_211' title='bbox 1547 2527 1635 2575; x_wconf 92' lang='lat' dir='ltr'><em>sub</em></span> <span class='ocrx_word' id='word_1_212' title='bbox 1672 2521 1812 2589; x_wconf 83' lang='lat' dir='ltr'><em>pena</em></span> <span class='ocrx_word' id='word_1_213' title='bbox 1857 2530 2405 2586; x_wconf 61' lang='lat' dir='ltr'><em>excommunicationis</em></span> 
     </span>
     <span class='ocr_line' id='line_1_27' title="bbox 248 2603 2412 2678; baseline 0.004 -20"><span class='ocrx_word' id='word_1_214' title='bbox 248 2611 346 2669; x_wconf 86' lang='lat' dir='ltr'><em>late</em></span> <span class='ocrx_word' id='word_1_215' title='bbox 385 2612 644 2670; x_wconf 89' lang='lat' dir='ltr'><em>sententie,</em></span> <span class='ocrx_word' id='word_1_216' title='bbox 695 2611 872 2659; x_wconf 88' lang='lat' dir='ltr'><em>debeat</em></span> <span class='ocrx_word' id='word_1_217' title='bbox 917 2615 1114 2660; x_wconf 89' lang='lat' dir='ltr'><em>nostras</em></span> <span class='ocrx_word' id='word_1_218' title='bbox 1158 2612 1418 2673; x_wconf 85' lang='lat' dir='ltr'><em>epistolas,</em></span> <span class='ocrx_word' id='word_1_219' title='bbox 1466 2614 1567 2660; x_wconf 88' lang='lat' dir='ltr'><em>sive</em></span> <span class='ocrx_word' id='word_1_220' title='bbox 1604 2613 1667 2660; x_wconf 91' lang='lat' dir='ltr'><em>de</em></span> <span class='ocrx_word' id='word_1_221' title='bbox 1695 2613 1867 2673; x_wconf 90' lang='lat' dir='ltr'><em>prima</em></span> <span class='ocrx_word' id='word_1_222' title='bbox 1902 2614 2116 2663; x_wconf 88' lang='lat' dir='ltr'><em>editione</em></span> <span class='ocrx_word' id='word_1_223' title='bbox 2150 2616 2249 2663; x_wconf 89' lang='lat' dir='ltr'><em>sint</em></span> <span class='ocrx_word' id='word_1_224' title='bbox 2282 2603 2412 2678; x_wconf 51' lang='lat' dir='ltr'><em>sim}</em></span> 
     </span>
     <span class='ocr_line' id='line_1_28' title="bbox 251 2687 2432 2839; baseline 0.003 -96"><span class='ocrx_word' id='word_1_225' title='bbox 251 2696 312 2743; x_wconf 92' lang='lat' dir='ltr'><em>de</em></span> <span class='ocrx_word' id='word_1_226' title='bbox 349 2700 549 2756; x_wconf 91' lang='lat' dir='ltr'><em>quarta,</em></span> <span class='ocrx_word' id='word_1_227' title='bbox 590 2697 725 2744; x_wconf 89' lang='lat' dir='ltr'><em>intra</em></span> <span class='ocrx_word' id='word_1_228' title='bbox 761 2701 864 2744; x_wconf 90' lang='lat' dir='ltr'><em>tres</em></span> <span class='ocrx_word' id='word_1_229' title='bbox 900 2697 1007 2745; x_wconf 91' lang='lat' dir='ltr'><em>dies</em></span> <span class='ocrx_word' id='word_1_230' title='bbox 1041 2697 1352 2755; x_wconf 88' lang='lat' dir='ltr'><em>comburere,</em></span> <span class='ocrx_word' id='word_1_231' title='bbox 1403 2698 1634 2757; x_wconf 88' lang='lat' dir='ltr'><em>quodque</em></span> <span class='ocrx_word' id='word_1_232' title='bbox 1680 2710 1843 2755; x_wconf 14' lang='lat' dir='ltr'><em>nemo*</em></span> <span class='ocrx_word' id='word_1_233' title='bbox 1867 2697 2261 2758; x_wconf 77' lang='lat' dir='ltr'><em>christifidelium</em></span> <span class='ocrx_word' id='word_1_234' title='bbox 2293 2687 2432 2839; x_wconf 40' lang='lat' dir='ltr'><em>sifi</em></span> 
     </span>
     <span class='ocr_line' id='line_1_29' title="bbox 249 2776 2410 2851; baseline 0.003 -25"><span class='ocrx_word' id='word_1_235' title='bbox 249 2780 420 2827; x_wconf 92' lang='lat' dir='ltr'><em>eadem</em></span> <span class='ocrx_word' id='word_1_236' title='bbox 447 2793 588 2841; x_wconf 88' lang='lat' dir='ltr'><em>pena</em></span> <span class='ocrx_word' id='word_1_237' title='bbox 625 2781 740 2829; x_wconf 88' lang='lat' dir='ltr'><em>illas</em></span> <span class='ocrx_word' id='word_1_238' title='bbox 775 2794 996 2841; x_wconf 91' lang='lat' dir='ltr'><em>unquam</em></span> <span class='ocrx_word' id='word_1_239' title='bbox 1024 2782 1200 2841; x_wconf 80' lang='lat' dir='ltr'><em>leqere</em></span> <span class='ocrx_word' id='word_1_240' title='bbox 1223 2785 1444 2841; x_wconf 91' lang='lat' dir='ltr'><em>attentet,</em></span> <span class='ocrx_word' id='word_1_241' title='bbox 1484 2795 1631 2842; x_wconf 91' lang='lat' dir='ltr'><em>quum</em></span> <span class='ocrx_word' id='word_1_242' title='bbox 1673 2776 1759 2850; x_wconf 93' lang='lat' dir='ltr'><em>[et]</em></span> <span class='ocrx_word' id='word_1_243' title='bbox 1800 2783 1852 2830; x_wconf 90' lang='lat' dir='ltr'><em>in</em></span> <span class='ocrx_word' id='word_1_244' title='bbox 1877 2784 2172 2832; x_wconf 87' lang='lat' dir='ltr'><em>scandalum</em></span> <span class='ocrx_word' id='word_1_245' title='bbox 2200 2784 2342 2834; x_wconf 85' lang='lat' dir='ltr'><em>Chris</em></span> <span class='ocrx_word' id='word_1_246' title='bbox 2379 2779 2410 2851; x_wconf 40' lang='grc' dir='ltr'><em>ᾖ]</em></span> 
     </span>
     <span class='ocr_line' id='line_1_30' title="bbox 248 2865 2400 2929; baseline 0.003 -17"><span class='ocrx_word' id='word_1_247' title='bbox 248 2865 346 2912; x_wconf 90' lang='lat' dir='ltr'><em>sint</em></span> <span class='ocrx_word' id='word_1_248' title='bbox 380 2868 427 2912; x_wconf 89' lang='lat' dir='ltr'><em>et</em></span> <span class='ocrx_word' id='word_1_249' title='bbox 451 2866 600 2913; x_wconf 87' lang='lat' dir='ltr'><em>totius</em></span> <span class='ocrx_word' id='word_1_250' title='bbox 623 2867 827 2924; x_wconf 82' lang='lat' dir='ltr'><em>ecclesie</em></span> <span class='ocrx_word' id='word_1_251' title='bbox 851 2865 1110 2923; x_wconf 76' lang='lat' dir='ltr'><em>catholice.</em></span> <span class='ocrx_word' id='word_1_252' title='bbox 1175 2866 1428 2915; x_wconf 89' lang='lat' dir='ltr'><em>Postremo</em></span> <span class='ocrx_word' id='word_1_253' title='bbox 1457 2868 1680 2929; x_wconf 88' lang='lat' dir='ltr'><em>precipit</em></span> <span class='ocrx_word' id='word_1_254' title='bbox 1716 2869 1932 2927; x_wconf 89' lang='lat' dir='ltr'><em>cunctis,</em></span> <span class='ocrx_word' id='word_1_255' title='bbox 1974 2873 2030 2916; x_wconf 89' lang='lat' dir='ltr'><em>ut</em></span> <span class='ocrx_word' id='word_1_256' title='bbox 2064 2870 2226 2916; x_wconf 89' lang='lat' dir='ltr'><em>nostri</em></span> <span class='ocrx_word' id='word_1_257' title='bbox 2258 2866 2400 2926; x_wconf 58' lang='lat' dir='ltr'><em>notin?</em></span> 
     </span>
     <span class='ocr_line' id='line_1_31' title="bbox 250 2941 2406 3015; baseline 0.002 -18"><span class='ocrx_word' id='word_1_258' title='bbox 250 2950 370 2997; x_wconf 89' lang='lat' dir='ltr'><em>tiam</em></span> <span class='ocrx_word' id='word_1_259' title='bbox 405 2949 639 2999; x_wconf 90' lang='lat' dir='ltr'><em>habentes</em></span> <span class='ocrx_word' id='word_1_260' title='bbox 674 2952 776 2999; x_wconf 90' lang='lat' dir='ltr'><em>suis</em></span> <span class='ocrx_word' id='word_1_261' title='bbox 811 2965 901 2999; x_wconf 89' lang='lat' dir='ltr'><em>nos</em></span> <span class='ocrx_word' id='word_1_262' title='bbox 927 2951 1155 3013; x_wconf 90' lang='lat' dir='ltr'><em>prodant</em></span> <span class='ocrx_word' id='word_1_263' title='bbox 1190 2951 1463 3012; x_wconf 85' lang='lat' dir='ltr'><em>iudicibus,</em></span> <span class='ocrx_word' id='word_1_264' title='bbox 1505 2965 1603 3012; x_wconf 91' lang='lat' dir='ltr'><em>quo</em></span> <span class='ocrx_word' id='word_1_265' title='bbox 1639 2953 1844 3000; x_wconf 89' lang='lat' dir='ltr'><em>meritas</em></span> <span class='ocrx_word' id='word_1_266' title='bbox 1879 2954 2005 3001; x_wconf 93' lang='lat' dir='ltr'><em>dare</em></span> <span class='ocrx_word' id='word_1_267' title='bbox 2031 2966 2198 3014; x_wconf 92' lang='lat' dir='ltr'><em>penas</em></span> <span class='ocrx_word' id='word_1_268' title='bbox 2233 2941 2406 3015; x_wconf 54' lang='lat' dir='ltr'><em>coya-&#39;z‘</em></span> 
     </span>
     <span class='ocr_line' id='line_1_32' title="bbox 250 3027 2397 3101; baseline 0.003 -19"><span class='ocrx_word' id='word_1_269' title='bbox 250 3046 362 3082; x_wconf 85' lang='lat' dir='ltr'><em>mur</em></span> <span class='ocrx_word' id='word_1_270' title='bbox 402 3027 499 3101; x_wconf 90' lang='lat' dir='ltr'><em>[vel</em></span> <span class='ocrx_word' id='word_1_271' title='bbox 534 3029 717 3101; x_wconf 89' lang='lat' dir='ltr'><em>inviti].</em></span> <span class='ocrx_word' id='word_1_272' title='bbox 793 3035 898 3094; x_wconf 87' lang='lat' dir='ltr'><em>Hec</em></span> <span class='ocrx_word' id='word_1_273' title='bbox 943 3035 1061 3084; x_wconf 89' lang='lat' dir='ltr'><em>boni</em></span> <span class='ocrx_word' id='word_1_274' title='bbox 1100 3036 1335 3085; x_wconf 88' lang='lat' dir='ltr'><em>consulas</em></span> <span class='ocrx_word' id='word_1_275' title='bbox 1370 3037 1537 3097; x_wconf 84' lang='lat' dir='ltr'><em>velim,</em></span> <span class='ocrx_word' id='word_1_276' title='bbox 1589 3041 1733 3098; x_wconf 88' lang='lat' dir='ltr'><em>teque</em></span> <span class='ocrx_word' id='word_1_277' title='bbox 1778 3043 2016 3099; x_wconf 88' lang='lat' dir='ltr'><em>quantum</em></span> <span class='ocrx_word' id='word_1_278' title='bbox 2046 3040 2280 3100; x_wconf 90' lang='lat' dir='ltr'><em>possibile</em></span> <span class='ocrx_word' id='word_1_279' title='bbox 2314 3030 2397 3093; x_wconf 74' lang='lat' dir='ltr'><em>est</em></span> 
     </span>
     <span class='ocr_line' id='line_1_33' title="bbox 255 3117 2410 3182; baseline 0.003 -16"><span class='ocrx_word' id='word_1_280' title='bbox 255 3119 539 3167; x_wconf 90' lang='lat' dir='ltr'><em>consoleris.</em></span> <span class='ocrx_word' id='word_1_281' title='bbox 615 3119 746 3167; x_wconf 92' lang='lat' dir='ltr'><em>Nam</em></span> <span class='ocrx_word' id='word_1_282' title='bbox 791 3133 882 3180; x_wconf 78' lang='lat' dir='ltr'><em>eqo</em></span> <span class='ocrx_word' id='word_1_283' title='bbox 932 3120 1010 3178; x_wconf 87' lang='lat' dir='ltr'><em>(ut</em></span> <span class='ocrx_word' id='word_1_284' title='bbox 1056 3121 1268 3180; x_wconf 75' lang='lat' dir='ltr'><em>inqenue</em></span> <span class='ocrx_word' id='word_1_285' title='bbox 1303 3120 1396 3169; x_wconf 88' lang='lat' dir='ltr'><em>tibi</em></span> <span class='ocrx_word' id='word_1_286' title='bbox 1430 3118 1635 3182; x_wconf 86' lang='lat' dir='ltr'><em>fatear)</em></span> <span class='ocrx_word' id='word_1_287' title='bbox 1682 3123 1756 3170; x_wconf 92' lang='lat' dir='ltr'><em>ita</em></span> <span class='ocrx_word' id='word_1_288' title='bbox 1798 3136 1905 3172; x_wconf 88' lang='lat' dir='ltr'><em>sum</em></span> <span class='ocrx_word' id='word_1_289' title='bbox 1950 3124 2120 3172; x_wconf 91' lang='lat' dir='ltr'><em>animo</em></span> <span class='ocrx_word' id='word_1_290' title='bbox 2169 3117 2410 3180; x_wconf 46' lang='lat' dir='ltr'><em>constervf„</em></span> 
     </span>
     <span class='ocr_line' id='line_1_34' title="bbox 253 3186 2430 3269; baseline 0.005 -20"><span class='ocrx_word' id='word_1_291' title='bbox 253 3206 423 3262; x_wconf 88' lang='lat' dir='ltr'><em>natus,</em></span> <span class='ocrx_word' id='word_1_292' title='bbox 474 3195 529 3251; x_wconf 89' lang='lat' dir='ltr'><em>ut</em></span> <span class='ocrx_word' id='word_1_293' title='bbox 573 3217 649 3252; x_wconf 93' lang='lat' dir='ltr'><em>me</em></span> <span class='ocrx_word' id='word_1_294' title='bbox 686 3202 910 3261; x_wconf 87' lang='lat' dir='ltr'><em>fortasse</em></span> <span class='ocrx_word' id='word_1_295' title='bbox 955 3206 1116 3253; x_wconf 88' lang='lat' dir='ltr'><em>vivum</em></span> <span class='ocrx_word' id='word_1_296' title='bbox 1156 3206 1370 3267; x_wconf 88' lang='lat' dir='ltr'><em>posthac</em></span> <span class='ocrx_word' id='word_1_297' title='bbox 1414 3207 1610 3255; x_wconf 88' lang='lat' dir='ltr'><em>visurus</em></span> <span class='ocrx_word' id='word_1_298' title='bbox 1654 3209 1722 3255; x_wconf 91' lang='lat' dir='ltr'><em>sis</em></span> <span class='ocrx_word' id='word_1_299' title='bbox 1757 3220 2028 3269; x_wconf 88' lang='lat' dir='ltr'><em>nunquam.</em></span> <span class='ocrx_word' id='word_1_300' title='bbox 2102 3207 2275 3258; x_wconf 87' lang='lat' dir='ltr'><em>Scribe</em></span> <span class='ocrx_word' id='word_1_301' title='bbox 2308 3186 2430 3260; x_wconf 60' lang='lat' dir='ltr'><em>imm</em></span> 
     </span>
     <span class='ocr_line' id='line_1_35' title="bbox 232 3288 2391 3352; baseline 0.004 -19"><span class='ocrx_word' id='word_1_302' title='bbox 232 3290 392 3334; x_wconf 83' lang='lat' dir='ltr'><em>terea</em></span> <span class='ocrx_word' id='word_1_303' title='bbox 428 3288 603 3335; x_wconf 87' lang='lat' dir='ltr'><em>ceteris</em></span> <span class='ocrx_word' id='word_1_304' title='bbox 647 3288 1004 3338; x_wconf 83' lang='lat' dir='ltr'><em>contribulibus</em></span> <span class='ocrx_word' id='word_1_305' title='bbox 1050 3292 1231 3339; x_wconf 89' lang='lat' dir='ltr'><em>nostris</em></span> <span class='ocrx_word' id='word_1_306' title='bbox 1275 3304 1380 3339; x_wconf 93' lang='lat' dir='ltr'><em>rem</em></span> <span class='ocrx_word' id='word_1_307' title='bbox 1418 3305 1632 3352; x_wconf 89' lang='lat' dir='ltr'><em>omnem,</em></span> <span class='ocrx_word' id='word_1_308' title='bbox 1681 3306 1744 3340; x_wconf 92' lang='lat' dir='ltr'><em>ne</em></span> <span class='ocrx_word' id='word_1_309' title='bbox 1776 3294 1884 3341; x_wconf 89' lang='lat' dir='ltr'><em>soli</em></span> <span class='ocrx_word' id='word_1_310' title='bbox 1924 3294 1978 3341; x_wconf 91' lang='lat' dir='ltr'><em>in</em></span> <span class='ocrx_word' id='word_1_311' title='bbox 2025 3294 2235 3342; x_wconf 90' lang='lat' dir='ltr'><em>miseriis</em></span> <span class='ocrx_word' id='word_1_312' title='bbox 2281 3302 2391 3342; x_wconf 83' lang='lat' dir='ltr'><em>esse</em></span> 
     </span>
    </p>
   </div>
   <div class='ocr_carea' id='block_1_6' title="bbox 256 3370 2426 3519">
    <p class='ocr_par' dir='ltr' id='par_1_7' title="bbox 256 3370 2426 3519">
     <span class='ocr_line' id='line_1_36' title="bbox 256 3370 2426 3441; baseline 0.004 -23"><span class='ocrx_word' id='word_1_313' title='bbox 256 3370 529 3419; x_wconf 85' lang='lat' dir='ltr'><em>videamur.</em></span> <span class='ocrx_word' id='word_1_314' title='bbox 606 3371 735 3420; x_wconf 92' lang='lat' dir='ltr'><em>Nam</em></span> <span class='ocrx_word' id='word_1_315' title='bbox 781 3374 926 3423; x_wconf 88' lang='lat' dir='ltr'><em>dulce</em></span> <span class='ocrx_word' id='word_1_316' title='bbox 969 3379 1041 3423; x_wconf 86' lang='lat' dir='ltr'><em>est</em></span> <span class='ocrx_word' id='word_1_317' title='bbox 1085 3376 1276 3441; x_wconf 15' lang='lat' dir='ltr'><em>socium*</em></span> <span class='ocrx_word' id='word_1_318' title='bbox 1309 3376 1492 3424; x_wconf 89' lang='lat' dir='ltr'><em>habere</em></span> <span class='ocrx_word' id='word_1_319' title='bbox 1529 3378 1582 3424; x_wconf 91' lang='lat' dir='ltr'><em>in</em></span> <span class='ocrx_word' id='word_1_320' title='bbox 1614 3378 1774 3439; x_wconf 88' lang='lat' dir='ltr'><em>penis.</em></span> <span class='ocrx_word' id='word_1_321' title='bbox 1848 3378 1986 3426; x_wconf 87' lang='lat' dir='ltr'><em>Vale.</em></span> <span class='ocrx_word' id='word_1_322' title='bbox 2047 3378 2137 3427; x_wconf 76' lang='lat' dir='ltr'><em>Ex</em></span> <span class='ocrx_word' id='word_1_323' title='bbox 2179 3379 2243 3428; x_wconf 93' lang='lat' dir='ltr'><em>W</em></span> <span class='ocrx_word' id='word_1_324' title='bbox 2243 3373 2426 3438; x_wconf 46' lang='lat' dir='ltr'><em>itten&#39;ss&#39;x&#39;s:</em></span> 
     </span>
     <span class='ocr_line' id='line_1_37' title="bbox 257 3453 1277 3519; baseline 0.006 -17"><span class='ocrx_word' id='word_1_325' title='bbox 257 3453 408 3503; x_wconf 90' lang='lat' dir='ltr'><em>berch</em></span> <span class='ocrx_word' id='word_1_326' title='bbox 443 3468 553 3503; x_wconf 90' lang='lat' dir='ltr'><em>cum</em></span> <span class='ocrx_word' id='word_1_327' title='bbox 588 3468 738 3505; x_wconf 87' lang='lat' dir='ltr'><em>sacco</em></span> <span class='ocrx_word' id='word_1_328' title='bbox 766 3472 865 3519; x_wconf 91' lang='lat' dir='ltr'><em>per</em></span> <span class='ocrx_word' id='word_1_329' title='bbox 900 3460 1151 3508; x_wconf 87' lang='lat' dir='ltr'><em>civitatem</em></span> <span class='ocrx_word' id='word_1_330' title='bbox 1187 3466 1277 3509; x_wconf 87' lang='lat' dir='ltr'><em>etc.</em></span> 
     </span>
    </p>
   </div>
   <div class='ocr_carea' id='block_1_7' title="bbox 2424 0 2456 3951">
    <p class='ocr_par' dir='ltr' id='par_1_8' title="bbox 2424 0 2456 3951">
     <span class='ocr_line' id='line_1_38' title="bbox 2424 0 2456 3951; baseline 0 0"><span class='ocrx_word' id='word_1_331' title='bbox 2424 0 2456 3951; x_wconf 95' lang='lat' dir='ltr'><em> </em></span> 
     </span>
    </p>
   </div>
   <div class='ocr_carea' id='block_1_8' title="bbox 256 3565 585 3573">
    <p class='ocr_par' dir='ltr' id='par_1_9' title="bbox 256 3565 585 3573">
     <span class='ocr_line' id='line_1_39' title="bbox 256 3565 585 3573; baseline 0 691"><span class='ocrx_word' id='word_1_332' title='bbox 256 3565 585 3573; x_wconf 95' lang='lat' dir='ltr'><em> </em></span> 
     </span>
    </p>
   </div>
   <div class='ocr_carea' id='block_1_9' title="bbox 370 3633 2382 3697">
    <p class='ocr_par' dir='ltr' id='par_1_10' title="bbox 370 3633 2382 3697">
     <span class='ocr_line' id='line_1_40' title="bbox 370 3633 2382 3697; baseline 0.003 -19"><span class='ocrx_word' id='word_1_333' title='bbox 370 3633 402 3663; x_wconf 86' lang='lat'><em>¹¹</em></span> <span class='ocrx_word' id='word_1_334' title='bbox 433 3634 518 3679; x_wconf 82' lang='lat' dir='ltr'><em>heo</em></span> <span class='ocrx_word' id='word_1_335' title='bbox 548 3647 621 3678; x_wconf 84' lang='lat' dir='ltr'><em>res</em></span> <span class='ocrx_word' id='word_1_336' title='bbox 651 3640 691 3677; x_wconf 85' lang='lat'><em>2.</em></span> <span class='ocrx_word' id='word_1_337' title='bbox 801 3635 831 3662; x_wconf 76' lang='lat'><em>¹3</em></span> <span class='ocrx_word' id='word_1_338' title='bbox 862 3651 1004 3692; x_wconf 79' lang='lat' dir='ltr'><em>nuper</em></span> <span class='ocrx_word' id='word_1_339' title='bbox 1032 3653 1211 3682; x_wconf 78' lang='lat' dir='ltr'><em>sacram</em></span> <span class='ocrx_word' id='word_1_340' title='bbox 1240 3642 1343 3682; x_wconf 86' lang='lat' dir='ltr'><em>diue</em></span> <span class='ocrx_word' id='word_1_341' title='bbox 1372 3643 1565 3697; x_wconf 78' lang='lat' dir='ltr'><em>virginis</em></span> <span class='ocrx_word' id='word_1_342' title='bbox 1593 3643 1734 3685; x_wconf 79' lang='lat' dir='ltr'><em>edem.</em></span> <span class='ocrx_word' id='word_1_343' title='bbox 1755 3647 1798 3684; x_wconf 87' lang='lat'><em>2.</em></span> <span class='ocrx_word' id='word_1_344' title='bbox 1854 3689 1856 3691; x_wconf 13' lang='lat' dir='ltr'><em>v</em></span> <span class='ocrx_word' id='word_1_345' title='bbox 1912 3642 1949 3670; x_wconf 84' lang='lat'><em>²²</em></span> <span class='ocrx_word' id='word_1_346' title='bbox 1979 3653 2026 3697; x_wconf 68' lang='lat' dir='ltr'><em>qu</em></span> <span class='ocrx_word' id='word_1_347' title='bbox 2042 3643 2254 3688; x_wconf 71' lang='lat' dir='ltr'><em>chzstiani</em></span> <span class='ocrx_word' id='word_1_348' title='bbox 2287 3634 2382 3696; x_wconf 69' lang='lat' dir='ltr'><em>[sio]</em></span> 
     </span>
    </p>
   </div>
   <div class='ocr_carea' id='block_1_10' title="bbox 260 3706 2411 3832">
    <p class='ocr_par' dir='ltr' id='par_1_11' title="bbox 260 3706 2411 3832">
     <span class='ocr_line' id='line_1_41' title="bbox 260 3706 2411 3767; baseline 0.004 -18"><span class='ocrx_word' id='word_1_349' title='bbox 260 3708 333 3749; x_wconf 73' lang='grc' dir='ltr'><em>οέε</em></span> <span class='ocrx_word' id='word_1_350' title='bbox 363 3710 403 3749; x_wconf 90' lang='lat'><em>2.</em></span> <span class='ocrx_word' id='word_1_351' title='bbox 436 3721 470 3749; x_wconf 73' lang='grc' dir='ltr'><em>ε.</em></span> <span class='ocrx_word' id='word_1_352' title='bbox 493 3722 536 3760; x_wconf 87' lang='lat' dir='ltr'><em>p.</em></span> <span class='ocrx_word' id='word_1_353' title='bbox 557 3707 586 3750; x_wconf 87' lang='lat' dir='ltr'><em>l.</em></span> <span class='ocrx_word' id='word_1_354' title='bbox 613 3721 650 3748; x_wconf 83' lang='lat' dir='ltr'><em>e.</em></span> <span class='ocrx_word' id='word_1_355' title='bbox 674 3706 885 3748; x_wconf 83' lang='lat' dir='ltr'><em>debeant.</em></span> <span class='ocrx_word' id='word_1_356' title='bbox 1001 3709 1037 3735; x_wconf 80' lang='lat'><em>²³</em></span> <span class='ocrx_word' id='word_1_357' title='bbox 1064 3712 1153 3751; x_wconf 85' lang='lat' dir='ltr'><em>Pro</em></span> <span class='ocrx_word' id='word_1_358' title='bbox 1192 3712 1289 3752; x_wconf 86' lang='lat' dir='ltr'><em>sive</em></span> <span class='ocrx_word' id='word_1_359' title='bbox 1320 3716 1483 3764; x_wconf 79' lang='lat' dir='ltr'><em>quarta</em></span> <span class='ocrx_word' id='word_1_360' title='bbox 1512 3719 1555 3753; x_wconf 83' lang='lat' dir='ltr'><em>in</em></span> <span class='ocrx_word' id='word_1_361' title='bbox 1583 3717 1624 3756; x_wconf 89' lang='lat'><em>2.</em></span> <span class='ocrx_word' id='word_1_362' title='bbox 1663 3719 1727 3755; x_wconf 84' lang='lat' dir='ltr'><em>est</em></span> <span class='ocrx_word' id='word_1_363' title='bbox 1766 3714 2076 3767; x_wconf 79' lang='lat' dir='ltr'><em>cuiuscunque</em></span> <span class='ocrx_word' id='word_1_364' title='bbox 2114 3714 2253 3755; x_wconf 80' lang='lat' dir='ltr'><em>etiam</em></span> <span class='ocrx_word' id='word_1_365' title='bbox 2291 3713 2382 3758; x_wconf 59' lang='lat' dir='ltr'><em>sing</em></span> <span class='ocrx_word' id='word_1_366' title='bbox 2409 3728 2411 3730; x_wconf 83' lang='grc'><em>·</em></span> 
     </span>
     <span class='ocr_line' id='line_1_42' title="bbox 261 3775 1689 3832; baseline 0.004 -14"><span class='ocrx_word' id='word_1_367' title='bbox 261 3777 487 3819; x_wconf 77' lang='lat' dir='ltr'><em>editionis.</em></span> <span class='ocrx_word' id='word_1_368' title='bbox 574 3775 611 3802; x_wconf 82' lang='lat'><em>³³</em></span> <span class='ocrx_word' id='word_1_369' title='bbox 643 3789 743 3817; x_wconf 84' lang='lat' dir='ltr'><em>cum</em></span> <span class='ocrx_word' id='word_1_370' title='bbox 773 3790 908 3818; x_wconf 83' lang='lat' dir='ltr'><em>sacco</em></span> <span class='ocrx_word' id='word_1_371' title='bbox 938 3777 1034 3832; x_wconf 63' lang='lat' dir='ltr'><em>cta]</em></span> <span class='ocrx_word' id='word_1_372' title='bbox 1078 3779 1221 3821; x_wconf 86' lang='lat' dir='ltr'><em>Verba</em></span> <span class='ocrx_word' id='word_1_373' title='bbox 1250 3784 1471 3823; x_wconf 68' lang='lat' dir='ltr'><em>cantilenas</em></span> <span class='ocrx_word' id='word_1_374' title='bbox 1499 3784 1689 3824; x_wconf 85' lang='lat' dir='ltr'><em>trivialis.</em></span> 
     </span>
    </p>
   </div>
  </div>
 </body>
</html>
