2456 4264
234 287 491 318 mDATvu
511 286 824 317 MAXIMILIAM
848 289 945 317 IMP.
972 289 1234 319 SECVNDVM.
1257 288 1361 318 DAT.
1386 290 1622 318 ROBOBETI
1644 291 1686 319 D.
1713 285 1766 319 10.
1792 292 1900 321 NOV.
1923 292 1964 321 A.
1991 288 2088 322 1509.
2169 271 2250 332 89

77 422 182 471 rati
210 419 451 470 mandato
485 420 815 470 commisimus
851 420 924 468 ad
957 419 1255 468 visitandum
1269 457 1280 477 ,
1317 420 1679 482 experiendum
1716 428 1765 470 et
1794 423 2059 472 videndum
2088 437 2252 475 omnes

75 507 226 558 libros
247 513 299 555 et
318 506 510 567 scripta
525 503 814 565 Iudeorum‚
839 509 888 554 et
908 504 1146 565 quicquid
1167 505 1296 553 inter
1316 505 1407 563 >hos
1433 508 1752 563 inveniretur,
1776 509 1911 568 quod
1932 515 2057 558 esset
2077 516 2251 559 contra

77 592 228 642 libros
260 598 309 640 et
330 594 578 653 precepta
612 590 779 652 Moysi
811 594 859 638 et
888 589 1266 653 prophetarum,
1307 595 1355 638 et
1381 595 1437 639 ut
1468 597 1617 639 antea
1653 593 2009 655 continebatur,
2046 609 2140 656 que
2168 610 2252 644 es·-

75 664 185 727 sent
207 676 496 737 excogitata
530 677 583 724 in
615 677 959 724 contumetiam
998 679 1047 723 et
1082 675 1297 723 dedecus
1334 682 1498 735 nostre
1519 677 1656 736 fidei,
1694 691 1956 740 omnesque
1985 682 2106 728 tates
2139 682 2252 740 (ta-

40 774 187 820 smen
223 763 277 810 in
310 773 368 810 eo
403 762 509 810 loco
542 773 655 809 cum
688 773 952 821 consensu,
992 762 1196 810 consilio
1227 766 1275 809 et
1299 761 1623 822 providentia
1656 765 1896 823 pastoris,
1936 767 2083 814 etiam
2122 766 2249 815 duo-

7 843 12 847 ’
75 860 188 898 rum
217 861 247 896 e
281 850 481 906 senatu,
519 848 599 895 vel
632 847 807 895 saltem
844 847 1041 894 illorum
1079 846 1250 894 habita
1290 848 1609 908 auctoritate)
1645 849 1815 896 tollere
1851 853 1899 896 et
1919 852 2249 911 supprimere.

77 933 122 982 G.
155 931 323 994 Super
357 932 450 991 hec
486 933 587 980 iam
614 933 994 993 prenominatus
1019 932 1384 993 Pepericornus
1411 929 1549 990 facit
1579 944 1668 980 nos
1698 934 1947 993 certiores,
1986 949 2082 995 quo
2105 942 2252 997 pacto

75 1021 184 1082 ipse
219 1017 493 1067 secundum
529 1021 744 1065 tenorem
782 1022 946 1075 nostre
983 1018 1335 1066 commissionis
1372 1020 1421 1064 et
1454 1017 1688 1065 mandati
1721 1031 1826 1066 rem
1864 1019 2024 1079 ipsam
2050 1022 2253 1082 incepe-

74 1105 166 1161 rit,
202 1109 251 1152 et
280 1103 547 1165 presertim
584 1101 968 1161 Franckfordie
1000 1103 1193 1151 auxilio
1229 1103 1440 1151 civitatis
1475 1107 1523 1150 et
1554 1104 1758 1161 ecclesie
1796 1103 1949 1152 libros
1981 1104 2254 1170 Iudeorum

6 1177 64 1246 {19
77 1189 483 1251 expostulaverit.
594 1186 637 1234 (Ι
672 1186 778 1235 Sed
810 1190 1076 1248 postquam
1114 1187 1268 1247 Iudei
1308 1187 1618 1236 rebellarunt
1646 1189 1749 1235 suis
1789 1189 2035 1249 aliquibus
2073 1191 2256 1240 illicitis

8 1259 11 1300 ³
75 1266 404 1334 sermonibus,
449 1285 532 1322 eos
568 1272 738 1321 adhuc
774 1273 826 1320 in
863 1277 1033 1320 nostra
1060 1286 1202 1333 pena
1238 1277 1287 1321 et
1319 1274 1504 1321 mulcta
1537 1274 1829 1321 retinemus:
1868 1278 2032 1323 tamen
2068 1290 2253 1325 secun-

0 1344 19 1413 ιζ
76 1359 195 1409 dum
237 1366 455 1408 tenorem
501 1357 732 1406 mandati
772 1360 930 1407 nostri
975 1357 1451 1418 Franclcfordenses
1506 1363 1810 1420 acceperunt
1847 1358 2021 1418 Iudeis
2056 1351 2254 1410 'certum

0 1447 14 1502 J.
74 1456 334 1496 umerum
367 1444 634 1502 librorum,
680 1445 829 1493 sicuti
869 1445 940 1492 eis
976 1444 1219 1493 indicavit
1254 1444 1646 1505 Pepericornus,
1696 1457 1816 1505 quos
1862 1447 2175 1495 retinuerunt
2209 1455 2256 1495 et

0 1539 15 1570 ’ῑ
73 1531 426 1584 custodierunt.
503 1529 802 1590 Quanquam
835 1543 955 1591 erqo
991 1529 1143 1589 Iudei
1177 1530 1247 1578 ad
1282 1542 1371 1578 nos
1405 1529 1632 1577 miserint
1666 1529 1728 1577 de
1766 1529 1858 1578 hoc
1889 1533 2114 1591 neqociO,
2156 1545 2254 1580 non

0 1626 216 1685 susecus
239 1630 304 1667 ac
325 1618 370 1666 si
390 1615 609 1666 Ioannes
633 1616 998 1679 Pepericornus
1034 1617 1084 1664 in
1126 1615 1220 1663 hoc
1253 1616 1455 1675 neqocio
1485 1627 1583 1662 non
1619 1619 1746 1663 esset
1779 1615 1949 1664 doctus
1985 1621 2032 1664 et
2064 1630 2256 1678 exper-

0 1701 16 1726 ¹
74 1707 175 1761 tus,
205 1705 453 1764 etiamque
487 1702 623 1763 quod
657 1702 754 1751 sibi
781 1715 880 1751 non
915 1703 1090 1750 solum
1107 1702 1453 1763 prenominati
1494 1700 1612 1749 libri
1653 1700 1745 1748 sed
1780 1686 2011 1762 plerique
2046 1704 2137 1751 alii
2170 1705 2256 1764 qui

0 1754 2 1851 {
72 1784 232 1850 neque
275 1792 452 1838 contra
486 1792 736 1851 precepta
773 1787 940 1850 Moysi
982 1801 1141 1848 neque
1178 1786 1546 1848 prophetarum
1597 1799 1756 1847 neque
1813 1787 1864 1834 in
1907 1789 2253 1837 contumeliam

0 1872 17 1932 ζ’
67 1874 195 1936 fidei
223 1879 388 1934 nostre
428 1873 708 1933 Christiane
743 1877 926 1931 essent,
964 1877 1013 1922 et
1045 1873 1140 1921 sibi
1171 1871 1444 1920 secundum
1476 1876 1694 1921 tenorem
1723 1873 2102 1934 privileqiorum
2135 1887 2253 1922 suo-

0 1978 1 1990 *
71 1973 186 2010 rum
233 1960 464 2019 admissi,
507 1961 609 2009 sint
653 1959 812 2008 ablati
819 1976 834 2006 .·
881 1964 1046 2007 tamen
1093 1971 1204 2007 cum
1251 1958 1570 2017 intelliqimus
1614 1957 1750 2018 quod
1781 1957 2255 2017 ‚Franclcfordenses

13 2049 189 2095 bocum
218 2046 567 2095 ecclesiasticis
596 2044 960 2107 prenominatis
992 2043 1266 2102 Iudeorum
1294 2044 1566 2104 privileqia
1603 2043 1820 2091 viderint
1846 2047 1895 2091 et
1923 2032 2254 2093 examinave-

13 2117 18 2132 ²
71 2132 200 2191 rint,
237 2134 458 2180 nostrum
495 2131 789 2180 mandatum
827 2142 925 2178 non
961 2142 1068 2177 esse
1103 2134 1282 2177 contra
1324 2130 1461 2184 illos,
1514 2130 1734 2177 volumus
1785 2129 1921 2189 quod
1954 2134 2125 2178 nostra
2163 2143 2253 2178 vo-

13 2206 15 2209 *
71 2218 239 2266 luntas
275 2221 527 2276 teneatur,
571 2221 620 2265 et
661 2217 713 2264 in
762 2217 931 2276 viqore
976 2218 1191 2263 maneat.
1269 2218 1432 2262 tamen
1481 2227 1544 2262 ne
1579 2213 1733 2272 Iudei
1778 2217 1953 2262 contra
1990 2215 2252 2275 equitatem

67 2307 348 2365 praventur
386 2300 456 2350 Et
489 2315 553 2350 ne
587 2301 742 2360 Iudei
780 2301 843 2349 de
889 2301 1065 2361 quavis
1105 2300 1300 2348 levitate
1350 2303 1440 2347 aut
1483 2312 1541 2347 re
1577 2300 1751 2359 aliqua
1787 2300 1950 2348 minus
1989 2299 2252 2360 diliqenter

66 2393 334 2451 perspecta
375 2391 772 2450 conquerantur,
822 2386 1163 2434 committimus
1212 2389 1293 2432 tuo
1341 2397 1466 2444 erqa
1516 2397 1605 2433 nos
1653 2384 1818 2432 amori
1859 2388 1907 2432 et
1954 2384 2132 2433 damus
2169 2386 2257 2434 tibi

14 2471 356 2537 ”plenariam
382 2475 676 2535 potestatem
691 2489 707 2519 .·
737 2476 786 2520 et
814 2486 881 2520 ex
916 2471 1095 2520 Roma.
1133 2471 1460 2531 imperatoria
1490 2474 1729 2531 potestate
1759 2483 1928 2518 severe
1954 2471 2253 2519 mandamus

18 2588 20 2595 ι
70 2564 121 2610 et
152 2561 396 2620 volumus,
434 2563 489 2607 ut
519 2564 571 2607 tu
608 2558 680 2606 ad
709 2558 930 2618 aliquam
965 2557 1278 2605 constitutam
1305 2549 1326 2622 Η
1352 2555 1480 2604 diem
1512 2555 1585 2603 ad
1617 2559 1663 2604 te
1693 2554 1958 2603 scribendo
1987 2568 2128 2604 voces
2152 2558 2252 2605 ali-
2273 2552 2305 2605 {3

15 2635 34 2671 ³
73 2658 199 2707 quos,
224 2644 390 2694 doctos
417 2658 485 2693 ex
520 2643 942 2702 universitatibus,
983 2641 1210 2690 videlicet
1249 2641 1549 2699 Coloniensi,
1585 2640 1981 2701 Moquntinensi,
2015 2641 2252 2702 Erphor-

72 2729 216 2780 densi
246 2734 297 2779 et
317 2729 752 2790 Heidelburqensi.
827 2727 910 2777 Ad
931 2728 1026 2776 has
1051 2739 1245 2789 quoque
1285 2729 1333 2775 si
1360 2727 1448 2776 tibi
1472 2728 1727 2788 placuerit
1762 2731 1811 2774 et
1842 2727 2150 2775 commodum
2176 2729 2252 2775 vi-

17 2848 20 2854 ·
72 2828 180 2865 sum
205 2814 390 2877 suerit,
429 2815 654 2864 honestos
687 2819 735 2863 et
767 2814 887 2862 bene
926 2814 1115 2873 doctos,
1157 2813 1372 2870 devotos,
1423 2812 1561 2861 nobis
1596 2816 1645 2861 et
1679 2813 1878 2873 imperii
1912 2812 2041 2871 fidos
2071 2812 2255 2861 Docto-

18 2901 182 2959 ⁴horem
211 2900 449 2961 Iacobum
487 2900 816 2950 Hochstraten
849 2895 1062 2958 heretice
1102 2900 1371 2960 pravitatis
1405 2899 1741 2959 inquisitorem
1781 2899 1843 2946 de
1883 2897 2106 2958 Colonia,
2158 2897 2255 2946 do-

72 2990 255 3036 ctorem
285 2985 529 3036 Ioannem
561 2985 807 3035 Reuchlin
845 2985 908 3033 de
944 2983 1267 3045 Stutqardia,
1322 2985 1566 3033 Victorem
1606 2984 1668 3032 de
1708 2984 1901 3032 Carben
1932 2983 2253 3045 sacerdotem,

20 3076 32 3139 ξ
73 3083 176 3120 una
218 3085 332 3127 cum
374 3071 605 3121 Iohanne
650 3071 1008 3133 Pepericorno,
1058 3071 1266 3131 insuper
1313 3069 1500 3129 Iudeos
1547 3069 1610 3118 de
1654 3068 2044 3128 Franclcfordia
2091 3068 2165 3116 ad
2210 3073 2255 3117 te

20 3159 28 3177 ‘⁸
73 3160 220 3219 atque
252 3157 363 3206 illos
398 3157 622 3207 doctores
655 3169 912 3215 accersas,
951 3159 1008 3204 ut
1038 3155 1191 3211 libros
1230 3157 1318 3217 qui
1352 3156 1423 3204 eis
1460 3169 1623 3216 nuper
1655 3155 1879 3216 adempti
1913 3158 2048 3212 sunt,
2083 3158 2131 3202 et
2166 3154 2253 3202 hos

73 3243 293 3292 maxime
326 3255 448 3305 quos
486 3242 851 3304 Pepericornus
887 3241 1056 3290 adhuc
1086 3241 1348 3301 indicabit,
1397 3242 1592 3289 evolvas
1635 3245 1683 3288 et
1714 3238 2006 3301 perpendas
2038 3238 2106 3287 Et
2141 3252 2252 3288 cum

4 3340 12 3400 ξ
62 3331 325 3390 repertum
353 3325 518 3388 suerit
548 3327 683 3389 quod
716 3328 794 3376 illi
821 3326 940 3376 libri
968 3331 1016 3376 et
1040 3327 1230 3387 scripta
1271 3325 1348 3385 (ut
1369 3326 1518 3375 habet
1543 3329 1764 3374 nostrum
1787 3324 2079 3374 mandatum
2104 3325 2253 3373 emis-

4 3403 6 3406 ’
71 3413 205 3476 sum)
242 3412 295 3462 in
336 3411 616 3472 Christiane
648 3412 772 3472 fidei
806 3411 1023 3481 dedecus
1052 3415 1101 3460 et
1126 3413 1338 3472 malum,
1388 3415 1478 3461 aut
1522 3415 1701 3461 contra
1737 3415 1985 3473 precepta
2022 3415 2070 3459 et
2104 3410 2254 3459 libros

0 3491 7 3500 '
73 3495 237 3561 Moysi
269 3510 334 3547 ac
360 3498 724 3560 prophetarum
758 3498 858 3545 sint
892 3501 983 3545 aut
1017 3497 1116 3545 illis
1152 3495 1304 3556 Iudei
1330 3501 1559 3558 utantur,
1597 3501 1651 3545 ut
1672 3496 1914 3546 Ioannem
1951 3496 2251 3558 Pepericor-

74 3593 191 3632 num
229 3584 281 3631 in
309 3582 408 3632 hac
432 3596 590 3632 causa
626 3582 902 3644 procedere
930 3582 1214 3644 permittas,
1252 3581 1325 3630 ad
1344 3582 1435 3642 hec
1464 3595 1656 3644 quoque
1687 3582 1918 3645 pluribus
1945 3583 2119 3631 litteris
2141 3592 2250 3629 eum

66 3678 361 3729 promoveas
395 3673 635 3730 quantum
671 3669 721 3717 ei
755 3668 827 3717 ad
860 3671 1079 3717 nostrum
1117 3667 1409 3731 mandatum
1457 3681 1581 3732 opus
1626 3672 1712 3717 est.
1788 3667 2055 3729 Neqocium
2103 3666 2249 3714 etiam

9 3760 14 3768 ·
76 3750 168 3802 hoc
201 3755 274 3802 ita
310 3758 493 3803 tractes
522 3760 572 3803 et
601 3767 754 3817 aqas,
806 3766 902 3816 quo
942 3753 1094 3813 Iudei
1129 3754 1179 3802 in
1219 3767 1313 3803 sua
1345 3754 1450 3814 fide
1483 3756 1672 3804 nullam
1721 3754 2006 3810 novitatem,
2062 3751 2251 3798 nullum

28 3940 38 3964 ⁶
189 3933 207 3961 ⁸
237 3941 283 3977 et
314 3933 429 3989 (post
459 3936 625 3990 Moysi)
657 3950 734 3978 om.
765 3939 798 3976 1.
888 3933 925 3961 ²⁰
957 3938 1003 3977 et
1033 3950 1110 3977 om.
1137 3939 1176 3977 1.
