2456 4264
280 281 400 337 422
436 304 595 333 IACOBI
619 302 955 330 HOCHSTRATEN
977 302 1036 330 AD
1060 302 1247 330 LEONI-:M
1272 301 1420 330 PAPAM
1445 304 1500 330 ΕΤ
1523 301 1899 331 MAXAEMILIANVM
1918 305 2016 332 IMP.
2037 303 2276 332 EPISTOLA.

274 509 386 567 fidei
419 508 528 551 estis
563 506 866 563 antesiqnani,
903 515 1046 562 usque
1076 518 1163 562 quo
1196 506 1308 548 talia
1333 504 1415 549 deo
1437 508 1588 550 vestro
1609 506 1955 552 iniuriosissima
1987 508 2266 552 tolerabitis?
2303 507 2421 563 Quo·

279 589 420 636 usque
447 576 630 620 tandem
663 575 865 634 qladium
901 588 930 617 a
966 576 1187 633 sanquine
1213 574 1544 634 prohibebitis?
1581 573 1812 635 Numquid
1846 590 1960 637 equo
1983 577 2153 637 feretis
2175 579 2343 632 animo,
2370 581 2423 623 ut

279 647 562 704 redemptori
583 658 640 690 ac
667 645 846 690 domino
870 647 1024 690 vestro
1047 646 1149 704 quis
1173 658 1336 690 nomen
1363 647 1508 704 ipsius
1536 646 1716 703 dubium
1742 650 1825 692 aut
1851 649 2070 694 vacillans
2095 649 2280 704 reddat,
2304 647 2426 707 quod

274 722 418 778 pater
456 716 514 761 ab
551 720 711 771 eterno
739 716 825 761 sibi
863 715 1007 771 dedit,
1048 716 1172 775 quod
1208 722 1275 761 est
1315 717 1427 762 deus
1462 718 1510 762 in
1543 718 1700 772 secula
1736 717 2047 774 benedictum,
2094 721 2174 779 qui
2219 719 2337 765 vobis
2371 721 2422 764 in>

277 789 457 834 minimo
492 787 782 846 deroqantem
813 799 927 846 ‚equo
948 788 1102 833 animo
1129 800 1220 833 non
1242 783 1471 849 ferretiss?
1507 786 1738 834 Memores
1759 793 1919 844 estote,
1959 791 2172 848 quoniam
2192 804 2284 836 non
2308 803 2441 848 pro-s

273 862 384 919 pter
419 870 520 913 vos,
575 858 658 904 sed
689 862 744 903 ut
774 870 995 903 memores
1031 859 1132 903 sitis
1167 859 1364 903 nominis
1399 858 1570 904 domini
1596 861 1762 916 vestri,
1812 861 2055 906 constituti
2098 862 2208 906 estis
2249 861 2427 919 princi·

272 942 362 990 pes
387 941 531 989 super
559 941 735 975 omnem
781 932 982 985 terram,
1029 930 1076 973 in
1123 931 1253 974 cuius
1297 942 1462 974 manus
1496 930 1699 976 incidere
1741 930 2134 977 horribilissimam
2162 935 2255 988 est,
2299 933 2440 983 cuius,

168 1012 190 1043 ιι
200 999 250 1053 iij
258 1029 267 1039 ·
281 1005 435 1047 tamen
469 1000 686 1046 iudicium
731 1000 922 1060 effuqiet
960 1012 1113 1057 nemo,
1154 1002 1248 1046 sive
1285 993 1365 1065 pa}
1369 1013 1436 1059 pa
1486 1002 1579 1048 sive
1615 1003 1887 1061 imperator.
1964 1001 2237 1061 Complexus
2273 994 2444 1051 autem*

280 1077 348 1117 est
395 1071 519 1117 hunc
561 1073 855 1130 pestilentem
900 1083 1107 1116 errorem
1149 1072 1299 1117 dictus
1329 1072 1673 1135 capniomastioe
1707 1075 1755 1118 in
1789 1072 2002 1118 subiectis
2043 1073 2204 1129 verbis,
2253 1074 2425 1133 ‘Neque

282 1147 436 1188 tamen
474 1138 726 1205 (inquiens)
764 1155 828 1188 ex
860 1156 974 1188 novo
1015 1138 1236 1204 (subaudi
1268 1139 1565 1205 testamento)
1597 1145 1665 1189 sic
1701 1147 1867 1203 aperte
1903 1144 2102 1203 probari
2126 1148 2287 1203 potest
2336 1141 2426 1206 (inq

282 1214 429 1274 telliqe
470 1213 636 1259 christi
669 1210 901 1277 divinitas)
935 1215 1049 1274 quin
1079 1215 1338 1274 oppositum
1370 1216 1691 1273 consequentis
1729 1216 1881 1275 possit
1926 1216 2116 1275 intelliqi
2155 1219 2290 1261 stare
2324 1227 2429 1261 cum

281 1285 593 1330 antecedente.
666 1284 808 1330 Multi
852 1286 971 1330 enim
1019 1287 1289 1344 confitentes
1335 1286 1564 1332 christum
1599 1284 1755 1331 Iesum
1792 1298 2084 1332 nazarenum
2130 1298 2229 1332 esse
2266 1298 2427 1332 verum

282 1357 516 1412 messiam,
566 1358 613 1400 et
658 1357 885 1416 evanyelio
911 1356 1165 1415 prebentes
1194 1357 1333 1416 fidem
1367 1370 1460 1402 non
1506 1357 1760 1402 credebant
1798 1359 1948 1417 ipsum
1994 1370 2092 1403 esse
2140 1358 2296 1413 deum,
2345 1357 2456 1404 3εάζ

281 1427 503 1474 hominem
525 1422 733 1486 purum'.
782 1427 885 1472 Hec
913 1428 1015 1484 ille,
1063 1427 1290 1473 Asserens
1324 1430 1514 1487 insuper
1546 1429 1778 1487 plurima,
1826 1432 1871 1473 et
1907 1429 1986 1474 illa
2021 1429 2203 1488 quidem
2236 1429 2424 1496 precla-
2441 1440 2456 1477 ι

282 1500 465 1545 rissima
501 1498 558 1543 de
590 1499 754 1553 messie
787 1498 1046 1552 divinitate,
1102 1499 1158 1544 de
1195 1502 1361 1544 matris
1394 1504 1627 1559 perpetua
1665 1500 1963 1559 virqinitate‚
2005 1512 2316 1559 personarum
2352 1500 2427 1545 iti-

282 1571 384 1616 dem
413 1570 639 1616 trinitate.
711 1567 793 1615 Eae
829 1569 989 1628 quibus
1028 1570 1129 1615 licet
1154 1574 1377 1629 proterve
1406 1574 1455 1616 et
1490 1570 1607 1625 dure
1640 1567 1734 1633 (uti
1764 1582 1949 1629 semper
1982 1569 2202 1631 extitere)
2237 1571 2429 1617 cervicis
2455 1588 2456 1597 ¹

282 1642 442 1697 iudeos
488 1642 756 1687 convincere
786 1653 1039 1699 possumus
1073 1640 1310 1700 facillime.
1372 1641 1490 1703 -Hec
1531 1642 1618 1686 ille.
1692 1639 1753 1686 In
1795 1641 1956 1701 quibus
1991 1642 2102 1701 quid
2133 1654 2272 1702 queso
2307 1641 2429 1701 olfa-

284 1714 410 1770 citis,
461 1726 488 1757 o
533 1711 892 1757 christianitatis
924 1712 1191 1771 principes,
1234 1713 1328 1757 nisi
1369 1712 1670 1757 christianum
1710 1724 2021 1772 quemcunque
2070 1726 2133 1758 eoe
2173 1713 2436 1773 evanqeliis,

282 1786 414 1830 immo
449 1795 511 1829 ex
546 1785 645 1829 tota
678 1784 920 1842 scriptura
955 1784 1060 1828 novi
1093 1784 1361 1828 testamenti
1391 1784 1654 1828 nullatenus
1700 1783 1973 1843 constrin9i‚
2020 1787 2072 1829 ut
2103 1783 2259 1830 Iesum
2304 1783 2456 1831 chri-:2

281 1858 405 1901 stum
453 1853 588 1899 deum
630 1866 729 1900 esse
764 1857 962 1913 coyatur
1002 1853 1166 1913 fateri.
1242 1854 1308 1899 Et
1343 1859 1567 1914 preterea
1617 1853 1936 1900 Thalmudicos
1980 1853 2120 1900 libros
2161 1868 2252 1901 non
2300 1854 2432 1902 modo

285 1925 354 1987 (ut
389 1925 594 1985 Capnion
615 1926 814 1985 pessime
849 1923 1080 1984 astruxit)
1110 1927 1243 1971 vetus
1264 1925 1501 1985 adequare
1529 1928 1853 1971 testamentum
1876 1927 1924 1971 in
1938 1925 2222 1986 perhibendo
2249 1925 2442 1974 Christo

285 1998 615 2054 testimonium,
660 2008 821 2042 verum
861 1997 1001 2041 etiam
1047 1999 1094 2041 et
1141 1997 1419 2043 antecellere
1451 2009 1633 2046 novum.
1706 1996 1912 2043 Proinde
1940 1997 2235 2057 protendunt
2270 2011 2327 2043 ac
2361 1999 2430 2042 in-

283 2071 434 2115 nuunt
468 2080 553 2114 nos
599 2066 879 2113 christianos
911 2079 1003 2127 per
1035 2068 1175 2127 leqem
1206 2067 1320 2127 fidei
1351 2071 1398 2113 et
1432 2069 1588 2128 qratie
1624 2070 1770 2128 maqis
1803 2069 1976 2125 ieiune,
2024 2072 2071 2115 et
2116 2069 2247 2129 lonye
2283 2069 2435 2115 minus

285 2140 340 2186 de
375 2141 603 2201 mysteriis
636 2150 821 2199 semper
854 2138 919 2184 ad
949 2139 1148 2186 salutem
1185 2139 1461 2185 necessariis
1493 2151 1592 2185 esse
1623 2140 1882 2186 instructos
1928 2143 2016 2185 aut
2047 2140 2325 2186 illuminatos
2359 2139 2456 2185 hin

283 2212 365 2271 qui
392 2210 475 2257 sub
501 2211 770 2271 pedaqoqo,
808 2209 891 2256 sub
927 2210 1068 2267 nube,
1114 2211 1162 2256 in
1197 2210 1386 2268 umbra,
1424 2211 1475 2256 in
1509 2211 1710 2266 cecitate
1743 2209 2058 2257 ambularunt.
2113 2210 2152 2257 0
2193 2210 2435 2257 dolendam

285 2281 395 2329 Iesu
440 2281 628 2339 christi,
673 2283 1027 2342 spiritussancti
1037 2318 1048 2338 ,
1097 2282 1207 2342 leqis
1243 2283 1401 2343 qratie
1445 2294 1504 2328 ac
1542 2281 1903 2328 christianitatis
1946 2284 2187 2337 iniuriam,
2236 2295 2325 2342 que
2370 2280 2438 2333 illi

285 2367 378 2401 non
414 2353 577 2400 tribuit
608 2366 772 2399 nomen
810 2353 886 2399 dei
917 2353 1202 2399 benedictum
1216 2389 1228 2410 ,
1276 2355 1418 2399 istum
1450 2354 1608 2414 arquit
1649 2353 1706 2399 de
1739 2354 1890 2399 minus
1925 2353 2188 2414 sufficiente
2215 2352 2453 2401 christian.

286 2427 450 2471 nitatis
478 2426 767 2485 provisione,
810 2425 934 2486 quod
958 2425 1044 2480 hec
1079 2438 1174 2470 non
1210 2427 1330 2470 satis
1363 2425 1678 2484 expresserit,
1729 2416 1811 2470 illa
1856 2438 1950 2471 non
1982 2427 2101 2470 satis
2132 2424 2302 2470 habeat
2332 2427 2437 2470 cre-2

286 2497 461 2556 denda,
504 2498 554 2542 in
588 2497 763 2556 primis
799 2498 1072 2542 necessaria
1087 2532 1099 2553 ‚
1154 2509 1243 2556 que
1286 2498 1446 2557 utique
1490 2495 1652 2542 nullibi
1683 2507 1822 2556 quam
1856 2497 1905 2541 in
1942 2495 2292 2557 perfectissima
2338 2497 2456 2556 leym

285 2570 440 2630 qratie
471 2567 865 2628 sufficientissime
899 2567 1030 2613 tradi
1058 2580 1116 2613 ac
1150 2568 1385 2627 eoeplicari
1420 2566 1630 2614 debuere.
1705 2567 1938 2627 Deficeret
1973 2580 2059 2613 nos
2094 2567 2191 2613 dies
2225 2568 2268 2612 si
2288 2567 2436 2627 expli*-

287 2643 443 2686 catum
472 2641 647 2686 iremus
682 2652 773 2699 que
807 2638 931 2685 hunc
956 2638 1242 2699 pestiferum
1267 2642 1583 2699 assequuntur
1604 2651 1813 2685 errorem
1829 2640 2033 2698 pessima
2057 2639 2445 2701 inconvenientia-⁴⁴

291 2710 389 2767 Que
425 2724 527 2757 cum
561 2712 751 2771 reliquis
783 2723 923 2766 sacre
956 2712 1194 2770 scripture
1224 2709 1622 2767 temerationibus‚
1660 2714 1707 2756 et
1739 2710 1937 2770 proinde
1971 2711 2019 2755 in
2055 2710 2191 2756 deum
2226 2712 2439 2756 nostrum

291 2786 339 2829 et
360 2783 499 2841 fidem
532 2783 738 2839 iniuriis,
784 2793 844 2828 ne
879 2782 1055 2842 lonqius
1087 2783 1414 2829 consileremus
1447 2794 1532 2828 nos
1555 2782 1847 2842 potissimum
1883 2793 2087 2842 coeyere.
2160 2778 2203 2827 (ἱ
2238 2778 2451 2827 Tametsi·

290 2855 430 2900 etiam
465 2866 744 2914 maqnopere
777 2865 862 2899 nos
883 2853 1172 2913 permoverit
1204 2854 1255 2899 id
1287 2853 1411 2914 quod
1440 2853 1560 2899 idem
1599 2854 1781 2913 iniquus
1810 2852 1983 2899 libellus
2016 2854 2064 2898 in
2098 2864 2240 2907 cause
2275 2854 2456 2907 nostru

292 2917 445 2985 (quam
480 2939 576 2985 pro
614 2925 709 2970 solo
759 2925 843 2970 deo
885 2923 1231 2985 assumpsimus)
1289 2928 1454 2985 verqat
1506 2925 1809 2971 omnimodam
1856 2925 2218 2984 oppressionem,
2272 2924 2442 2985 quippe.

293 2996 475 3056 quando
517 2998 566 3041 in
600 2995 687 3041 hec
733 2995 942 3056 (veritati
981 2999 1029 3042 et
1073 2995 1201 3042 nobis
1242 2994 1567 3056 intolerabilia)
1612 2995 1840 3056 prefator
1882 2997 1932 3041 in
1973 2996 2168 3054 epistola
2202 2995 2440 3054 premissa

295 3070 429 3112 tonat
458 3067 612 3123 verba,
643 3068 792 3126 ipsum
826 3062 1064 3130 (inquiens)
1094 3067 1323 3114 Reuchlin
1359 3082 1389 3112 a
1422 3068 1662 3113 calumniis
1698 3068 2073 3114 adversariorum
2105 3079 2168 3112 ex
2204 3065 2440 3126 ipsiusmet

296 3137 430 3183 dictis
476 3150 533 3183 ac
579 3139 772 3197 scriptis
816 3142 985 3198 aperte
1032 3137 1243 3195 liberavi,
1295 3138 1529 3184 tendicula
1574 3140 1782 3197 ipsorum
1825 3139 1958 3197 rupi,
1955 3132 2249 3197 ‘decipulas
2293 3135 2441 3197 freyn

296 3209 471 3253 astutie
501 3209 677 3268 dolique
705 3213 841 3268 sunt,
875 3222 1143 3270 quecunque
1179 3212 1347 3255 contra
1382 3211 1532 3270 ipsum
1568 3210 1831 3264 moliuntur,
1869 3221 1983 3269 quos
2017 3210 2110 3254 iam
2148 3204 2291 3270 (certe
2318 3199 2456 3270 ηουῆε

299 3279 392 3324 tale
427 3279 646 3336 duellum,
695 3281 999 3340 eiusmodique
1037 3282 1240 3340 prelium
1275 3282 1428 3327 iniisse
1465 3282 1673 3341 penitet,
1716 3293 1877 3327 verum
1912 3279 1971 3325 ab
2004 3281 2200 3340 inceptis
2222 3292 2317 3339 pre
2346 3286 2443 3338 pui-

298 3349 409 3395 dore
440 3349 662 3396 desistere
697 3354 942 3411 nequeunt.
1016 3352 1119 3408 Hec
1147 3352 1220 3399 ibi.
1295 3352 1457 3398 Nonne
1487 3346 1530 3398 Ἴ)
1570 3352 1810 3398 iustissimi
1851 3352 1952 3398 veri
1986 3365 2044 3397 ac
2086 3351 2196 3411 equi
2228 3355 2440 3396 censoru

297 3420 609 3466 huiuscemodi
629 3423 1044 3481 iqnominiosissime
1065 3423 1232 3469 christi
1252 3437 1393 3479 cause
1429 3427 1476 3469 et
1511 3423 1638 3470 bonis
1671 3423 1782 3469 viris
1817 3423 1946 3476 illate
1983 3422 2270 3477 contumelie,
2307 3435 2338 3466 a
2371 3421 2440 3466 la*

300 3495 400 3537 tere
435 3494 619 3546 nostro,
668 3494 715 3537 in
746 3494 850 3539 sinu
884 3498 1071 3552 nostro,
1109 3499 1222 3540 ante
1255 3496 1408 3541 oculos
1442 3498 1628 3540 nostros
1666 3507 1825 3540 coram
1861 3493 1982 3547 edite
2015 3494 2065 3539 in
2099 3492 2333 3548 mundum,
2366 3501 2439 3536 re*-

297 3563 586 3621 sponsionem
638 3563 884 3608 veridicam
938 3562 1053 3624 (que
1098 3565 1361 3625 falsitatem
1414 3560 1723 3626 reformaret)
1790 3565 2007 3612 violenter
2065 3562 2456 3623 extorquebantra

303 3632 413 3689 Quis
441 3646 550 3678 nam
576 3630 708 3692 foret
738 3634 952 3692 deinceps
984 3635 1123 3693 fidem
1169 3650 1309 3693 cause
1356 3636 1521 3683 christi
1565 3639 1612 3682 et
1648 3637 1854 3696 ipsorum
1898 3647 1956 3680 ac
1999 3647 2076 3681 eos
2106 3648 2201 3694 pro
2245 3634 2447 3681 veritate

305 3705 533 3750 animosos
563 3704 685 3749 viros
720 3703 966 3749 habiturus
993 3704 1277 3752 Colonienses
1314 3708 1568 3767 theologos,
1606 3707 1790 3767 quando
1824 3707 2050 3753 adversus
2088 3709 2157 3751 tot
2192 3718 2251 3750 ac
2285 3706 2441 3750 tantas

304 3787 444 3831 cause
480 3777 528 3820 et
562 3775 639 3820 sui
667 3774 1012 3834 deroqationes,
1051 3779 1098 3820 et
1135 3776 1223 3821 has
1257 3779 1304 3822 in
1332 3781 1592 3837 prospectu
1628 3790 1712 3823 suo
1748 3777 1806 3822 ab
1839 3777 1911 3823 his
1947 3777 2109 3834 editas,
2146 3777 2227 3834 qui
2252 3775 2438 3836 falsita-

306 3846 427 3892 tibus
454 3858 549 3906 per
579 3846 857 3905 ampullosos
895 3845 1053 3890 titulos
1089 3849 1418 3893 auctoritatem
1449 3849 1630 3906 afferre
1657 3850 1883 3906 qestiunt,
1930 3850 2098 3892 contra
2139 3848 2305 3892 mutire
2348 3856 2439 3891 non

303 3918 477 3964 audere
511 3917 808 3963 viderentur?
843 3915 938 3961 Per
966 3918 1187 3963 naturale
1209 3919 1366 3976 itaque
1394 3919 1466 3963 ius
1495 3930 1552 3963 ac
1578 3918 1773 3964 divinum
1798 3917 2042 3976 oportebat
2066 3918 2230 3976 palam
2262 3917 2456 3977 facere,1
