2456 4264
258 287 379 346 396
826 308 1019 336 ORTVINI
1043 306 1207 334 GRATII
1229 305 1458 335 EPISTOLA
1478 306 1821 336 APOLOGETch.

146 928 233 1027 effi
507 949 547 996 (1
600 943 878 1015 [Sequitur]
931 948 1161 1008 Epistola
1208 948 1524 1008 apoloqetica
1576 942 1643 1013 [et
1687 940 1882 1013 qravis]
1938 937 2166 996 Ortwini'

510 1035 703 1093 Gratii,
747 1034 805 1082 ob
836 1034 1058 1094 primam
1097 1045 1129 1079 a
1162 1033 1382 1093 parvulo
1408 1033 1750 1080 educationem
1776 1031 2154 1080 Daventriensis

506 1119 876 1179 coqnominati,
919 1116 1304 1178 Aqrippinensis
1341 1130 1536 1178 quoque
1572 1117 1836 1187 academie
1867 1116 2158 1177 philosophi
2452 1182 2456 1187 ι

508 1203 788 1263 Christique
832 1204 1110 1251 sacerdotis
1146 1201 1229 1249 Ad
1274 1202 1536 1250 obscuram
1573 1201 2036 1250 Reuchlinistarum
2072 1214 2154 1250 co·
2438 1197 2456 1267 „j

677 1288 892 1347 hortem,
934 1289 1064 1336 citra
1100 1287 1340 1335 bonorum
1376 1286 1773 1346 indiqnationem
1808 1286 1975 1334 missa.
2414 1269 2456 1356 εξ

397 1416 632 1464 Graviter
656 1419 704 1463 et
738 1416 909 1475 iniquo
947 1416 1112 1463 animo
1148 1415 1420 1462 maledicta
1456 1417 1623 1462 vestra
1649 1417 1891 1474 paterer,
1931 1413 2033 1461 viri
2053 1412 2400 1474 obscurissimi,
2449 1383 2456 1414 ¹

254 1501 298 1548 si
333 1513 417 1548 vos
451 1502 631 1548 scirem
668 1500 856 1547 iudicio
892 1501 1056 1559 maqis
1093 1512 1243 1560 quam
1280 1498 1451 1547 morbo
1489 1499 1647 1546 animi
1670 1498 1966 1559 petulantia
2002 1502 2168 1545 vestra
2193 1500 2280 1546 uti.
2339 1498 2405 1546 At

255 1599 401 1645 quum
440 1586 491 1632 in
529 1585 663 1632 vobis
712 1584 790 1642 (ut
827 1583 1039 1631 Salustii
1072 1583 1235 1631 verbis
1272 1586 1412 1644 utar)
1460 1596 1618 1644 neque
1662 1582 1862 1630 modum
1907 1595 2068 1643 neque
2111 1583 2404 1631 modestiam

254 1670 408 1717 ullam
446 1669 819 1727 animadverto,
870 1680 960 1715 nec
996 1669 1059 1715 sit
1095 1668 1183 1715 sub
1222 1667 1341 1715 orbe
1375 1668 1551 1715 lunari
1585 1671 1687 1714 tam
1724 1668 1874 1728 impie
1908 1668 2084 1715 mentis
2118 1667 2280 1726 homo,
2321 1638 2456 1746 qui}

253 1754 467 1814 idipsum
504 1766 695 1813 neqare
732 1756 820 1800 aut
845 1753 1009 1812 possit
1045 1756 1133 1800 aut
1170 1752 1348 1799 debeat
1385 1756 1473 1800 aut
1507 1752 1647 1811 velit,
1687 1751 1825 1799 vobis
1851 1751 2162 1817 pientissime
2197 1765 2400 1813 respon-
2420 1747 2456 1808 td

255 1838 403 1896 deb0,
457 1842 511 1885 ut
545 1839 592 1885 si
625 1850 776 1897 quam
813 1836 1158 1884 maledicendo
1195 1840 1243 1884 et
1280 1838 1332 1884 in
1371 1836 1516 1884 deum
1553 1840 1602 1883 et
1638 1837 1689 1883 in
1725 1835 1947 1884 homines
1981 1835 2233 1884 libidinem
2272 1838 2404 1898 cepi·
2446 1815 2456 1883 ἶ

252 1924 362 1979 stis,
405 1935 515 1970 eam
552 1923 631 1970 vel
658 1923 914 1982 patienter
952 1920 1122 1978 (modo
1159 1922 1285 1969 lucis
1317 1921 1416 1980 filii
1449 1933 1552 1969 esse
1576 1921 1858 1980 volueritis)
1896 1920 1976 1967 vel
1998 1921 2129 1967 male
2153 1921 2406 1970 audiendo
2446 1927 2456 1987 ξ

254 2007 510 2054 amittatis.
586 2006 713 2067 Leqi
747 2019 911 2067 nuper
947 2007 1186 2066 epistolas
1222 2010 1438 2065 vestraS,
1481 2017 1609 2065 quas
1634 2004 1956 2053 obscurorum
1982 1996 2205 2053 virorum
2230 2006 2405 2054 inscri-
2446 1990 2456 2031 ³

251 2092 439 2152 psistis,
481 2092 629 2151 lonqe
666 2103 699 2138 a
735 2090 1172 2139 lamentationibus
1213 2085 1467 2157 [profecto
1491 2090 1669 2137 vestris
1706 2089 1856 2149 (quas
1881 2089 2000 2137 alite
2023 2089 2219 2138 calamo
2245 2103 2407 2151 nuper
2430 2062 2456 2167 ἓ

253 2177 598 2236 escaravimus)
637 2168 804 2240 lonqe]
849 2175 1163 2236 differentes,
1202 2168 1435 2241 ¹[utpote]
1465 2174 1651 2234 plenas
1688 2174 1847 2222 omnis
1882 2173 2174 2235 inpudentie
2218 2179 2266 2222 et
2311 2166 2456 2315 ἱηὶ-ιέ

253 2261 476 2321 quitatis.
552 2260 617 2308 In
653 2259 832 2320 quibus
867 2273 969 2307 non
1005 2260 1152 2307 modo
1189 2260 1323 2307 viros
1359 2250 1583 2307 eruditos
1607 2262 1655 2306 et
1680 2258 1873 2319 probos
1896 2259 2268 2319 acerrimosque
2285 2259 2411 2318 fidei
2436 2315 2446 2325 Α,

253 2345 499 2403 catholice
537 2343 851 2404 defensores,
905 2357 1076 2392 verum
1121 2345 1270 2392 etiam
1308 2344 1454 2392 deum
1490 2344 1677 2405 ipsum,
1729 2346 1897 2400 nostre
1940 2344 2116 2391 salutis
2162 2345 2401 2405 opificem,
2435 2322 2456 2404 ᾗ

248 2443 348 2490 per
385 2443 552 2477 omnes
589 2429 892 2490 impudentie
929 2441 1163 2477 numeros
1199 2428 1574 2490 blasphemare,
1616 2427 1794 2477 Divam
1821 2440 2015 2488 quoque
2038 2429 2282 2489 virqinem
2307 2429 2404 2478 sal·
2438 2409 2456 2492 Ξ

255 2515 446 2562 vatoris
481 2514 643 2561 nostri
666 2518 933 2574 parentem
970 2513 1216 2572 ludendo,
1268 2527 1361 2574 que
1407 2513 1470 2560 de
1505 2512 1678 2560 eadem
1695 2505 1769 2561 'in
1804 2514 1966 2561 sacris
2000 2512 2290 2562 scribuntur
2326 2500 2456 2564 lit-‚23

255 2599 398 2658 teris,
440 2598 618 2646 vestris
653 2597 998 2646 meretricibus
1034 2598 1315 2659 adaptare,
1357 2601 1406 2646 et
1438 2601 1642 2646 sanctos
1677 2597 1893 2658 denique
1927 2598 2061 2659 ipsos
2083 2599 2259 2647 vestris
2283 2573 2456 2678 exa-fi

252 2684 422 2742 qitare
458 2683 719 2731 lenociniis
754 2696 853 2731 non
891 2683 1172 2731 erubuistis.
1253 2680 1292 2730 Ο
1329 2686 1557 2744 tempora
1598 2682 1896 2741 maledicta,
1947 2683 2002 2731 in
2047 2682 2225 2743 quibus
2268 2675 2456 2749 reve-²}1

254 2767 543 2816 rendissimi
565 2768 819 2829 presules,
871 2768 1292 2828 illustrissimique
1318 2768 1584 2829 principes
1627 2766 1868 2826 hec-fieri
1891 2767 2200 2828 patiuntur!
2249 2766 2287 2815 Ο
2323 2781 2404 2816 ne·

251 2851 383 2910 fasti
427 2851 505 2910 (ut
553 2853 615 2900 de
662 2851 798 2900 vobis
835 2852 1107 2900 dumtaxat
1144 2853 1367 2901 obscuris
1402 2852 1610 2912 loquar)
1658 2854 1818 2910 vestre
1863 2852 2142 2900 nativitatis
2178 2853 2314 2901 dies!
2367 2850 2406 2900 O
2428 2839 2456 2922 3}

254 2949 417 2985 mores
444 2942 792 2999 preposteros,
837 2937 1114 2996 omniqenis
1151 2937 1468 2986 obumbratos
1500 2936 1823 2985 criminibus!
1871 2936 1970 2985 Vos
1994 2934 2236 2997 profecto
2270 2937 2400 2997 estis,
2427 2923 2456 3018 {⁵

256 3022 308 3068 in
346 3034 468 3081 quos
500 3023 626 3079 fines
662 3022 943 3079 seculorum
982 3022 1249 3082 devenere,
1299 3034 1385 3070 vos
1421 3022 1625 3081 inquam
1661 3019 1965 3069 Antichristi
1986 3033 2320 3081 precursores
2355 3019 2456 3081 eti,

257 3105 485 3153 dissoluti
517 3106 789 3164 Iudeorum
833 3105 1028 3164 rabule.
1109 3105 1266 3154 Unius
1311 3107 1441 3153 enim
1486 3107 1588 3154 viri
1631 3105 1844 3153 Ioannis
1886 3104 2135 3154 Reuchlin
2190 3111 2404 3154 contem·
2420 3091 2456 3132 '¹²

246 3189 479 3248 platione
513 3203 670 3250 neque
707 3190 852 3238 deum
888 3191 1066 3238 timetis
1101 3203 1260 3250 neque
1294 3190 1532 3238 homines.
1607 3189 1764 3238 Recte
1799 3190 1955 3250 iqitur
1980 3202 2013 3237 a
2039 3191 2307 3251 psalmista
2332 3139 2452 3247 εἰτ’-,ἐι

256 3276 388 3319 ctum
425 3276 526 3320 est:
567 3274 1043 3323 ‘Exacerbaverunt
1078 3275 1276 3335 eloquia
1315 3275 1399 3322 dei
1432 3278 1480 3322 et
1501 3276 1762 3323 consilium
1788 3275 2017 3322 altissimi
2038 3273 2402 3323 irritaverunt'.
2422 3241 2456 3378 {²

258 3355 325 3403 Et
360 3357 537 3405 iterum
575 3359 695 3406 deus
727 3372 822 3419 per
849 3359 1182 3419 prophetam:
1224 3358 1423 3407 ‘Locuti
1454 3358 1570 3408 sunt
1606 3359 1871 3407 adversum
1907 3372 1984 3406 me
2006 3360 2184 3418 linqua
2210 3359 2413 3418 dolosa,
2443 3367 2453 3378 ⁶

257 3444 306 3487 et
340 3442 647 3499 sermonibus
685 3443 790 3490 odii
822 3443 1261 3491 circumdederunt
1293 3440 1399 3503 me‘,
1445 3444 1830 3506 ‘posueruntque
1863 3444 2127 3491 adversum
2158 3456 2236 3490 me
2267 3443 2410 3507 mala·
2446 3445 2449 3449 ’

249 3536 351 3585 pro
397 3524 562 3584 bonis,
614 3530 663 3573 et
710 3527 877 3575 odium
917 3541 1019 3587 pro
1067 3528 1332 3576 dilectione
1379 3528 1525 3576 mea⁷.
1599 3528 1734 3576 Hinc
1782 3531 1855 3575 est
1900 3527 2036 3587 quod
2070 3512 2409 3575 sanctissimus
2440 3550 2447 3583 g

258 3608 485 3656 dominus
530 3613 696 3657 noster
733 3609 832 3657 Leo
870 3623 1018 3670 papa
1058 3611 1144 3660 .X.
1184 3613 1237 3660 in
1263 3625 1490 3674 persona
1529 3612 1717 3660 Christi
1759 3616 2000 3673 tanquam
2035 3624 2183 3660 verus
2219 3612 2302 3659 dei
2334 3611 2404 3659 vi-

2422 3649 2442 3668 0

2416 3671 2438 3767 Ξ

369 3787 386 3814 ⁴
436 3789 635 3830 Obscura
683 3787 1036 3836 Reuchlinistazp
1086 3789 1274 3830 cohorti.
1328 3792 1443 3832 citra
1493 3791 1643 3834 bonos(
1695 3791 2039 3844 indign-affinem
2089 3790 2322 3834 dedicata.
2359 3761 2429 3845 2.f

258 3859 275 3885 8
305 3858 410 3902 Sall.
439 3858 540 3899 Cat.
565 3858 632 3899 ll.
743 3856 773 3883 ¹¹
816 3861 862 3898 et
899 3863 997 3898 ante
1029 3859 1077 3898 in
1108 3858 1239 3899 deum
1269 3862 1384 3901 omis.
1409 3863 1446 3903 1.
1564 3859 1599 3886 ¹⁴
1630 3861 1764 3914 longe
1796 3862 1835 3901 Ιι.
1859 3863 1887 3901 l.
1908 3874 1986 3901 om.
2008 3863 2051 3901 2.
2160 3859 2203 3886 ²⁷
2231 3850 2421 3902 Psalm.3

259 3928 376 3970 CVI.
400 3927 468 3973 11.
557 3928 593 3954 ²⁹
623 3928 793 3969 Psalm.
818 3926 982 3969 CVIII.
1005 3927 1047 3972 3.
1068 3928 1108 3969 5.
