2456 4264
271 270 390 329 354
730 292 1112 320 LAMENTATIONES
1137 291 1443 320 onscvRouvM
1463 290 1674 320 vmonvu
1697 274 1952 331 [vn'mnnsL
1984 269 1988 273 ’

266 424 609 473 murmurabat
648 421 726 469 “O
762 424 950 469 utinam
989 420 1195 482 (inquit)
1233 420 1315 468 hic
1352 421 1603 468 asinarius
1638 419 1996 480 Reuchlinista3
2039 420 2135 468 tali
2167 419 2403 478 indiqnus

267 510 486 567 nomine,
510 532 515 537 1
528 508 814 567 pulmonem
860 510 907 552 et
954 507 1096 553 iecur
1139 506 1393 566 eqereret!
1432 502 1627 562 fetidus
1672 505 1952 553 mehercule
1995 505 2166 552 hircus
2210 508 2305 561 est,
2355 507 2402 550 et

267 594 401 640 olens
437 604 624 652 capra,
667 590 941 649 bonumque
970 587 1111 648 foret
1148 589 1418 650 Capnioni,
1467 590 1514 636 si
1545 588 1690 637 homo
1726 590 1818 636 iste
1852 593 2002 637 natus
2036 602 2135 637 non
2166 584 2395 646 fuisset”.

267 676 368 733 Quo
406 677 540 723 dicto
578 675 865 722 Mercurius
899 675 1110 734 clamat,
1156 674 1280 722 “ubi
1311 686 1385 734 es,
1431 671 1769 722 Ollilambie?”

403 765 604 806 OLLIL.
664 759 727 807 In
764 772 891 820 rupe
925 759 1091 817 hereo.
2418 768 2438 799 5

403 850 583 890 MERC.
642 843 848 905 Semper
885 843 955 891 ibi
987 843 1164 902 hereas
1200 843 1359 891 velim.
1400 843 1537 901 veni,
1587 842 1837 903 tardipes,
1886 842 1984 890 huc
2031 841 2175 900 ades,
2225 853 2400 888 crassa

260 931 554 978 substantia.

401 1019 602 1060 OLLIL.
668 1014 747 1061 En
772 1026 925 1061 curro
951 1014 1180 1072 velocius,
1222 1013 1393 1072 quovis
1427 1025 1534 1060 sum
1571 1024 1720 1059 cervo
1750 1009 2013 1071 fuqacior,
2055 1014 2259 1058 nectua
2282 1009 2406 1057 mihi

259 1100 404 1148 modo
442 1113 598 1161 opera
635 1102 706 1146 est
742 1111 879 1158 opus.

397 1189 577 1231 MERG.
643 1181 717 1231 Tu
754 1183 960 1241 videris,
1002 1195 1094 1242 eqo
1120 1195 1428 1243 precessero.
2417 1178 2456 1220 ¹0

402 1274 604 1315 OLLIL.
670 1267 749 1315 En
785 1279 1023 1315 cacumen
1065 1265 1262 1331 Olympi
1305 1271 1469 1326 tene0,
1521 1270 1682 1314 tecum
1727 1278 1859 1324 sum,
1910 1266 1962 1312 in
1998 1268 2159 1325 portu
2195 1265 2396 1324 naviqo,

260 1359 307 1402 et
342 1355 440 1412 celi
469 1355 701 1415 planetas
736 1353 949 1400 intueor.
1006 1400 1009 1403 ,

401 1444 580 1485 MERC.
640 1437 794 1485 Recte
822 1434 1011 1495 fecisti.

404 1529 607 1570 OLLIL.
671 1521 782 1568 Iam
821 1522 967 1569 unico
1006 1521 1273 1568 dumtaxat
1307 1522 1439 1568 saltu
1476 1521 1527 1567 in
1565 1520 1725 1578 celum
1762 1521 1972 1568 veniam.

398 1606 577 1647 MERO.
640 1605 923 1667 Experiar,
965 1610 1020 1652 at
1054 1619 1178 1653 cave
1213 1619 1277 1653 ne
1311 1607 1445 1653 saltu
1480 1604 1742 1653 conturbes
1778 1605 2008 1652 Platonis
2043 1604 2200 1652 ideas.
2415 1614 2455 1648 15

401 1691 601 1732 OLLIL.
664 1689 843 1746 Quales
877 1695 992 1738 sunt
1028 1691 1110 1748 ille
1146 1691 1330 1749 bestie?

400 1777 578 1820 MERG.
641 1774 775 1831 Quas
829 1780 882 1823 tu
935 1775 1115 1822 bestias
1169 1788 1342 1833 vocas,
1401 1775 1603 1834 antique
1658 1774 1773 1822 olim
1817 1773 2067 1835 Apollinis
2117 1773 2401 1821 sacerdotes

258 1860 420 1915 erant,
462 1861 510 1904 et
545 1860 776 1907 mulieres
801 1860 1016 1919 quedam
1043 1859 1283 1918 edentule,
1327 1873 1420 1920 que
1457 1859 1573 1907 dum
1599 1858 1895 1919 corporibus
1919 1862 2118 1918 exeunt,
2161 1862 2399 1919 tanquam

145 1939 433 1992 biijbrerum
459 1943 703 2003 imaqines
738 1940 900 2010 insster
934 1945 1107 1992 sidera
1141 1944 1473 1993 collocantur.

399 2030 600 2072 OLLIL.
661 2028 823 2089 Pape,
866 2029 988 2089 quid
1022 2042 1088 2077 ex
1125 2034 1172 2076 te
1208 2029 1394 2077 audio?
1429 2029 1531 2089 leqi
1551 2035 1685 2071 XXV.
1709 2028 1864 2077 libros
1898 2028 2173 2076 ethicorum
2209 2027 2397 2076 Aristo·
2414 2039 2456 2074 πο

257 2111 391 2171 teliS,
435 2112 520 2160 ubi
553 2113 616 2160 de
653 2115 761 2162 istis
798 2114 923 2161 ideis
961 2113 1336 2175 deprehendere
1362 2114 1514 2176 potui
1547 2114 1688 2162 nihil.

398 2202 578 2244 MERC.
640 2198 753 2246 Non
778 2201 972 2258 mirum,
1006 2197 1296 2247 Ollilambie.
1366 2198 1441 2248 Tu
1463 2204 1601 2247 certe
1615 2198 1946 2260 philosophus
1968 2211 2068 2247 non
2093 2211 2159 2257 es,
2198 2198 2288 2245 sed
2310 2211 2397 2245 nu-

258 2282 351 2330 dus
376 2287 569 2331 tantum
593 2285 1022 2342 qrammaticulus.
1060 2288 1280 2332 attamen
1308 2285 1358 2332 in
1384 2285 1542 2342 celum
1565 2285 1612 2332 si
1624 2289 1770 2346 potes
1803 2284 2167 2344 quamprimum
2202 2283 2394 2331 exulta.
2451 2341 2456 2343 ,

399 2371 598 2413 OLLIL.
662 2369 747 2416 Me
781 2370 1047 2429 accinqam
1086 2370 1254 2429 operi,
1296 2373 1350 2417 tu
1386 2369 1540 2417 nolito
1575 2382 1653 2417 me
1688 2373 1911 2429 tanqere.

396 2457 575 2499 MERC.
638 2454 752 2502 Non
789 2459 1018 2514 tanqam,
1060 2454 1149 2501 sed
1182 2467 1305 2501 cave
1340 2454 1570 2502 deorsum
1606 2454 1783 2502 cadas.
2410 2465 2454 2501 2⁵

330 2536 370 2582 (1
409 2537 626 2598 Cumque
661 2540 957 2587 temerarius
993 2540 1083 2587 iste
1123 2537 1430 2587 Ollilambius
1465 2552 1570 2586 sese
1605 2539 1758 2587 altius
1793 2540 2035 2599 eriqeret,
2084 2550 2233 2598 seque
2267 2538 2399 2585 inter
2452 2529 2456 2533 ’

155 2619 237 2663 OEib
257 2622 539 2670 saltandum
577 2624 864 2672 insolentius
897 2618 904 2690 Ι
936 2624 1220 2683 extolleret,
1276 2622 1482 2686 Olympo
1519 2625 1571 2671 in
1613 2622 1829 2690 Ethnam
1867 2624 2077 2682 decidit,
2119 2636 2181 2670 ac
2219 2622 2399 2670 deinde

257 2707 308 2753 in
345 2707 572 2755 cloacam
620 2709 861 2768 Vulcani,
914 2710 1004 2768 qui
1045 2713 1258 2756 montem
1296 2709 1431 2756 illum
1460 2710 1650 2769 priscis
1685 2709 1988 2771 temporibus
2023 2708 2244 2756 incolere
2279 2719 2396 2754 con·
2446 2720 2456 2722 “

255 2793 424 2839 suevit.
505 2791 627 2840 Tum
667 2793 954 2841 Mercurius
990 2794 1194 2841 ridendi
1228 2795 1566 2854 intemperans
1600 2794 1772 2842 sedulo
1807 2793 2064 2842 clamabat

665 2876 703 2925 O
741 2878 983 2937 Coridon,
1029 2878 1263 2938 Coridon,
1305 2891 1398 2938 que
1435 2882 1482 2925 te
1518 2879 1766 2927 dementia
1802 2879 1950 2940 cepit.
2408 2888 2456 2927 w..

661 2962 792 3010 Alba
828 2963 1045 3022 liqustra
1081 2963 1296 3021 cadunt,
1338 2964 1567 3011 vaccinia
1604 2965 1757 3024 niqra
1793 2965 2045 3024 lequntur.
2450 2959 2453 2971 ⁵

399 3048 598 3093 OLLIL.
661 3045 700 3094 O
735 3051 909 3094 sancte
946 3047 1196 3108 Mercuri,
1239 3047 1428 3096 adiuva
1463 3050 1569 3096 me!
1608 3061 1637 3096 o
1675 3049 1880 3110 Apoll0,
1922 3061 1951 3096 o
1987 3046 2204 3104 Latona,
2247 3059 2276 3094 o
2311 3057 2396 3093 vos

258 3128 400 3186 Muse
436 3142 634 3189 novem,
675 3132 843 3180 iuvate
877 3134 982 3179 me!
2451 3188 2456 3194 ,

326 3212 420 3260 His
463 3214 899 3264 lamentationibus
944 3218 1027 3264 ille
1071 3221 1340 3265 commotus
1383 3217 1517 3266 hunc
1562 3218 1811 3266 hominem
1859 3215 2077 3276 fetidum
2130 3220 2179 3263 et
2231 3215 2394 3263 instar

255 3295 459 3344 bubonis
502 3301 817 3356 cecutientem
866 3301 938 3348 ad
986 3298 1184 3368 [novum
1232 3296 1501 3369 quendam]
1544 3301 1740 3361 fontem
1785 3302 2091 3351 caballinum
2141 3294 2323 3368 [nuper
2357 3310 2452 3346 aas

257 3379 475 3443 Sylvano
513 3379 851 3450 adinventum]
885 3387 1158 3446 perduxit,
1208 3386 1296 3434 ubi
1331 3399 1566 3447 purqare
1610 3387 1853 3436 hominem
1889 3387 2059 3435 volens
2093 3397 2204 3433 eum
2239 3384 2390 3445 suffo-

256 3466 405 3512 cavit.
480 3465 543 3513 In
578 3468 772 3526 siqnum
808 3470 950 3518 cuius
986 3471 1154 3519 adhuc
1191 3484 1320 3531 aque
1355 3458 1555 3520 illorum
1595 3471 1820 3531 fontium
1865 3473 1936 3519 ita
1981 3469 2176 3527 turbide
2214 3465 2390 3527 fetori-

254 3549 438 3609 busque
467 3552 699 3610 permiste
734 3556 872 3611 sunt,
922 3560 975 3602 ut
1011 3557 1296 3616 quicunque
1331 3571 1397 3605 ex
1433 3559 1532 3606 illis
1568 3558 1775 3617 indiqne
1810 3555 2052 3614 biberint,
2104 3554 2275 3602 insani
2297 3564 2389 3614 po-

253 3635 351 3681 tius
385 3633 486 3680 sint
520 3647 668 3693 quam
702 3638 965 3696 sapientes.

366 3828 382 3855 ⁸
414 3829 538 3870 seruo
568 3831 607 3868 1.
716 3828 749 3855 ¹⁵
778 3830 986 3884 Eperiar.
1011 3834 1047 3871 1.
1156 3832 1189 3859 ¹8
1221 3832 1296 3886 ‹jdfe
1327 3837 1366 3874 2.
1457 3833 1540 3860 ²⁰²¹
1572 3835 1821 3876 Arestotel'.
1845 3837 1885 3878 1.
1971 3834 2008 3861 ²⁸
2037 3832 2234 3875 Vulcani
2266 3830 2387 3871 cloa-

255 3912 356 3940 cam
385 3903 426 3939 2.
522 3897 554 3924 3¹
595 3900 722 3952 Verq.
746 3900 843 3940 Ecl.
867 3902 969 3953 2‚69.
1002 3901 1071 3941 Cf.
1094 3902 1215 3942 infra
1248 3916 1318 3955 ep.
1341 3905 1402 3946 II.
1424 3904 1464 3946 5.
1551 3903 1587 3929 ³²
1623 3907 1751 3958 Very.
1773 3905 1804 3946 l.
1828 3919 1865 3949 e.
1887 3906 1986 3951 2,18.
