2456 4264
203 239 280 299 90
501 263 594 292 IOA.
618 259 931 290 PEPERIGORNI
952 255 1182 287 DEFENSIO
1206 252 1389 285 CONTRA
1408 251 1616 281 FAMOSAS
1641 253 1684 283 Ο.
1705 252 1749 281 V·
1772 249 2037 280 EPISTOLAS.

202 397 403 457 inquam
443 405 663 442 errorem
711 395 800 439 aut
842 390 1050 448 heresim
1090 386 1225 434 nobis
1268 389 1315 432 et
1348 385 1399 431 in
1433 385 1595 440 nostre
1629 385 1799 439 sancte
1829 380 1953 439 fidei
1985 381 2342 438 contumeliam,

202 483 383 528 malum
416 483 503 526 aut
538 480 587 525 in
622 474 1072 524 condemnationem
1101 482 1305 519 suarum
1343 469 1624 514 animarum
1655 464 1859 524 faciant
1883 478 2039 525 eaque
2066 476 2164 511 non
2187 470 2343 525 utan-

201 569 282 613 tur
317 563 481 610 Etiam
526 574 586 608 ne
633 563 807 607 contra
850 557 1107 616 equitatem
1154 565 1359 601 suarum
1396 552 1557 611 lequm
1589 553 1885 609 qraventur,
1934 548 2345 609 quemadmodum

200 653 283 696 tua
317 648 539 695 charitas
570 656 631 691 ea
667 644 716 689 in
754 655 810 689 re
845 640 1203 701 experientiam
1235 635 1394 683 habet.
1469 634 1534 681 In
1570 634 1661 682 hoc
1690 632 1853 692 faciet
1887 646 2027 681 amor
2052 638 2162 681 tuus
2183 635 2345 681 serio-

198 744 303 779 sam
349 733 551 777 mentem
601 732 817 774 nostram
864 732 910 772 et
952 723 1321 783 beneplacitum.
1394 719 1575 766 Datum
1620 719 1672 765 in
1707 721 1872 765 nostro
1902 718 2084 778 oppido
2117 717 2344 776 Rofereit
2362 740 2381 770 5

200 816 384 863 decimo
422 814 501 861 die
537 812 712 859 mensis
746 808 1042 858 Novembris.
1098 808 1237 853 Anno
1268 818 1419 865 super
1451 803 1758 851 millesimum
1791 803 2226 863 quinqentesimum
2252 815 2349 851 no-

202 913 315 947 num
341 898 623 958 Reqnorum
648 899 923 944 nostrorum
947 892 1162 940 Romani
1195 890 1431 938 Vicesimo
1455 891 1646 948 quarto,
1673 887 1937 947 Hunqarie
1962 899 2078 935 vero
2101 888 2346 948 viqesimo.

1123 975 1221 1024 Per
1254 974 1439 1034 Reqem

1315 1071 1428 1120 pro.
1465 1071 1576 1106 ma.-

936 1211 940 1215 .
1002 1144 1082 1193 Ad
1111 1144 1402 1192 mandatum
1434 1143 1622 1191 domini
1654 1143 1968 1204 imperatoris
1995 1141 2275 1204 proprium.
2363 1151 2414 1195 ιο·

1210 1228 1410 1277 Gabriel
1443 1227 1597 1276 Foclc.

339 1376 635 1425 Huiusmodi
676 1374 963 1422 mandatum
1011 1373 1158 1421 attuli
1198 1383 1304 1419 meo
1340 1369 1694 1430 qratiosissimo
1739 1368 1935 1416 domino
1970 1366 2351 1428 Moquntinensi‚

202 1463 333 1523 quod
362 1475 454 1510 sua
485 1461 777 1509 Reverentia
813 1472 923 1507 cum
958 1470 1138 1517 maqno
1172 1456 1356 1504 honore
1391 1455 1609 1515 accepit,
1657 1456 1705 1501 et
1735 1454 1964 1501 continuo
2012 1452 2350 1501 Venerabilem

118 1542 180 1598 {3¹³
202 1553 250 1596 et
288 1548 406 1595 bene
440 1547 632 1594 doctum
670 1544 916 1592 dominum
963 1544 1254 1602 maqistrum
1287 1533 1661 1606 Hermanllnum
1706 1536 1871 1598 Hesss,
1918 1538 2164 1586 doctorem
2208 1550 2353 1596 sacre

203 1633 459 1693 theologie,
507 1635 620 1678 tunc
657 1630 885 1689 temporis
917 1627 1222 1688 primarium
1254 1631 1502 1686 reqentem
1544 1624 1596 1672 in
1631 1624 1950 1673 universitate
1984 1622 2409 1682 Moquntinensi15

203 1719 349 1765 simul
378 1728 565 1765 mecum
603 1715 876 1763 ordinavit:
925 1712 996 1760 Ac
1044 1723 1133 1759 nos
1168 1710 1425 1770 confestim
1459 1709 1531 1756 ad
1561 1707 1814 1756 honestum
1851 1711 2074 1756 senatum
2113 1705 2354 1755 Franck-

198 1801 505 1860 sordiensem
535 1801 693 1858 misit,
733 1800 828 1859 'qui
860 1798 1107 1860 nobiscum
1142 1797 1390 1844 transiens
1426 1793 1496 1842 ad
1528 1792 1734 1854 Iudeos‚
1787 1791 1937 1840 libros
1975 1792 2087 1852 (qui
2111 1790 2354 1839 videban-

202 1891 283 1934 tur
329 1886 451 1934 mihi
493 1886 651 1933 illiciti
685 1888 733 1932 et
778 1883 1040 1943 inhonesti)
1081 1880 1376 1940 auferendo.
1453 1877 1536 1926 Sic
1575 1876 1771 1936 factum
1816 1881 1890 1924 est
1924 1875 2057 1937 quod
2089 1888 2200 1924 cum
2225 1889 2355 1937 pre—

150 2033 160 2039 ·
201 1971 342 2019 dictis
372 1970 503 2018 mille
540 1972 589 2016 et
621 1970 906 2028 quinqentos
941 1967 1090 2015 libros
1122 1979 1154 2013 a
1182 1965 1353 2023 Iudeis
1374 1963 1653 2012 sustulerim
1678 1961 1862 2022 hosque
1887 1961 2193 2022 deposuerim
2217 1960 2360 2021 apud

200 2056 448 2103 honestum
492 2060 715 2102 senatum
762 2051 1295 2110 Franclcfordiensem,
1341 2061 1494 2108 usque
1537 2046 1608 2094 ad
1651 2048 1933 2095 ulteriorem
1973 2047 2355 2095 commissionem
2369 2057 2413 2090 20
2454 2107 2456 2111 Ι

196 2140 540 2199 qratiosissimi
572 2138 759 2186 domini
790 2136 1204 2197 Moquntinensis‚
1242 2147 1346 2182 una
1377 2145 1488 2182 cum
1524 2130 1924 2180 universitatibus
1960 2135 2017 2194 et,
2042 2131 2222 2191 ἀθετεῖς,
2271 2131 2356 2178 la-

201 2225 296 2272 tius
327 2223 601 2271 istiusmodi
634 2222 887 2280 neqocium
924 2219 1290 2278 emaminando‚
1338 2216 1749 2278 quemadmodum
1786 2216 1837 2263 in
1878 2215 2085 2274 Cesaree
2121 2198 2357 2263 maiesta-

202 2310 261 2356 tis
308 2307 544 2355 mandato
587 2307 758 2353 emisso
801 2305 968 2352 videre
1006 2306 1134 2353 licet.
1211 2303 1253 2349 (Ι
1302 2303 1483 2351 Verum
1526 2302 1773 2349 enimvero
1813 2299 1965 2358 Iudei
2010 2299 2268 2348 lachrimis
2312 2303 2360 2347 et

203 2391 420 2439 brachiis
458 2391 508 2437 in
545 2392 702 2448 celum
738 2391 885 2437 tensis
921 2402 982 2437 ac
1018 2389 1207 2448 inqenti
1240 2399 1430 2435 summa
1463 2385 1762 2446 pecuniaria
1798 2397 1875 2432 me
1911 2390 2159 2444 roqarunt
2200 2391 2252 2432 ut
2295 2384 2358 2431 ab

202 2476 272 2523 eis
296 2476 511 2522 tollerem
537 2476 634 2522 tale
669 2475 946 2533 neqocium,
983 2473 1278 2533 deponerem
1303 2484 1491 2531 quoque
1524 2474 1572 2518 et
1602 2470 1907 2518 dimitterem.
1987 2468 2218 2526 Quamvis
2251 2469 2354 2529 iqi-
2370 2482 2412 2515 25

204 2564 284 2607 tur
322 2558 546 2606 diabolus
586 2558 708 2605 mihi
740 2558 832 2605 hoc
868 2559 1187 2606 consuluisset
1221 2560 1367 2615 atque
1403 2555 1715 2615 inspirasset,
1754 2558 1970 2602 attamen
2008 2555 2149 2613 (laus
2181 2557 2230 2601 et
2263 2553 2358 2601 ho-

204 2655 297 2690 nor
331 2643 645 2703 omnipotenti
676 2641 790 2702 deo)
838 2655 928 2701 eqo
970 2655 1126 2702 neque
1163 2641 1359 2698 demoni
1390 2653 1546 2699 neque
1579 2638 1750 2698 Iudeis
1785 2652 1942 2698 neque
1977 2640 2173 2687 illorum
2206 2637 2359 2696 falsis

204 2727 346 2775 donis
379 2739 664 2774 consensum
693 2726 887 2786 prebui.
925 2740 1076 2787 super
1109 2738 1207 2785 qua
1244 2739 1301 2772 re
1331 2724 1521 2771 dabunt
1552 2724 1675 2771 mihi
1707 2724 1758 2771 in
1788 2726 2008 2772 extremo
2030 2722 2214 2772 iudicio
2239 2722 2358 2770 dia-

203 2811 338 2859 bolus
369 2818 417 2859 et
448 2810 600 2869 Iudei
627 2812 964 2858 testimonium.
1041 2810 1082 2856 (1
1120 2810 1264 2857 Nunc
1293 2809 1555 2868 diliqenter
1590 2808 1968 2856 animadvertite
1996 2807 2234 2869 quomodo
2256 2806 2359 2854 Sa-

206 2896 385 2943 thanas
437 2897 523 2955 qui
562 2897 715 2943 omnis
762 2897 973 2955 nequitie
1017 2900 1064 2943 et
1106 2897 1374 2942 multarum
1425 2894 1606 2941 artium
1642 2894 1878 2953 maqister
1913 2897 2011 2950 est,
2062 2879 2272 2953 itemque
2309 2894 2412 2940 etan

204 2980 337 3027 Rabi
360 2980 694 3040 primatesque
730 2980 996 3038 Iudeorum
1033 2993 1143 3028 cum
1179 2981 1280 3027 suis
1313 2980 1456 3027 sociis
1493 2978 1745 3026 laudabile
1762 2978 1868 3026 *hoc
1906 2978 2160 3038 neqocium
2195 2978 2358 3037 impe-

207 3064 315 3111 dire
353 3065 520 3112 conati
566 3067 695 3111 sunt.
772 3063 868 3120 Qui
913 3064 1109 3124 quidem
1154 3063 1407 3111 Sathanas
1451 3048 1634 3121 Iudeos
1680 3061 2062 3121 Franckfordie
2108 3062 2160 3109 in
2207 3073 2359 3110 unum

205 3149 363 3207 coeqit
395 3149 559 3207 eisque
597 3149 668 3196 sic
691 3149 952 3208 proposuit
986 3153 1132 3208 atque
1163 3149 1427 3208 inspiravit
1462 3146 1737 3206 Diliqenter
1769 3147 2055 3194 auscultate.
2132 3146 2358 3207 ‘Peperi-

206 3244 388 3280 cornus
413 3232 629 3280 incendit
651 3233 836 3292 iqnem‚
871 3234 1066 3292 qualem
1090 3234 1140 3280 in
1167 3231 1391 3280 Romano
1418 3232 1623 3292 imperio
1647 3243 1899 3291 nunquam
1934 3230 2185 3290 habuistis,
2216 3242 2358 3290 quem
2430 3271 2436 3294 ,Γ

207 3316 401 3377 quidem
434 3317 479 3363 si
513 3329 609 3363 non
642 3318 915 3377 tempestive
949 3318 1278 3376 extinxeritis,
1317 3321 1433 3365 tunc
1468 3317 1725 3377 episcopus
1756 3315 2075 3375 Moquntinus
2110 3327 2354 3364 convoca—
2372 3324 2416 3359 35

207 3400 275 3448 bit
307 3401 422 3448 illas
451 3401 788 3449 universitates
825 3401 1063 3449 vobiscum
1095 3401 1386 3461 disputandi
1415 3404 1463 3448 et
1494 3400 1644 3448 libros
1682 3400 1983 3461 inspiciendi
2003 3401 2192 3460 qratia.
2262 3399 2358 3446 In-

206 3498 357 3545 super
388 3489 459 3532 est
488 3483 697 3532 Iacobus
730 3484 1058 3533 Hochstraten
1097 3487 1307 3543 heretice
1333 3486 1604 3546 pravitatis
1639 3485 1895 3544 inquisitor
1921 3498 2050 3533 unus
2083 3486 2212 3532 inter
2253 3484 2360 3531 illos

209 3569 438 3630 apprime
478 3568 666 3624 doctus,
713 3571 798 3628 qui
840 3573 1051 3617 vestram
1092 3569 1243 3627 sidem
1290 3573 1339 3617 et
1380 3571 1568 3629 scripta
1614 3568 1887 3616 rationibus
1929 3570 2062 3617 novit
2090 3569 2357 3628 corriqere.

210 3652 275 3701 Et
296 3652 495 3713 quando
527 3666 609 3700 vos
646 3653 822 3701 devicti
857 3658 904 3700 et
934 3666 1066 3714 pena
1104 3654 1245 3712 diqni
1277 3648 1460 3701 inventi
1487 3652 1715 3711 fueritis,
1753 3656 1869 3700 tunc
1884 3656 2086 3714 possent
2108 3651 2238 3700 vobis
2262 3664 2359 3699 non

322 3859 339 3884 ⁵
368 3861 619 3902 Roveredo.
