<?xml version="1.0" encoding="UTF-8"?>
<!DOCTYPE html PUBLIC "-//W3C//DTD XHTML 1.0 Transitional//EN"
    "http://www.w3.org/TR/xhtml1/DTD/xhtml1-transitional.dtd">
<html xmlns="http://www.w3.org/1999/xhtml" xml:lang="en" lang="en">
 <head>
  <title>
</title>
<meta http-equiv="Content-Type" content="text/html;charset=utf-8" />
  <meta name='ocr-system' content='tesseract 3.04.00' />
  <meta name='ocr-capabilities' content='ocr_page ocr_carea ocr_par ocr_line ocrx_word'/>
</head>
<body>
  <div class='ocr_page' id='page_1' title='image "./supoperaquaerepe01huttuoft_0114.png"; bbox 0 0 2456 4264; ppageno 0'>
   <div class='ocr_carea' id='block_1_1' title="bbox 261 213 1723 269">
    <p class='ocr_par' dir='ltr' id='par_1_1' title="bbox 261 213 1723 269">
     <span class='ocr_line' id='line_1_1' title="bbox 261 213 1723 269; baseline -0.007 -5"><span class='ocrx_word' id='word_1_1' title='bbox 261 213 335 269; x_wconf 76' lang='grc'>74</span> <span class='ocrx_word' id='word_1_2' title='bbox 910 233 1146 259; x_wconf 75' lang='lat' dir='ltr'>EPISTOLAE</span> <span class='ocrx_word' id='word_1_3' title='bbox 1170 227 1476 257; x_wconf 76' lang='lat' dir='ltr'>OBSCVRORVM</span> <span class='ocrx_word' id='word_1_4' title='bbox 1497 227 1723 255; x_wconf 78' lang='lat' dir='ltr'>VIRORVM.</span> 
     </span>
    </p>
   </div>
   <div class='ocr_carea' id='block_1_2' title="bbox 258 354 2456 2110">
    <p class='ocr_par' dir='ltr' id='par_1_2' title="bbox 258 354 2456 2110">
     <span class='ocr_line' id='line_1_2' title="bbox 258 354 2397 419; baseline -0.005 -5"><span class='ocrx_word' id='word_1_5' title='bbox 258 368 347 414; x_wconf 84' lang='lat' dir='ltr'>tias</span> <span class='ocrx_word' id='word_1_6' title='bbox 395 379 564 413; x_wconf 80' lang='lat' dir='ltr'>omues</span> <span class='ocrx_word' id='word_1_7' title='bbox 611 360 818 409; x_wconf 84' lang='lat' dir='ltr'>scireut’.</span> <span class='ocrx_word' id='word_1_8' title='bbox 893 359 1032 407; x_wconf 83' lang='lat' dir='ltr'>Tunc</span> <span class='ocrx_word' id='word_1_9' title='bbox 1085 357 1226 404; x_wconf 87' lang='lat' dir='ltr'>dixit:</span> <span class='ocrx_word' id='word_1_10' title='bbox 1279 363 1385 417; x_wconf 83' lang='lat' dir='ltr'>‘ego</span> <span class='ocrx_word' id='word_1_11' title='bbox 1435 356 1534 402; x_wconf 88' lang='lat' dir='ltr'>scio</span> <span class='ocrx_word' id='word_1_12' title='bbox 1582 354 1741 403; x_wconf 87' lang='lat' dir='ltr'>adhuc</span> <span class='ocrx_word' id='word_1_13' title='bbox 1778 359 1848 403; x_wconf 90' lang='lat' dir='ltr'>tot</span> <span class='ocrx_word' id='word_1_14' title='bbox 1897 355 2027 419; x_wconf 92' lang='lat' dir='ltr'>quod</span> <span class='ocrx_word' id='word_1_15' title='bbox 2066 369 2163 402; x_wconf 89' lang='lat' dir='ltr'>non</span> <span class='ocrx_word' id='word_1_16' title='bbox 2203 369 2397 418; x_wconf 87' lang='lat' dir='ltr'>possem</span> 
     </span>
     <span class='ocr_line' id='line_1_3' title="bbox 259 437 2398 511; baseline -0.005 -14"><span class='ocrx_word' id='word_1_17' title='bbox 259 450 315 498; x_wconf 92' lang='lat' dir='ltr'>ad</span> <span class='ocrx_word' id='word_1_18' title='bbox 357 450 519 511; x_wconf 79' lang='lat' dir='ltr'>viginti</span> <span class='ocrx_word' id='word_1_19' title='bbox 559 460 702 495; x_wconf 85' lang='lat' dir='ltr'>arcus</span> <span class='ocrx_word' id='word_1_20' title='bbox 739 444 896 506; x_wconf 81' lang='lat' dir='ltr'>papiri</span> <span class='ocrx_word' id='word_1_21' title='bbox 934 441 1185 490; x_wconf 87' lang='lat' dir='ltr'>scribere&#39;.</span> <span class='ocrx_word' id='word_1_22' title='bbox 1260 440 1398 488; x_wconf 90' lang='lat' dir='ltr'>Tunc</span> <span class='ocrx_word' id='word_1_23' title='bbox 1439 454 1530 502; x_wconf 85' lang='lat' dir='ltr'>ego</span> <span class='ocrx_word' id='word_1_24' title='bbox 1557 439 1678 488; x_wconf 87' lang='lat' dir='ltr'>dixi:</span> <span class='ocrx_word' id='word_1_25' title='bbox 1720 445 1889 502; x_wconf 88' lang='lat' dir='ltr'>‘quare</span> <span class='ocrx_word' id='word_1_26' title='bbox 1915 438 2058 487; x_wconf 88' lang='lat' dir='ltr'>vultis</span> <span class='ocrx_word' id='word_1_27' title='bbox 2085 438 2144 486; x_wconf 91' lang='lat' dir='ltr'>de</span> <span class='ocrx_word' id='word_1_28' title='bbox 2171 437 2398 487; x_wconf 88' lang='lat' dir='ltr'>omnibus</span> 
     </span>
     <span class='ocr_line' id='line_1_4' title="bbox 259 522 2399 598; baseline -0.004 -18"><span class='ocrx_word' id='word_1_29' title='bbox 259 530 645 598; x_wconf 80' lang='lat' dir='ltr'>predicatoribus</span> <span class='ocrx_word' id='word_1_30' title='bbox 692 526 944 575; x_wconf 76' lang='lat' dir='ltr'>scribere?</span> <span class='ocrx_word' id='word_1_31' title='bbox 993 539 1089 571; x_wconf 88' lang='lat' dir='ltr'>non</span> <span class='ocrx_word' id='word_1_32' title='bbox 1140 529 1300 572; x_wconf 87' lang='lat' dir='ltr'>tamen</span> <span class='ocrx_word' id='word_1_33' title='bbox 1350 523 1575 572; x_wconf 86' lang='lat' dir='ltr'>fecerunt</span> <span class='ocrx_word' id='word_1_34' title='bbox 1625 537 1817 571; x_wconf 87' lang='lat' dir='ltr'>omnes:</span> <span class='ocrx_word' id='word_1_35' title='bbox 1867 523 1908 571; x_wconf 92' lang='lat' dir='ltr'>si</span> <span class='ocrx_word' id='word_1_36' title='bbox 1954 522 2023 570; x_wconf 93' lang='lat' dir='ltr'>illi</span> <span class='ocrx_word' id='word_1_37' title='bbox 2070 524 2118 570; x_wconf 89' lang='lat' dir='ltr'>in</span> <span class='ocrx_word' id='word_1_38' title='bbox 2157 522 2399 584; x_wconf 82' lang='lat' dir='ltr'>Maguntia</span> 
     </span>
     <span class='ocr_line' id='line_1_5' title="bbox 259 604 2400 676; baseline -0.006 -11"><span class='ocrx_word' id='word_1_39' title='bbox 259 623 305 665; x_wconf 82' lang='lat' dir='ltr'>ct</span> <span class='ocrx_word' id='word_1_40' title='bbox 330 618 377 664; x_wconf 87' lang='lat' dir='ltr'>in</span> <span class='ocrx_word' id='word_1_41' title='bbox 404 611 692 676; x_wconf 81' lang='lat' dir='ltr'>Augspurgk</span> <span class='ocrx_word' id='word_1_42' title='bbox 723 616 769 660; x_wconf 88' lang='lat' dir='ltr'>et</span> <span class='ocrx_word' id='word_1_43' title='bbox 796 611 843 657; x_wconf 86' lang='lat' dir='ltr'>in</span> <span class='ocrx_word' id='word_1_44' title='bbox 872 604 1149 669; x_wconf 82' lang='lat' dir='ltr'>Strassberg</span> <span class='ocrx_word' id='word_1_45' title='bbox 1176 612 1289 656; x_wconf 87' lang='lat' dir='ltr'>sunt</span> <span class='ocrx_word' id='word_1_46' title='bbox 1326 608 1613 669; x_wconf 84' lang='lat' dir='ltr'>nequitiosi,</span> <span class='ocrx_word' id='word_1_47' title='bbox 1653 612 1770 655; x_wconf 89' lang='lat' dir='ltr'>tunc</span> <span class='ocrx_word' id='word_1_48' title='bbox 1808 605 1887 654; x_wconf 91' lang='lat' dir='ltr'>alii</span> <span class='ocrx_word' id='word_1_49' title='bbox 1923 611 2038 655; x_wconf 91' lang='lat' dir='ltr'>sunt</span> <span class='ocrx_word' id='word_1_50' title='bbox 2074 606 2200 654; x_wconf 87' lang='lat' dir='ltr'>forte</span> <span class='ocrx_word' id='word_1_51' title='bbox 2226 604 2400 668; x_wconf 86' lang='lat' dir='ltr'>probi&#39;.</span> 
     </span>
     <span class='ocr_line' id='line_1_6' title="bbox 258 689 2453 757; baseline -0.008 -8"><span class='ocrx_word' id='word_1_52' title='bbox 258 701 394 749; x_wconf 88' lang='lat' dir='ltr'>Tunc</span> <span class='ocrx_word' id='word_1_53' title='bbox 421 697 500 747; x_wconf 89' lang='lat' dir='ltr'>ille</span> <span class='ocrx_word' id='word_1_54' title='bbox 528 697 672 746; x_wconf 87' lang='lat' dir='ltr'>dixit:</span> <span class='ocrx_word' id='word_1_55' title='bbox 716 692 979 757; x_wconf 88' lang='lat' dir='ltr'>‘quomodo</span> <span class='ocrx_word' id='word_1_56' title='bbox 1007 691 1263 740; x_wconf 79' lang='lat' dir='ltr'>confundis</span> <span class='ocrx_word' id='word_1_57' title='bbox 1301 692 1409 740; x_wconf 79' lang='lat' dir='ltr'>me?</span> <span class='ocrx_word' id='word_1_58' title='bbox 1449 704 1539 751; x_wconf 80' lang='lat' dir='ltr'>ego</span> <span class='ocrx_word' id='word_1_59' title='bbox 1579 690 1726 737; x_wconf 79' lang='lat' dir='ltr'>credo</span> <span class='ocrx_word' id='word_1_60' title='bbox 1768 690 1894 753; x_wconf 81' lang='lat' dir='ltr'>quod</span> <span class='ocrx_word' id='word_1_61' title='bbox 1938 695 1985 738; x_wconf 86' lang='lat' dir='ltr'>tu</span> <span class='ocrx_word' id='word_1_62' title='bbox 2026 691 2091 737; x_wconf 88' lang='lat' dir='ltr'>sis</span> <span class='ocrx_word' id='word_1_63' title='bbox 2128 689 2255 737; x_wconf 86' lang='lat' dir='ltr'>filius</span> <span class='ocrx_word' id='word_1_64' title='bbox 2292 704 2402 753; x_wconf 72' lang='lat' dir='ltr'>pre·</span> <span class='ocrx_word' id='word_1_65' title='bbox 2418 702 2453 740; x_wconf 57' lang='grc' dir='ltr'><em>ω</em></span> 
     </span>
     <span class='ocr_line' id='line_1_7' title="bbox 258 773 2437 840; baseline -0.005 -7"><span class='ocrx_word' id='word_1_66' title='bbox 258 783 511 838; x_wconf 79' lang='lat' dir='ltr'>dicatoriS,</span> <span class='ocrx_word' id='word_1_67' title='bbox 562 780 636 829; x_wconf 87' lang='lat' dir='ltr'>vel</span> <span class='ocrx_word' id='word_1_68' title='bbox 686 779 815 827; x_wconf 83' lang='lat' dir='ltr'>fuisti</span> <span class='ocrx_word' id='word_1_69' title='bbox 864 782 963 825; x_wconf 86' lang='lat' dir='ltr'>met</span> <span class='ocrx_word' id='word_1_70' title='bbox 999 775 1306 840; x_wconf 78' lang='lat' dir='ltr'>predicator;</span> <span class='ocrx_word' id='word_1_71' title='bbox 1355 789 1585 836; x_wconf 87' lang='lat' dir='ltr'>nuncupa</span> <span class='ocrx_word' id='word_1_72' title='bbox 1623 774 1740 822; x_wconf 91' lang='lat' dir='ltr'>mihi</span> <span class='ocrx_word' id='word_1_73' title='bbox 1778 789 1931 823; x_wconf 88' lang='lat' dir='ltr'>unum</span> <span class='ocrx_word' id='word_1_74' title='bbox 1979 774 2270 830; x_wconf 89' lang='lat' dir='ltr'>claustrum,</span> <span class='ocrx_word' id='word_1_75' title='bbox 2322 773 2437 823; x_wconf 87' lang='lat' dir='ltr'>ubi·-</span> 
     </span>
     <span class='ocr_line' id='line_1_8' title="bbox 260 857 2441 931; baseline -0.005 -15"><span class='ocrx_word' id='word_1_76' title='bbox 260 874 373 917; x_wconf 86' lang='lat' dir='ltr'>sunt</span> <span class='ocrx_word' id='word_1_77' title='bbox 411 866 551 931; x_wconf 88' lang='lat' dir='ltr'>probi</span> <span class='ocrx_word' id='word_1_78' title='bbox 590 862 955 929; x_wconf 72' lang='lat' dir='ltr'>predicatores&#39;.</span> <span class='ocrx_word' id='word_1_79' title='bbox 1031 861 1170 908; x_wconf 85' lang='lat' dir='ltr'>Tunc</span> <span class='ocrx_word' id='word_1_80' title='bbox 1209 873 1299 921; x_wconf 86' lang='lat' dir='ltr'>ego</span> <span class='ocrx_word' id='word_1_81' title='bbox 1339 859 1464 907; x_wconf 86' lang='lat' dir='ltr'>dixi:</span> <span class='ocrx_word' id='word_1_82' title='bbox 1508 859 1639 922; x_wconf 91' lang='lat' dir='ltr'>‘quid</span> <span class='ocrx_word' id='word_1_83' title='bbox 1678 858 1902 907; x_wconf 81' lang='lat' dir='ltr'>fecerunt</span> <span class='ocrx_word' id='word_1_84' title='bbox 1939 857 2008 906; x_wconf 91' lang='lat' dir='ltr'>illi</span> <span class='ocrx_word' id='word_1_85' title='bbox 2029 859 2081 925; x_wconf 84' lang='lat' dir='ltr'>in</span> <span class='ocrx_word' id='word_1_86' title='bbox 2107 857 2403 907; x_wconf 84' lang='lat' dir='ltr'>Francksur-</span> <span class='ocrx_word' id='word_1_87' title='bbox 2438 864 2441 867; x_wconf 76' lang='grc'>’</span> 
     </span>
     <span class='ocr_line' id='line_1_9' title="bbox 261 941 2450 1007; baseline -0.005 -6"><span class='ocrx_word' id='word_1_88' title='bbox 261 951 379 1001; x_wconf 68' lang='lat' dir='ltr'>dia‘Z&#39;</span> <span class='ocrx_word' id='word_1_89' title='bbox 454 951 594 999; x_wconf 88' lang='lat' dir='ltr'>Tunc</span> <span class='ocrx_word' id='word_1_90' title='bbox 642 949 762 997; x_wconf 89' lang='lat' dir='ltr'>dixit</span> <span class='ocrx_word' id='word_1_91' title='bbox 808 946 914 995; x_wconf 88' lang='lat' dir='ltr'>ille:</span> <span class='ocrx_word' id='word_1_92' title='bbox 956 945 1130 992; x_wconf 89' lang='lat' dir='ltr'>‘nescis</span> <span class='ocrx_word' id='word_1_93' title='bbox 1170 943 1292 991; x_wconf 78' lang='lat' dir='ltr'>hoc?</span> <span class='ocrx_word' id='word_1_94' title='bbox 1344 941 1410 990; x_wconf 90' lang='lat' dir='ltr'>illi</span> <span class='ocrx_word' id='word_1_95' title='bbox 1450 941 1634 990; x_wconf 89' lang='lat' dir='ltr'>habent</span> <span class='ocrx_word' id='word_1_96' title='bbox 1669 942 1994 1007; x_wconf 81' lang='lat' dir='ltr'>principalem</span> <span class='ocrx_word' id='word_1_97' title='bbox 2033 942 2159 1005; x_wconf 90' lang='lat' dir='ltr'>apud</span> <span class='ocrx_word' id='word_1_98' title='bbox 2201 957 2285 991; x_wconf 87' lang='lat' dir='ltr'>eos</span> <span class='ocrx_word' id='word_1_99' title='bbox 2322 943 2406 1006; x_wconf 88' lang='lat' dir='ltr'>qui</span> <span class='ocrx_word' id='word_1_100' title='bbox 2447 954 2450 959; x_wconf 80' lang='grc'>’</span> 
     </span>
     <span class='ocr_line' id='line_1_10' title="bbox 263 1027 2450 1097; baseline -0.005 -12"><span class='ocrx_word' id='word_1_101' title='bbox 263 1041 462 1085; x_wconf 86' lang='lat' dir='ltr'>vocatur</span> <span class='ocrx_word' id='word_1_102' title='bbox 513 1033 804 1097; x_wconf 76' lang='lat' dir='ltr'>wigandus:</span> <span class='ocrx_word' id='word_1_103' title='bbox 865 1029 942 1079; x_wconf 90' lang='lat' dir='ltr'>ille</span> <span class='ocrx_word' id='word_1_104' title='bbox 993 1034 1064 1077; x_wconf 83' lang='lat' dir='ltr'>est</span> <span class='ocrx_word' id='word_1_105' title='bbox 1114 1032 1259 1090; x_wconf 88' lang='lat' dir='ltr'>caput</span> <span class='ocrx_word' id='word_1_106' title='bbox 1308 1029 1525 1076; x_wconf 89' lang='lat' dir='ltr'>omnium</span> <span class='ocrx_word' id='word_1_107' title='bbox 1577 1028 1933 1090; x_wconf 76' lang='lat' dir='ltr'>nequitiarum,</span> <span class='ocrx_word' id='word_1_108' title='bbox 1984 1032 2032 1076; x_wconf 89' lang='lat' dir='ltr'>et</span> <span class='ocrx_word' id='word_1_109' title='bbox 2075 1028 2179 1091; x_wconf 90' lang='lat' dir='ltr'>ipse</span> <span class='ocrx_word' id='word_1_110' title='bbox 2226 1027 2450 1090; x_wconf 78' lang='lat' dir='ltr'>incepit</span> 
     </span>
     <span class='ocr_line' id='line_1_11' title="bbox 263 1098 2456 1182; baseline -0.004 -13"><span class='ocrx_word' id='word_1_111' title='bbox 263 1120 389 1169; x_wconf 90' lang='lat' dir='ltr'>illam</span> <span class='ocrx_word' id='word_1_112' title='bbox 437 1120 659 1182; x_wconf 75' lang='lat' dir='ltr'>heresem</span> <span class='ocrx_word' id='word_1_113' title='bbox 709 1119 757 1164; x_wconf 88' lang='lat' dir='ltr'>iu</span> <span class='ocrx_word' id='word_1_114' title='bbox 797 1116 984 1169; x_wconf 86' lang='lat' dir='ltr'>Berua,</span> <span class='ocrx_word' id='word_1_115' title='bbox 1046 1118 1091 1161; x_wconf 90' lang='lat' dir='ltr'>et</span> <span class='ocrx_word' id='word_1_116' title='bbox 1140 1112 1253 1160; x_wconf 83' lang='lat' dir='ltr'>fecit</span> <span class='ocrx_word' id='word_1_117' title='bbox 1303 1126 1454 1160; x_wconf 89' lang='lat' dir='ltr'>unum</span> <span class='ocrx_word' id='word_1_118' title='bbox 1502 1111 1723 1162; x_wconf 91' lang='lat' dir='ltr'>libellum</span> <span class='ocrx_word' id='word_1_119' title='bbox 1771 1112 1832 1160; x_wconf 87' lang='lat' dir='ltr'>de</span> <span class='ocrx_word' id='word_1_120' title='bbox 1881 1110 2118 1168; x_wconf 90' lang='lat' dir='ltr'>Wesalio,</span> <span class='ocrx_word' id='word_1_121' title='bbox 2177 1115 2224 1160; x_wconf 86' lang='lat' dir='ltr'>et</span> <span class='ocrx_word' id='word_1_122' title='bbox 2268 1098 2456 1160; x_wconf 67' lang='lat' dir='ltr'>illumfl&#39;</span> 
     </span>
     <span class='ocr_line' id='line_1_12' title="bbox 264 1195 2445 1269; baseline -0.004 -17"><span class='ocrx_word' id='word_1_123' title='bbox 264 1210 429 1269; x_wconf 87' lang='lat' dir='ltr'>postea</span> <span class='ocrx_word' id='word_1_124' title='bbox 469 1205 518 1252; x_wconf 92' lang='lat' dir='ltr'>in</span> <span class='ocrx_word' id='word_1_125' title='bbox 557 1200 890 1266; x_wconf 79' lang='lat' dir='ltr'>Heydelberga</span> <span class='ocrx_word' id='word_1_126' title='bbox 931 1198 1190 1252; x_wconf 84' lang='lat' dir='ltr'>revocavit,</span> <span class='ocrx_word' id='word_1_127' title='bbox 1233 1197 1459 1252; x_wconf 82' lang='lat' dir='ltr'>cassavit,</span> <span class='ocrx_word' id='word_1_128' title='bbox 1501 1197 1758 1260; x_wconf 83' lang='lat' dir='ltr'>extirpavit</span> <span class='ocrx_word' id='word_1_129' title='bbox 1796 1201 1843 1244; x_wconf 91' lang='lat' dir='ltr'>et</span> <span class='ocrx_word' id='word_1_130' title='bbox 1881 1195 2169 1251; x_wconf 80' lang='lat' dir='ltr'>annullavit,</span> <span class='ocrx_word' id='word_1_131' title='bbox 2211 1201 2260 1244; x_wconf 91' lang='lat' dir='ltr'>et</span> <span class='ocrx_word' id='word_1_132' title='bbox 2296 1196 2445 1250; x_wconf 62' lang='lat' dir='ltr'>fecit,</span> 
     </span>
     <span class='ocr_line' id='line_1_13' title="bbox 263 1279 2408 1346; baseline -0.004 -9"><span class='ocrx_word' id='word_1_133' title='bbox 263 1291 402 1338; x_wconf 80' lang='lat' dir='ltr'>etiam</span> <span class='ocrx_word' id='word_1_134' title='bbox 433 1288 605 1337; x_wconf 88' lang='lat' dir='ltr'>deinde</span> <span class='ocrx_word' id='word_1_135' title='bbox 645 1300 793 1334; x_wconf 89' lang='lat' dir='ltr'>unum</span> <span class='ocrx_word' id='word_1_136' title='bbox 835 1283 980 1332; x_wconf 88' lang='lat' dir='ltr'>alium</span> <span class='ocrx_word' id='word_1_137' title='bbox 1019 1281 1199 1329; x_wconf 87' lang='lat' dir='ltr'>librum</span> <span class='ocrx_word' id='word_1_138' title='bbox 1242 1282 1325 1346; x_wconf 86' lang='lat' dir='ltr'>qui</span> <span class='ocrx_word' id='word_1_139' title='bbox 1363 1286 1565 1329; x_wconf 89' lang='lat' dir='ltr'>vocatur</span> <span class='ocrx_word' id='word_1_140' title='bbox 1606 1281 1707 1330; x_wconf 90' lang='lat' dir='ltr'>‘Die</span> <span class='ocrx_word' id='word_1_141' title='bbox 1734 1279 2067 1343; x_wconf 84' lang='lat' dir='ltr'>sturmglock&#39;,</span> <span class='ocrx_word' id='word_1_142' title='bbox 2108 1285 2156 1328; x_wconf 87' lang='lat' dir='ltr'>et</span> <span class='ocrx_word' id='word_1_143' title='bbox 2181 1281 2284 1343; x_wconf 88' lang='lat' dir='ltr'>ipse</span> <span class='ocrx_word' id='word_1_144' title='bbox 2310 1294 2408 1328; x_wconf 90' lang='lat' dir='ltr'>non</span> 
     </span>
     <span class='ocr_line' id='line_1_14' title="bbox 264 1363 2445 1432; baseline -0.004 -11"><span class='ocrx_word' id='word_1_145' title='bbox 264 1375 352 1421; x_wconf 82' lang='lat' dir='ltr'>suit</span> <span class='ocrx_word' id='word_1_146' title='bbox 399 1374 459 1421; x_wconf 88' lang='lat' dir='ltr'>ita</span> <span class='ocrx_word' id='word_1_147' title='bbox 511 1371 665 1419; x_wconf 86' lang='lat' dir='ltr'>audax</span> <span class='ocrx_word' id='word_1_148' title='bbox 713 1368 841 1432; x_wconf 86' lang='lat' dir='ltr'>quod</span> <span class='ocrx_word' id='word_1_149' title='bbox 882 1366 1119 1415; x_wconf 84' lang='lat' dir='ltr'>scriberet</span> <span class='ocrx_word' id='word_1_150' title='bbox 1158 1381 1299 1414; x_wconf 89' lang='lat' dir='ltr'>suum</span> <span class='ocrx_word' id='word_1_151' title='bbox 1340 1380 1550 1422; x_wconf 88' lang='lat' dir='ltr'>nomen,</span> <span class='ocrx_word' id='word_1_152' title='bbox 1601 1365 1685 1414; x_wconf 89' lang='lat' dir='ltr'>sed</span> <span class='ocrx_word' id='word_1_153' title='bbox 1737 1365 1866 1414; x_wconf 88' lang='lat' dir='ltr'>misit</span> <span class='ocrx_word' id='word_1_154' title='bbox 1901 1365 2168 1414; x_wconf 88' lang='lat' dir='ltr'>Iohannem</span> <span class='ocrx_word' id='word_1_155' title='bbox 2206 1363 2445 1414; x_wconf 60' lang='lat' dir='ltr'>promer-1</span> 
     </span>
     <span class='ocr_line' id='line_1_15' title="bbox 262 1448 2412 1507; baseline -0.003 -2"><span class='ocrx_word' id='word_1_156' title='bbox 262 1457 384 1505; x_wconf 76' lang='lat' dir='ltr'>horu</span> <span class='ocrx_word' id='word_1_157' title='bbox 424 1471 566 1505; x_wconf 86' lang='lat' dir='ltr'>suum</span> <span class='ocrx_word' id='word_1_158' title='bbox 605 1469 782 1502; x_wconf 87' lang='lat' dir='ltr'>nomen</span> <span class='ocrx_word' id='word_1_159' title='bbox 820 1451 1065 1507; x_wconf 89' lang='lat' dir='ltr'>scribere,</span> <span class='ocrx_word' id='word_1_160' title='bbox 1106 1457 1159 1499; x_wconf 88' lang='lat' dir='ltr'>ut</span> <span class='ocrx_word' id='word_1_161' title='bbox 1196 1451 1335 1499; x_wconf 89' lang='lat' dir='ltr'>daret</span> <span class='ocrx_word' id='word_1_162' title='bbox 1372 1449 1463 1499; x_wconf 89' lang='lat' dir='ltr'>sibi</span> <span class='ocrx_word' id='word_1_163' title='bbox 1501 1450 1715 1499; x_wconf 89' lang='lat' dir='ltr'>medium</span> <span class='ocrx_word' id='word_1_164' title='bbox 1752 1449 1961 1507; x_wconf 89' lang='lat' dir='ltr'>lucrum,</span> <span class='ocrx_word' id='word_1_165' title='bbox 2001 1455 2118 1498; x_wconf 90' lang='lat' dir='ltr'>tunc</span> <span class='ocrx_word' id='word_1_166' title='bbox 2156 1448 2268 1498; x_wconf 86' lang='lat' dir='ltr'>velit</span> <span class='ocrx_word' id='word_1_167' title='bbox 2305 1463 2412 1498; x_wconf 81' lang='lat' dir='ltr'>esse</span> 
     </span>
     <span class='ocr_line' id='line_1_16' title="bbox 262 1533 2456 1601; baseline -0.003 -11"><span class='ocrx_word' id='word_1_168' title='bbox 262 1546 533 1597; x_wconf 79' lang='lat' dir='ltr'>contentuS,</span> <span class='ocrx_word' id='word_1_169' title='bbox 574 1540 685 1601; x_wconf 88' lang='lat' dir='ltr'>quia</span> <span class='ocrx_word' id='word_1_170' title='bbox 723 1538 848 1587; x_wconf 88' lang='lat' dir='ltr'>bene</span> <span class='ocrx_word' id='word_1_171' title='bbox 887 1536 1024 1585; x_wconf 89' lang='lat' dir='ltr'>scivit</span> <span class='ocrx_word' id='word_1_172' title='bbox 1062 1535 1191 1598; x_wconf 86' lang='lat' dir='ltr'>quod</span> <span class='ocrx_word' id='word_1_173' title='bbox 1229 1534 1474 1584; x_wconf 90' lang='lat' dir='ltr'>Iohannes</span> <span class='ocrx_word' id='word_1_174' title='bbox 1499 1533 1806 1584; x_wconf 83' lang='lat' dir='ltr'>Pfefferkorn</span> <span class='ocrx_word' id='word_1_175' title='bbox 1846 1539 1972 1583; x_wconf 89' lang='lat' dir='ltr'>esset</span> <span class='ocrx_word' id='word_1_176' title='bbox 2010 1533 2117 1583; x_wconf 90' lang='lat' dir='ltr'>talis</span> <span class='ocrx_word' id='word_1_177' title='bbox 2155 1534 2302 1582; x_wconf 89' lang='lat' dir='ltr'>bomo</span> <span class='ocrx_word' id='word_1_178' title='bbox 2330 1534 2456 1598; x_wconf 54' lang='lat' dir='ltr'>quial</span> 
     </span>
     <span class='ocr_line' id='line_1_17' title="bbox 262 1617 2440 1683; baseline -0.003 -9"><span class='ocrx_word' id='word_1_179' title='bbox 262 1627 503 1675; x_wconf 85' lang='lat' dir='ltr'>neminem</span> <span class='ocrx_word' id='word_1_180' title='bbox 545 1628 763 1678; x_wconf 84' lang='lat' dir='ltr'>curaret,</span> <span class='ocrx_word' id='word_1_181' title='bbox 814 1623 956 1670; x_wconf 88' lang='lat' dir='ltr'>etiam</span> <span class='ocrx_word' id='word_1_182' title='bbox 1008 1635 1145 1668; x_wconf 88' lang='lat' dir='ltr'>suam</span> <span class='ocrx_word' id='word_1_183' title='bbox 1198 1620 1374 1668; x_wconf 81' lang='lat' dir='ltr'>samam</span> <span class='ocrx_word' id='word_1_184' title='bbox 1421 1634 1520 1667; x_wconf 88' lang='lat' dir='ltr'>non</span> <span class='ocrx_word' id='word_1_185' title='bbox 1567 1624 1785 1676; x_wconf 88' lang='lat' dir='ltr'>curaret,</span> <span class='ocrx_word' id='word_1_186' title='bbox 1839 1618 2032 1683; x_wconf 90' lang='lat' dir='ltr'>quando</span> <span class='ocrx_word' id='word_1_187' title='bbox 2070 1619 2162 1667; x_wconf 89' lang='lat' dir='ltr'>nisi</span> <span class='ocrx_word' id='word_1_188' title='bbox 2198 1617 2440 1668; x_wconf 60' lang='lat' dir='ltr'>lucraret</span> 
     </span>
     <span class='ocr_line' id='line_1_18' title="bbox 260 1703 2447 1775; baseline -0.003 -16"><span class='ocrx_word' id='word_1_189' title='bbox 260 1711 517 1775; x_wconf 83' lang='lat' dir='ltr'>pecuniaS,</span> <span class='ocrx_word' id='word_1_190' title='bbox 569 1709 693 1757; x_wconf 91' lang='lat' dir='ltr'>sicut</span> <span class='ocrx_word' id='word_1_191' title='bbox 739 1707 922 1755; x_wconf 87' lang='lat' dir='ltr'>faciunt</span> <span class='ocrx_word' id='word_1_192' title='bbox 970 1719 1140 1753; x_wconf 89' lang='lat' dir='ltr'>omnes</span> <span class='ocrx_word' id='word_1_193' title='bbox 1188 1704 1352 1767; x_wconf 81' lang='lat' dir='ltr'>Iudei&#39;</span> <span class='ocrx_word' id='word_1_194' title='bbox 1427 1704 1487 1752; x_wconf 87' lang='lat' dir='ltr'>Et</span> <span class='ocrx_word' id='word_1_195' title='bbox 1541 1703 1736 1768; x_wconf 89' lang='lat' dir='ltr'>quando</span> <span class='ocrx_word' id='word_1_196' title='bbox 1786 1717 1878 1766; x_wconf 88' lang='lat' dir='ltr'>ego</span> <span class='ocrx_word' id='word_1_197' title='bbox 1927 1703 2023 1751; x_wconf 89' lang='lat' dir='ltr'>vidi</span> <span class='ocrx_word' id='word_1_198' title='bbox 2070 1703 2201 1766; x_wconf 90' lang='lat' dir='ltr'>quod</span> <span class='ocrx_word' id='word_1_199' title='bbox 2241 1710 2447 1753; x_wconf 82' lang='lat' dir='ltr'>eorum</span> 
     </span>
     <span class='ocr_line' id='line_1_19' title="bbox 263 1786 2443 1856; baseline -0.002 -13"><span class='ocrx_word' id='word_1_200' title='bbox 263 1800 401 1843; x_wconf 85' lang='lat' dir='ltr'>crant</span> <span class='ocrx_word' id='word_1_201' title='bbox 437 1792 548 1856; x_wconf 87' lang='lat' dir='ltr'>plus</span> <span class='ocrx_word' id='word_1_202' title='bbox 587 1807 730 1856; x_wconf 87' lang='lat' dir='ltr'>quam</span> <span class='ocrx_word' id='word_1_203' title='bbox 770 1806 1017 1846; x_wconf 88' lang='lat' dir='ltr'>meorum,</span> <span class='ocrx_word' id='word_1_204' title='bbox 1058 1795 1175 1838; x_wconf 89' lang='lat' dir='ltr'>tunc</span> <span class='ocrx_word' id='word_1_205' title='bbox 1214 1803 1303 1852; x_wconf 83' lang='lat' dir='ltr'>ego</span> <span class='ocrx_word' id='word_1_206' title='bbox 1343 1787 1491 1844; x_wconf 90' lang='lat' dir='ltr'>abivi;</span> <span class='ocrx_word' id='word_1_207' title='bbox 1542 1788 1626 1837; x_wconf 90' lang='lat' dir='ltr'>sed</span> <span class='ocrx_word' id='word_1_208' title='bbox 1668 1789 1737 1837; x_wconf 84' lang='lat' dir='ltr'>sui</span> <span class='ocrx_word' id='word_1_209' title='bbox 1774 1786 1911 1837; x_wconf 89' lang='lat' dir='ltr'>valde</span> <span class='ocrx_word' id='word_1_210' title='bbox 1950 1789 2102 1836; x_wconf 88' lang='lat' dir='ltr'>iratus</span> <span class='ocrx_word' id='word_1_211' title='bbox 2141 1787 2269 1851; x_wconf 89' lang='lat' dir='ltr'>quod</span> <span class='ocrx_word' id='word_1_212' title='bbox 2309 1789 2443 1854; x_wconf 63' lang='lat' dir='ltr'>ipsej</span> 
     </span>
     <span class='ocr_line' id='line_1_20' title="bbox 262 1870 2430 1937; baseline -0.002 -11"><span class='ocrx_word' id='word_1_213' title='bbox 262 1894 358 1926; x_wconf 87' lang='lat' dir='ltr'>non</span> <span class='ocrx_word' id='word_1_214' title='bbox 397 1878 486 1925; x_wconf 82' lang='lat' dir='ltr'>suit</span> <span class='ocrx_word' id='word_1_215' title='bbox 523 1875 679 1925; x_wconf 90' lang='lat' dir='ltr'>solus:</span> <span class='ocrx_word' id='word_1_216' title='bbox 727 1877 766 1923; x_wconf 89' lang='lat' dir='ltr'>si</span> <span class='ocrx_word' id='word_1_217' title='bbox 815 1875 1075 1924; x_wconf 83' lang='lat' dir='ltr'>fuissemus</span> <span class='ocrx_word' id='word_1_218' title='bbox 1124 1888 1212 1936; x_wconf 85' lang='lat' dir='ltr'>ego</span> <span class='ocrx_word' id='word_1_219' title='bbox 1253 1879 1300 1922; x_wconf 90' lang='lat' dir='ltr'>et</span> <span class='ocrx_word' id='word_1_220' title='bbox 1338 1874 1440 1937; x_wconf 90' lang='lat' dir='ltr'>ipse</span> <span class='ocrx_word' id='word_1_221' title='bbox 1478 1873 1635 1933; x_wconf 76' lang='grc' dir='ltr'><strong>εοΙυε,</strong></span> <span class='ocrx_word' id='word_1_222' title='bbox 1686 1887 1778 1935; x_wconf 83' lang='lat' dir='ltr'>ego</span> <span class='ocrx_word' id='word_1_223' title='bbox 1829 1871 1999 1922; x_wconf 88' lang='lat' dir='ltr'>vellem</span> <span class='ocrx_word' id='word_1_224' title='bbox 2039 1870 2285 1921; x_wconf 87' lang='lat' dir='ltr'>diabolum</span> <span class='ocrx_word' id='word_1_225' title='bbox 2324 1879 2430 1937; x_wconf 55' lang='lat' dir='ltr'>po-zss</span> 
     </span>
     <span class='ocr_line' id='line_1_21' title="bbox 261 1955 2456 2025; baseline -0.003 -13"><span class='ocrx_word' id='word_1_226' title='bbox 261 1963 428 2012; x_wconf 89' lang='lat' dir='ltr'>suisse.</span> <span class='ocrx_word' id='word_1_227' title='bbox 488 1960 667 2009; x_wconf 84' lang='lat' dir='ltr'>Valele.</span> <span class='ocrx_word' id='word_1_228' title='bbox 726 1961 898 2009; x_wconf 88' lang='lat' dir='ltr'>Datum</span> <span class='ocrx_word' id='word_1_229' title='bbox 939 1975 996 2007; x_wconf 86' lang='lat' dir='ltr'>ex</span> <span class='ocrx_word' id='word_1_230' title='bbox 1024 1955 1302 2021; x_wconf 85' lang='lat' dir='ltr'>Strassberg</span> <span class='ocrx_word' id='word_1_231' title='bbox 1343 1957 1480 2006; x_wconf 83' lang='lat' dir='ltr'>Feria</span> <span class='ocrx_word' id='word_1_232' title='bbox 1525 1962 1698 2021; x_wconf 86' lang='lat' dir='ltr'>quarta</span> <span class='ocrx_word' id='word_1_233' title='bbox 1724 1962 1836 2021; x_wconf 85' lang='lat' dir='ltr'>post</span> <span class='ocrx_word' id='word_1_234' title='bbox 1861 1958 2035 2006; x_wconf 83' lang='lat' dir='ltr'>festum</span> <span class='ocrx_word' id='word_1_235' title='bbox 2066 1956 2229 2006; x_wconf 82' lang='lat' dir='ltr'>Sancti</span> <span class='ocrx_word' id='word_1_236' title='bbox 2256 1956 2456 2025; x_wconf 46' lang='lat' dir='ltr'>Rern-[ns</span> 
     </span>
     <span class='ocr_line' id='line_1_22' title="bbox 260 2030 2428 2110; baseline -0.004 -15"><span class='ocrx_word' id='word_1_237' title='bbox 260 2047 414 2096; x_wconf 87' lang='lat' dir='ltr'>hardi.</span> <span class='ocrx_word' id='word_1_238' title='bbox 489 2046 627 2095; x_wconf 90' lang='lat' dir='ltr'>Anno</span> <span class='ocrx_word' id='word_1_239' title='bbox 665 2044 916 2095; x_wconf 88' lang='lat' dir='ltr'>Millesimo</span> <span class='ocrx_word' id='word_1_240' title='bbox 957 2044 1342 2110; x_wconf 82' lang='lat' dir='ltr'>quingentesimo</span> <span class='ocrx_word' id='word_1_241' title='bbox 1382 2042 1728 2092; x_wconf 81' lang='lat' dir='ltr'>decimosexto,</span> <span class='ocrx_word' id='word_1_242' title='bbox 2416 2030 2428 2055; x_wconf 60' lang='lat'>¹*</span> 
     </span>
    </p>
   </div>
   <div class='ocr_carea' id='block_1_3' title="bbox 830 2278 2453 2477">
    <p class='ocr_par' dir='ltr' id='par_1_3' title="bbox 830 2278 2453 2486">
     <span class='ocr_line' id='line_1_23' title="bbox 1039 2278 2430 2350; baseline 0 -19"><span class='ocrx_word' id='word_1_243' title='bbox 1039 2278 1133 2337; x_wconf 87' lang='grc'>48.</span> <span class='ocrx_word' id='word_1_244' title='bbox 1208 2279 1544 2350; x_wconf 88' lang='lat' dir='ltr'>Appendicis</span> <span class='ocrx_word' id='word_1_245' title='bbox 1583 2283 1630 2330; x_wconf 90' lang='lat'>7.</span> <span class='ocrx_word' id='word_1_246' title='bbox 2408 2297 2430 2342; x_wconf 67' lang='grc' dir='ltr'><strong>ζ</strong></span> 
     </span>
     <span class='ocr_line' id='line_1_24' title="bbox 830 2368 2453 2477; baseline -0.004 -22"><span class='ocrx_word' id='word_1_247' title='bbox 830 2395 1171 2455; x_wconf 83' lang='lat' dir='ltr'>Iacobus</span> <span class='ocrx_word' id='word_1_248' title='bbox 1234 2395 1321 2455; x_wconf 84' lang='lat' dir='ltr'>de</span> <span class='ocrx_word' id='word_1_249' title='bbox 1375 2393 1838 2477; x_wconf 83' lang='lat' dir='ltr'>Altaplatea</span> <span class='ocrx_word' id='word_1_250' title='bbox 2238 2427 2244 2432; x_wconf 91' lang='lat'>·</span> <span class='ocrx_word' id='word_1_251' title='bbox 2410 2368 2453 2467; x_wconf 35' lang='grc' dir='ltr'>ᾖ</span> 
     </span>
    </p>
   </div>
   <div class='ocr_carea' id='block_1_4' title="bbox 585 2502 2093 2567">
    <p class='ocr_par' dir='ltr' id='par_1_4' title="bbox 585 2502 2093 2567">
     <span class='ocr_line' id='line_1_25' title="bbox 585 2502 2093 2567; baseline -0.001 -16"><span class='ocrx_word' id='word_1_252' title='bbox 585 2508 897 2567; x_wconf 87' lang='lat' dir='ltr'>septenarum</span> <span class='ocrx_word' id='word_1_253' title='bbox 936 2508 982 2551; x_wconf 91' lang='lat' dir='ltr'>et</span> <span class='ocrx_word' id='word_1_254' title='bbox 1018 2502 1288 2552; x_wconf 86' lang='lat' dir='ltr'>liberalium</span> <span class='ocrx_word' id='word_1_255' title='bbox 1327 2517 1518 2551; x_wconf 90' lang='lat' dir='ltr'>necnon</span> <span class='ocrx_word' id='word_1_256' title='bbox 1555 2503 1880 2565; x_wconf 86' lang='lat' dir='ltr'>ingenuarum</span> <span class='ocrx_word' id='word_1_257' title='bbox 1917 2502 2093 2550; x_wconf 86' lang='lat' dir='ltr'>artium</span> 
     </span>
    </p>
   </div>
   <div class='ocr_carea' id='block_1_5' title="bbox 672 2545 2456 3014">
    <p class='ocr_par' dir='ltr' id='par_1_5' title="bbox 672 2545 2456 3014">
     <span class='ocr_line' id='line_1_26' title="bbox 2409 2545 2420 2575; baseline 0 0"><span class='ocrx_word' id='word_1_258' title='bbox 2409 2545 2420 2575; x_wconf 65' lang='grc' dir='ltr'>ί</span> 
     </span>
     <span class='ocr_line' id='line_1_27' title="bbox 672 2592 2456 2660; baseline 0.001 -17"><span class='ocrx_word' id='word_1_259' title='bbox 672 2600 718 2643; x_wconf 86' lang='lat' dir='ltr'>et</span> <span class='ocrx_word' id='word_1_260' title='bbox 755 2595 1086 2657; x_wconf 78' lang='lat' dir='ltr'>Sacratissime</span> <span class='ocrx_word' id='word_1_261' title='bbox 1126 2594 1389 2658; x_wconf 73' lang='lat' dir='ltr'>Theologie</span> <span class='ocrx_word' id='word_1_262' title='bbox 1427 2595 1679 2659; x_wconf 89' lang='lat' dir='ltr'>professor</span> <span class='ocrx_word' id='word_1_263' title='bbox 1716 2592 2019 2644; x_wconf 90' lang='lat' dir='ltr'>humillimus</span> <span class='ocrx_word' id='word_1_264' title='bbox 2393 2595 2456 2660; x_wconf 52' lang='grc' dir='ltr'>ᾆξ’</span> 
     </span>
     <span class='ocr_line' id='line_1_28' title="bbox 740 2664 2430 2750; baseline 0.001 -17"><span class='ocrx_word' id='word_1_265' title='bbox 740 2701 934 2735; x_wconf 89' lang='lat' dir='ltr'>necnon</span> <span class='ocrx_word' id='word_1_266' title='bbox 971 2687 1020 2734; x_wconf 89' lang='lat' dir='ltr'>in</span> <span class='ocrx_word' id='word_1_267' title='bbox 1060 2685 1303 2750; x_wconf 88' lang='lat' dir='ltr'>aliquibus</span> <span class='ocrx_word' id='word_1_268' title='bbox 1341 2686 1563 2750; x_wconf 87' lang='lat' dir='ltr'>partibus</span> <span class='ocrx_word' id='word_1_269' title='bbox 1601 2688 1650 2735; x_wconf 91' lang='lat' dir='ltr'>in</span> <span class='ocrx_word' id='word_1_270' title='bbox 1689 2687 1950 2736; x_wconf 85' lang='lat' dir='ltr'>Germania</span> <span class='ocrx_word' id='word_1_271' title='bbox 2390 2664 2430 2739; x_wconf 62' lang='lat' dir='ltr'>j.</span> 
     </span>
     <span class='ocr_line' id='line_1_29' title="bbox 820 2774 2444 2863; baseline 0.001 -38"><span class='ocrx_word' id='word_1_272' title='bbox 820 2777 1146 2841; x_wconf 77' lang='lat' dir='ltr'>hereticorum</span> <span class='ocrx_word' id='word_1_273' title='bbox 1176 2779 1406 2842; x_wconf 82' lang='lat' dir='ltr'>magister</span> <span class='ocrx_word' id='word_1_274' title='bbox 1432 2779 1480 2827; x_wconf 92' lang='lat' dir='ltr'>id</span> <span class='ocrx_word' id='word_1_275' title='bbox 1509 2787 1582 2827; x_wconf 86' lang='lat' dir='ltr'>est</span> <span class='ocrx_word' id='word_1_276' title='bbox 1607 2783 1859 2828; x_wconf 87' lang='lat' dir='ltr'>corrector</span> <span class='ocrx_word' id='word_1_277' title='bbox 2386 2774 2444 2863; x_wconf 44' lang='grc' dir='ltr'>,ᾗῇ</span> 
     </span>
     <span class='ocr_line' id='line_1_30' title="bbox 688 2861 2456 2927; baseline -0.002 -7"><span class='ocrx_word' id='word_1_278' title='bbox 688 2867 1022 2920; x_wconf 87' lang='lat' dir='ltr'>Ortvino</span> <span class='ocrx_word' id='word_1_279' title='bbox 1081 2867 1359 2920; x_wconf 79' lang='lat' dir='ltr'>Gratio</span> <span class='ocrx_word' id='word_1_280' title='bbox 1414 2869 1992 2921; x_wconf 83' lang='lat' dir='ltr'>Daventriensi</span> <span class='ocrx_word' id='word_1_281' title='bbox 2329 2861 2456 2927; x_wconf 38' lang='grc' dir='ltr'>,ξ’ῙῘ.Ἰ</span> 
     </span>
     <span class='ocr_line' id='line_1_31' title="bbox 990 2955 2456 3014; baseline 0.001 -4"><span class='ocrx_word' id='word_1_282' title='bbox 990 2963 1039 3010; x_wconf 93' lang='lat' dir='ltr'>in</span> <span class='ocrx_word' id='word_1_283' title='bbox 1082 2960 1276 3011; x_wconf 90' lang='lat' dir='ltr'>Colonia</span> <span class='ocrx_word' id='word_1_284' title='bbox 1318 2965 1460 3012; x_wconf 88' lang='lat' dir='ltr'>vitam</span> <span class='ocrx_word' id='word_1_285' title='bbox 1498 2962 1700 3011; x_wconf 87' lang='lat' dir='ltr'>trahens</span> <span class='ocrx_word' id='word_1_286' title='bbox 2388 2955 2456 3014; x_wconf 54' lang='grc' dir='ltr'><em>Η</em></span> 
     </span>
    </p>
   </div>
   <div class='ocr_carea' id='block_1_6' title="bbox 768 3052 2427 3107">
    <p class='ocr_par' dir='ltr' id='par_1_6' title="bbox 768 3052 2427 3107">
     <span class='ocr_line' id='line_1_32' title="bbox 768 3052 2427 3107; baseline 0.003 -5"><span class='ocrx_word' id='word_1_287' title='bbox 768 3053 984 3102; x_wconf 85' lang='lat' dir='ltr'>Salutem</span> <span class='ocrx_word' id='word_1_288' title='bbox 1024 3057 1071 3103; x_wconf 91' lang='lat' dir='ltr'>in</span> <span class='ocrx_word' id='word_1_289' title='bbox 1111 3054 1308 3103; x_wconf 90' lang='lat' dir='ltr'>domino</span> <span class='ocrx_word' id='word_1_290' title='bbox 1349 3061 1516 3104; x_wconf 90' lang='lat' dir='ltr'>nostro</span> <span class='ocrx_word' id='word_1_291' title='bbox 1553 3053 1671 3105; x_wconf 89' lang='lat' dir='ltr'>Iesu</span> <span class='ocrx_word' id='word_1_292' title='bbox 1707 3054 1906 3104; x_wconf 81' lang='lat' dir='ltr'>christo,</span> <span class='ocrx_word' id='word_1_293' title='bbox 2388 3052 2427 3107; x_wconf 62' lang='lat' dir='ltr'>&#39;11ss</span> 
     </span>
    </p>
   </div>
   <div class='ocr_carea' id='block_1_7' title="bbox 2421 3013 2456 4264">
    <p class='ocr_par' dir='ltr' id='par_1_7' title="bbox 2421 3013 2456 4264">
     <span class='ocr_line' id='line_1_33' title="bbox 2421 3013 2456 4264; baseline 0 -1069"><span class='ocrx_word' id='word_1_294' title='bbox 2421 3013 2456 4264; x_wconf 95' lang='lat' dir='ltr'>     </span> 
     </span>
    </p>
   </div>
   <div class='ocr_carea' id='block_1_8' title="bbox 265 3123 2439 3316">
    <p class='ocr_par' dir='ltr' id='par_1_8' title="bbox 265 3123 2430 3316">
     <span class='ocr_line' id='line_1_34' title="bbox 405 3123 2425 3231; baseline 0.002 -19"><span class='ocrx_word' id='word_1_295' title='bbox 405 3165 666 3228; x_wconf 86' lang='lat' dir='ltr'>Nunquam</span> <span class='ocrx_word' id='word_1_296' title='bbox 705 3166 796 3214; x_wconf 86' lang='lat' dir='ltr'>fuit</span> <span class='ocrx_word' id='word_1_297' title='bbox 835 3171 928 3215; x_wconf 82' lang='lat' dir='ltr'>tam</span> <span class='ocrx_word' id='word_1_298' title='bbox 970 3174 1106 3228; x_wconf 79' lang='lat' dir='ltr'>giata</span> <span class='ocrx_word' id='word_1_299' title='bbox 1144 3167 1374 3217; x_wconf 88' lang='lat' dir='ltr'>ruriculis</span> <span class='ocrx_word' id='word_1_300' title='bbox 1413 3167 1690 3217; x_wconf 88' lang='lat' dir='ltr'>dulcissima</span> <span class='ocrx_word' id='word_1_301' title='bbox 1717 3167 1880 3230; x_wconf 91' lang='lat' dir='ltr'>pluvia</span> <span class='ocrx_word' id='word_1_302' title='bbox 1906 3173 2129 3231; x_wconf 86' lang='lat' dir='ltr'>tempore</span> <span class='ocrx_word' id='word_1_303' title='bbox 2155 3167 2299 3231; x_wconf 81' lang='lat' dir='ltr'>longe</span> <span class='ocrx_word' id='word_1_304' title='bbox 2326 3123 2425 3222; x_wconf 56' lang='grc' dir='ltr'>εἰδὲ</span> 
     </span>
     <span class='ocr_line' id='line_1_35' title="bbox 265 3232 2439 3316; baseline 0.003 -20"><span class='ocrx_word' id='word_1_305' title='bbox 265 3249 444 3304; x_wconf 87' lang='lat' dir='ltr'>citatis,</span> <span class='ocrx_word' id='word_1_306' title='bbox 486 3263 644 3312; x_wconf 90' lang='lat' dir='ltr'>neque</span> <span class='ocrx_word' id='word_1_307' title='bbox 683 3249 754 3298; x_wconf 90' lang='lat' dir='ltr'>sol</span> <span class='ocrx_word' id='word_1_308' title='bbox 793 3257 902 3313; x_wconf 90' lang='lat' dir='ltr'>post</span> <span class='ocrx_word' id='word_1_309' title='bbox 939 3251 1109 3314; x_wconf 82' lang='lat' dir='ltr'>longas</span> <span class='ocrx_word' id='word_1_310' title='bbox 1147 3251 1374 3308; x_wconf 89' lang='lat' dir='ltr'>nebulas,</span> <span class='ocrx_word' id='word_1_311' title='bbox 1415 3268 1558 3316; x_wconf 87' lang='lat' dir='ltr'>quam</span> <span class='ocrx_word' id='word_1_312' title='bbox 1598 3252 1718 3300; x_wconf 87' lang='lat' dir='ltr'>mihi</span> <span class='ocrx_word' id='word_1_313' title='bbox 1756 3253 1845 3301; x_wconf 89' lang='lat' dir='ltr'>fuit</span> <span class='ocrx_word' id='word_1_314' title='bbox 1881 3252 2039 3301; x_wconf 89' lang='lat' dir='ltr'>littera</span> <span class='ocrx_word' id='word_1_315' title='bbox 2080 3258 2235 3302; x_wconf 88' lang='lat' dir='ltr'>vestra</span> <span class='ocrx_word' id='word_1_316' title='bbox 2275 3232 2439 3316; x_wconf 57' lang='lat' dir='ltr'>quatff</span> 
     </span>
    </p>
   </div>
   <div class='ocr_carea' id='block_1_9' title="bbox 265 3339 2427 3658">
    <p class='ocr_par' dir='ltr' id='par_1_9' title="bbox 265 3339 2423 3655">
     <span class='ocr_line' id='line_1_36' title="bbox 265 3339 2423 3409; baseline 0.002 -22"><span class='ocrx_word' id='word_1_317' title='bbox 265 3339 324 3388; x_wconf 88' lang='lat' dir='ltr'>ad</span> <span class='ocrx_word' id='word_1_318' title='bbox 363 3355 440 3388; x_wconf 89' lang='lat' dir='ltr'>me</span> <span class='ocrx_word' id='word_1_319' title='bbox 478 3339 575 3388; x_wconf 89' lang='lat' dir='ltr'>huc</span> <span class='ocrx_word' id='word_1_320' title='bbox 615 3341 674 3388; x_wconf 89' lang='lat' dir='ltr'>ad</span> <span class='ocrx_word' id='word_1_321' title='bbox 713 3341 919 3390; x_wconf 86' lang='lat' dir='ltr'>Romam</span> <span class='ocrx_word' id='word_1_322' title='bbox 960 3343 1170 3391; x_wconf 85' lang='lat' dir='ltr'>misistis.</span> <span class='ocrx_word' id='word_1_323' title='bbox 1246 3344 1450 3401; x_wconf 85' lang='lat' dir='ltr'>Quando</span> <span class='ocrx_word' id='word_1_324' title='bbox 1491 3358 1581 3406; x_wconf 84' lang='lat' dir='ltr'>ego</span> <span class='ocrx_word' id='word_1_325' title='bbox 1622 3360 1726 3392; x_wconf 89' lang='lat' dir='ltr'>eam</span> <span class='ocrx_word' id='word_1_326' title='bbox 1766 3343 1888 3408; x_wconf 87' lang='lat' dir='ltr'>legi,</span> <span class='ocrx_word' id='word_1_327' title='bbox 1938 3350 2056 3393; x_wconf 89' lang='lat' dir='ltr'>tunc</span> <span class='ocrx_word' id='word_1_328' title='bbox 2094 3345 2163 3393; x_wconf 85' lang='lat' dir='ltr'>fui</span> <span class='ocrx_word' id='word_1_329' title='bbox 2200 3345 2261 3392; x_wconf 91' lang='lat' dir='ltr'>ita</span> <span class='ocrx_word' id='word_1_330' title='bbox 2301 3347 2423 3409; x_wconf 50' lang='lat' dir='ltr'>gau«</span> 
     </span>
     <span class='ocr_line' id='line_1_37' title="bbox 265 3422 2422 3492; baseline 0.003 -20"><span class='ocrx_word' id='word_1_331' title='bbox 265 3423 512 3472; x_wconf 88' lang='lat' dir='ltr'>dibundus</span> <span class='ocrx_word' id='word_1_332' title='bbox 551 3425 681 3487; x_wconf 90' lang='lat' dir='ltr'>quod</span> <span class='ocrx_word' id='word_1_333' title='bbox 722 3424 928 3474; x_wconf 89' lang='lat' dir='ltr'>libenter</span> <span class='ocrx_word' id='word_1_334' title='bbox 969 3425 1235 3484; x_wconf 87' lang='lat' dir='ltr'>flevissem,</span> <span class='ocrx_word' id='word_1_335' title='bbox 1276 3429 1385 3491; x_wconf 89' lang='lat' dir='ltr'>quia</span> <span class='ocrx_word' id='word_1_336' title='bbox 1425 3428 1542 3476; x_wconf 89' lang='lat' dir='ltr'>mihi</span> <span class='ocrx_word' id='word_1_337' title='bbox 1582 3428 1833 3477; x_wconf 87' lang='lat' dir='ltr'>videbatur</span> <span class='ocrx_word' id='word_1_338' title='bbox 1872 3428 2000 3492; x_wconf 86' lang='lat' dir='ltr'>quod</span> <span class='ocrx_word' id='word_1_339' title='bbox 2041 3429 2136 3477; x_wconf 91' lang='lat' dir='ltr'>iam</span> <span class='ocrx_word' id='word_1_340' title='bbox 2175 3443 2332 3477; x_wconf 82' lang='lat' dir='ltr'>essem</span> <span class='ocrx_word' id='word_1_341' title='bbox 2369 3422 2422 3478; x_wconf 65' lang='lat' dir='ltr'>iu</span> 
     </span>
     <span class='ocr_line' id='line_1_38' title="bbox 266 3506 2427 3576; baseline 0.004 -20"><span class='ocrx_word' id='word_1_342' title='bbox 266 3506 464 3556; x_wconf 86' lang='lat' dir='ltr'>Colonia</span> <span class='ocrx_word' id='word_1_343' title='bbox 504 3508 548 3555; x_wconf 91' lang='lat' dir='ltr'>in</span> <span class='ocrx_word' id='word_1_344' title='bbox 591 3508 734 3556; x_wconf 90' lang='lat' dir='ltr'>domo</span> <span class='ocrx_word' id='word_1_345' title='bbox 774 3514 958 3565; x_wconf 77' lang='lat' dir='ltr'>vestia,</span> <span class='ocrx_word' id='word_1_346' title='bbox 1013 3511 1207 3572; x_wconf 88' lang='lat' dir='ltr'>quando</span> <span class='ocrx_word' id='word_1_347' title='bbox 1258 3511 1470 3560; x_wconf 89' lang='lat' dir='ltr'>bibimus</span> <span class='ocrx_word' id='word_1_348' title='bbox 1517 3527 1713 3576; x_wconf 90' lang='lat' dir='ltr'>semper</span> <span class='ocrx_word' id='word_1_349' title='bbox 1765 3527 1911 3561; x_wconf 89' lang='lat' dir='ltr'>unam</span> <span class='ocrx_word' id='word_1_350' title='bbox 1950 3512 2026 3561; x_wconf 91' lang='lat' dir='ltr'>vel</span> <span class='ocrx_word' id='word_1_351' title='bbox 2065 3513 2184 3562; x_wconf 86' lang='lat' dir='ltr'>duas</span> <span class='ocrx_word' id='word_1_352' title='bbox 2223 3514 2427 3576; x_wconf 61' lang='lat' dir='ltr'>quartas</span> 
     </span>
     <span class='ocr_line' id='line_1_39' title="bbox 265 3566 2413 3658; baseline 0.001 -19"><span class='ocrx_word' id='word_1_353' title='bbox 265 3593 427 3640; x_wconf 86' lang='lat' dir='ltr'>vinum</span> <span class='ocrx_word' id='word_1_354' title='bbox 468 3591 540 3639; x_wconf 89' lang='lat' dir='ltr'>vel</span> <span class='ocrx_word' id='word_1_355' title='bbox 581 3593 836 3655; x_wconf 78' lang='lat' dir='ltr'>cerevisie,</span> <span class='ocrx_word' id='word_1_356' title='bbox 889 3598 934 3640; x_wconf 90' lang='lat' dir='ltr'>et</span> <span class='ocrx_word' id='word_1_357' title='bbox 981 3592 1185 3641; x_wconf 86' lang='lat' dir='ltr'>lusimus</span> <span class='ocrx_word' id='word_1_358' title='bbox 1232 3596 1280 3641; x_wconf 90' lang='lat' dir='ltr'>in</span> <span class='ocrx_word' id='word_1_359' title='bbox 1331 3611 1518 3652; x_wconf 90' lang='lat' dir='ltr'>assere,</span> <span class='ocrx_word' id='word_1_360' title='bbox 1570 3597 1630 3642; x_wconf 84' lang='lat' dir='ltr'>ita</span> <span class='ocrx_word' id='word_1_361' title='bbox 1672 3595 1795 3658; x_wconf 77' lang='lat' dir='ltr'>letus</span> <span class='ocrx_word' id='word_1_362' title='bbox 1843 3597 1927 3644; x_wconf 87' lang='lat' dir='ltr'>fui.</span> <span class='ocrx_word' id='word_1_363' title='bbox 2005 3596 2099 3645; x_wconf 91' lang='lat' dir='ltr'>Sed</span> <span class='ocrx_word' id='word_1_364' title='bbox 2149 3611 2235 3644; x_wconf 89' lang='lat' dir='ltr'>vos</span> <span class='ocrx_word' id='word_1_365' title='bbox 2273 3566 2413 3650; x_wconf 52' lang='lat' dir='ltr'>vultss</span> 
     </span>
    </p>
   </div>
   <div class='ocr_carea' id='block_1_10' title="bbox 262 3744 2413 3873">
    <p class='ocr_par' dir='ltr' id='par_1_10' title="bbox 262 3744 2413 3873">
     <span class='ocr_line' id='line_1_40' title="bbox 376 3744 2413 3790; baseline 0.002 -5"><span class='ocrx_word' id='word_1_366' title='bbox 376 3744 392 3769; x_wconf 87' lang='lat'>³</span> <span class='ocrx_word' id='word_1_367' title='bbox 426 3745 643 3785; x_wconf 84' lang='lat' dir='ltr'>scribere:</span> <span class='ocrx_word' id='word_1_368' title='bbox 676 3749 733 3785; x_wconf 70' lang='lat' dir='ltr'>no</span> <span class='ocrx_word' id='word_1_369' title='bbox 768 3749 809 3786; x_wconf 87' lang='grc'>3.</span> <span class='ocrx_word' id='word_1_370' title='bbox 928 3745 1056 3788; x_wconf 70' lang='lat' dir='ltr'>onies,</span> <span class='ocrx_word' id='word_1_371' title='bbox 1081 3747 1129 3786; x_wconf 78' lang='lat' dir='ltr'>Si</span> <span class='ocrx_word' id='word_1_372' title='bbox 1163 3750 1204 3786; x_wconf 91' lang='lat'>3.</span> <span class='ocrx_word' id='word_1_373' title='bbox 1322 3746 1350 3771; x_wconf 84' lang='lat'>¹¹</span> <span class='ocrx_word' id='word_1_374' title='bbox 1389 3747 1644 3787; x_wconf 84' lang='lat' dir='ltr'>annullauit</span> <span class='ocrx_word' id='word_1_375' title='bbox 1675 3759 1689 3790; x_wconf 83' lang='lat'>2</span> <span class='ocrx_word' id='word_1_376' title='bbox 1723 3750 1838 3788; x_wconf 79' lang='lat' dir='ltr'>feeit</span> <span class='ocrx_word' id='word_1_377' title='bbox 1871 3753 1911 3790; x_wconf 89' lang='lat'>3.</span> <span class='ocrx_word' id='word_1_378' title='bbox 2025 3749 2055 3775; x_wconf 82' lang='lat'>¹3</span> <span class='ocrx_word' id='word_1_379' title='bbox 2086 3763 2216 3790; x_wconf 85' lang='lat' dir='ltr'>nome</span> <span class='ocrx_word' id='word_1_380' title='bbox 2247 3748 2334 3789; x_wconf 82' lang='lat' dir='ltr'>Sed</span> <span class='ocrx_word' id='word_1_381' title='bbox 2366 3744 2413 3790; x_wconf 70' lang='lat'>5.</span> 
     </span>
     <span class='ocr_line' id='line_1_41' title="bbox 262 3814 2166 3873; baseline 0.003 -17"><span class='ocrx_word' id='word_1_382' title='bbox 262 3816 419 3856; x_wconf 83' lang='lat' dir='ltr'>Iohan.</span> <span class='ocrx_word' id='word_1_383' title='bbox 444 3819 485 3859; x_wconf 91' lang='lat'>3.</span> <span class='ocrx_word' id='word_1_384' title='bbox 576 3815 610 3841; x_wconf 79' lang='lat'>¹5</span> <span class='ocrx_word' id='word_1_385' title='bbox 640 3818 704 3858; x_wconf 88' lang='lat' dir='ltr'>Io.</span> <span class='ocrx_word' id='word_1_386' title='bbox 731 3819 774 3856; x_wconf 83' lang='lat'>3.</span> <span class='ocrx_word' id='word_1_387' title='bbox 1198 3814 1234 3840; x_wconf 72' lang='lat'>²⁸</span> <span class='ocrx_word' id='word_1_388' title='bbox 1269 3817 1374 3857; x_wconf 83' lang='lat' dir='ltr'>Gra.</span> <span class='ocrx_word' id='word_1_389' title='bbox 1402 3820 1442 3857; x_wconf 88' lang='lat'>3.</span> <span class='ocrx_word' id='word_1_390' title='bbox 1531 3816 1566 3842; x_wconf 80' lang='lat'>3²</span> <span class='ocrx_word' id='word_1_391' title='bbox 1597 3814 1667 3857; x_wconf 59' lang='lat' dir='ltr'>lira</span> <span class='ocrx_word' id='word_1_392' title='bbox 1702 3822 1742 3859; x_wconf 82' lang='lat'>3.</span> <span class='ocrx_word' id='word_1_393' title='bbox 1767 3819 1827 3871; x_wconf 82' lang='lat' dir='ltr'>(ut</span> <span class='ocrx_word' id='word_1_394' title='bbox 1853 3821 1951 3870; x_wconf 84' lang='lat' dir='ltr'>fere</span> <span class='ocrx_word' id='word_1_395' title='bbox 1980 3819 2166 3873; x_wconf 81' lang='lat' dir='ltr'>ubique.)</span> 
     </span>
    </p>
   </div>
  </div>
 </body>
</html>
