2456 4264
245 231 268 288 1.
289 231 360 288 12
529 254 623 283 ῙΟΔ.
647 252 961 282 ΡΕΡΕΒΙΟΟΒΝῙ
983 252 1215 281 DEFENSIO
1238 251 1419 281 CONTRA
1442 250 1651 280 FAMOSAS
1676 252 1720 280 0.
1742 252 1785 281 V.
1811 251 2080 280 EPISTOLAS.

1109 381 1250 430 Nota
1286 381 1501 429 Primo.

380 497 421 543 (Ι
461 495 498 543 0
534 501 585 542 tu
624 494 926 552 Christiane,
964 495 1052 553 qui
1078 495 1172 541 ista
1207 494 1356 552 leqis,
1402 494 1551 553 aperi
1577 492 1774 540 obsecro
1815 493 1988 540 mentis
2023 497 2102 551 tue
2139 494 2303 540 oculos
2338 499 2387 541 et

236 583 339 628 noli
380 579 697 627 immoderato
740 577 922 636 fauore
961 578 1222 635 excecari,
1279 575 1398 624 Cum
1443 576 1659 624 Ioannes
1702 574 1947 623 Beuchlin
1987 577 2134 636 prius
2179 577 2385 624 misisset

235 664 632 712 consultationem
679 673 821 709 suam
867 662 967 708 sive
1016 661 1267 720 speculum
1311 673 1453 707 suum
1486 662 1690 707 oculare
1727 659 1799 706 ad
1833 659 2223 720 archipresulem
2264 660 2382 707 Mo-

230 748 491 806 quntinum
537 750 585 792 et
625 745 802 793 deinde
848 744 919 791 ad
965 745 1337 804 imperatorem,
1387 745 1553 791 nullas
1592 743 1776 790 adiecit
1811 743 2196 802 declarationes,
2242 746 2382 791 nulla
2400 759 2421 790 5

230 834 548 891 qlossemata,
602 832 769 878 nullas
809 830 1179 882 excusationes,
1226 826 1401 886 quibus
1444 826 1665 884 heretica
1707 839 1800 874 sua
1847 828 2038 887 scripta
2079 832 2290 875 verteret
2331 829 2383 875 in

235 916 418 974 melius,
455 915 630 962 Postea
668 926 783 961 vero
819 914 936 960 dum
965 918 1090 961 esset
1112 917 1159 959 et
1183 911 1246 959 ab
1274 910 1648 972 archiepiscopo
1667 910 1958 970 Moquntino
1975 915 2030 959 vet
2051 923 2084 958 a
2109 911 2265 959 tribus
2289 913 2386 959 illis

233 1000 523 1047 clarissimis
563 999 682 1046 viris
729 998 816 1057 (de
852 997 1027 1058 quibus
1063 996 1408 1057 supradictum
1444 998 1538 1056 est)
1587 996 1796 1054 aliisque
1830 1007 1979 1055 quam
2004 995 2235 1055 plurimis
2262 1008 2383 1043 cum

233 1096 324 1131 sua
339 1082 707 1130 'consultatione
738 1083 946 1129 reiectus
960 1119 971 1139 ‚
1020 1081 1301 1140 videretque
1336 1081 1605 1139 nequitiam
1640 1092 1784 1127 suam
1819 1080 1983 1127 multis
2016 1081 2247 1138 leqittime
2278 1092 2384 1141 pa-

234 1166 495 1226 tefactam,
547 1171 595 1214 et
639 1179 690 1214 se
734 1166 785 1213 in
820 1167 1049 1227 periculo
1099 1151 1312 1224 'infamie
1358 1164 1500 1225 apud
1538 1165 1804 1225 plerosque
1846 1164 2182 1226 constitutum,
2238 1176 2379 1211 suam
2400 1173 2440 1208 ιο

233 1252 454 1313 imprimi
482 1250 609 1309 fecit
634 1251 1059 1308 consultationem,
1092 1261 1239 1309 quam
1270 1247 1535 1309 Speculum
1570 1250 1775 1297 oculare
1811 1248 2100 1306 nominavit,
2141 1252 2190 1295 et
2223 1261 2383 1307 quas—

233 1336 350 1383 dam
378 1334 586 1383 Latinas
615 1335 978 1383 declarationes
1012 1335 1088 1382 illi
1122 1334 1327 1391 adiecit,
1374 1332 1681 1394 separabiles
1729 1337 1893 1380 tamen
1934 1331 2017 1391 (id
2044 1331 2179 1391 quod
2211 1333 2383 1393 pessi—

232 1433 363 1467 mum
399 1422 534 1479 erat)
575 1432 607 1467 a
636 1420 919 1480 principali
949 1422 996 1466 et
1028 1419 1212 1466 sontico
1248 1417 1397 1476 libr0,
1445 1417 1858 1476 quemadmodum
1890 1418 1991 1464 iam
2027 1417 2192 1464 statim
2221 1429 2383 1464 enar-

230 1499 397 1551 ratu-m
431 1508 515 1551 est.
551 1509 599 1550 et
614 1516 656 1551 c.
728 1503 840 1550 Iam
865 1503 1189 1561 considerate,
1224 1514 1252 1549 o
1284 1515 1365 1550 vos
1394 1501 1678 1562 Christiani,
1713 1506 1763 1550 et
1786 1500 1956 1561 favete
1983 1502 2192 1559 veritati,
2230 1500 2384 1558 Quale

234 1588 476 1648 (obsecro)
515 1589 709 1647 siqnum
739 1593 810 1635 est
852 1587 966 1649 hoc,
1015 1587 1150 1647 quod
1175 1586 1421 1635 Beuchlin
1467 1598 1564 1634 non
1609 1585 1829 1635 audebat
1871 1585 1964 1634 sibi
2002 1587 2103 1647 ipsi
2133 1585 2382 1644 confidere
2398 1596 2450 1630 1⁵-

231 1685 322 1720 nec
353 1673 480 1720 dare
505 1674 556 1719 in
583 1674 739 1720 lucem
756 1685 856 1732 per
881 1671 1130 1732 publicam
1156 1672 1520 1732 impressionem
1555 1683 1698 1718 suam
1723 1671 2124 1719 consultationem
2151 1670 2258 1718 sine
2287 1671 2383 1718 de-
2413 1718 2419 1721 ,

230 1756 596 1815 clarationibus,
624 1758 818 1816 qualem
837 1757 985 1817 prius
1009 1757 1112 1816 ipse
1138 1756 1324 1803 nudam
1348 1751 1612 1804 ediderat?
1641 1754 1732 1803 Est
1747 1754 1977 1816 profecto
2003 1756 2198 1814 siqnum
2217 1756 2383 1816 pessi-
2452 1739 2456 1741 ”

230 1854 384 1897 mum,
436 1840 570 1900 quod
609 1841 762 1901 ipsius
798 1841 987 1900 scripta
1023 1842 1183 1900 maqis
1216 1839 1614 1888 excusationibus
1652 1838 1977 1898 indiquerunt
2010 1851 2160 1900 quam
2191 1853 2284 1900 que
2319 1839 2382 1886 ab

226 1926 339 1973 aliis
374 1930 490 1972 tunc
523 1925 752 1985 temporis
780 1926 970 1985 scripta
1000 1923 1042 1982 s
1035 1938 1167 1973 uere.
1245 1923 1287 1971 (Ι
1323 1923 1381 1972 Si
1418 1925 1600 1984 aliquis
1633 1923 1976 1972 Reuchlinista
2006 1923 2239 1972 obiecerit
2262 1923 2383 1972 ‘Ne-

226 2010 496 2057 cessarium
525 2013 638 2057 erat
673 2009 1034 2058 declarationes
1070 2009 1293 2057 adiicere
1328 2013 1542 2070 propter
1588 2010 1720 2070 ipsos
1765 2008 2031 2069 theoloqos,
2072 2010 2162 2069 qui
2190 2010 2380 2070 scripta
2395 2018 2440 2053 20

224 2095 358 2142 illius
395 2092 694 2142 Theutonica
730 2095 860 2142 male
893 2093 1276 2150 intellexerunt,
1314 2092 1629 2155 Responde0,
1666 2095 1806 2142 illam
1835 2093 2147 2142 obiectionem
2183 2094 2379 2155 simpli-
2435 2147 2438 2149 Α

225 2180 349 2227 citer
383 2192 486 2227 esse
519 2180 710 2226 nullam
744 2185 793 2226 et
820 2178 1082 2237 frivolam,
1128 2180 1246 2238 quia
1283 2183 1400 2226 tunc
1438 2179 1670 2239 temporis
1705 2179 1850 2226 nulla
1882 2191 1935 2226 se
1970 2177 2138 2227 adhuc
2173 2179 2382 2226 univer-

226 2265 345 2311 sitas
381 2264 458 2310 illi
491 2264 694 2322 neqocio
728 2264 1096 2324 interposuerat
1127 2276 1285 2323 neque
1321 2263 1452 2311 iltius
1500 2263 1901 2311 consultationem
1948 2262 2158 2310 viderat,
2229 2262 2296 2311 Et
2328 2267 2384 2311 ut

227 2347 318 2396 hoc
358 2348 649 2407 adiunqam,
682 2349 979 2409 priusquam
1015 2349 1305 2409 impressum
1335 2345 1516 2405 fuisset
1548 2347 1613 2395 ab
1647 2347 1940 2396 adversario
1969 2349 2220 2409 speculum
2256 2360 2381 2396 ocu—

162 2445 166 2448 ’
227 2434 360 2491 lare,
398 2445 430 2479 a
464 2432 627 2480 multis
658 2434 758 2480 iam
792 2433 1135 2481 iureconsultis
1169 2437 1217 2480 et
1238 2433 1351 2480 aliis
1374 2432 1703 2480 solertissimis
1732 2433 1878 2481 laicis
1899 2445 2220 2494 sepenumero
2243 2433 2378 2482 reie-
2391 2440 2442 2477 π,

225 2520 357 2564 ctum
390 2514 507 2575 fuit.
545 2520 594 2564 et
609 2529 652 2564 c.
711 2511 733 2582 ΙΙ

119 2633 222 2688 (⁰34)
1057 2630 1210 2678 Nota
1247 2629 1544 2678 Secundo.

370 2741 412 2790 (Ι
450 2740 658 2790 Obiiciat
691 2756 823 2791 nunc
855 2743 984 2791 alius
1020 2742 1359 2792 Reuchlinista
1393 2744 1590 2792 sinistre
1625 2742 1925 2803 informatus
1956 2749 2004 2793 et
2034 2744 2158 2793 mihi
2177 2758 2376 2807 propo-

226 2831 329 2888 nat,
365 2827 534 2875 dicens
572 2825 668 2874 ‘Tu
703 2827 754 2874 in
784 2828 932 2889 culpa
969 2841 1044 2888 es,
1082 2828 1217 2888 quod
1247 2828 1464 2876 Ioannes
1483 2827 1730 2878 Reuchlin
1762 2830 1984 2891 imprimi
2013 2829 2140 2889 fecit
2173 2832 2376 2879 consul-

226 2914 454 2961 tationem
501 2924 644 2960 suam
685 2912 819 2972 quod
849 2914 1101 2974 speculum
1145 2915 1348 2962 oculare
1382 2919 1582 2973 vocant,
1633 2927 1746 2963 cum
1781 2915 1904 2976 ipsis
1937 2914 2369 2979 declarationibus,
2385 2930 2430 2967 ω

225 3011 281 3046 eo
326 2997 460 3058 quod
497 3003 548 3046 tu
601 3010 837 3058 expresse
882 3001 1056 3046 contra
1105 2998 1260 3058 ipsius
1300 3001 1703 3048 consultationem
1745 3000 1797 3047 in
1843 3001 2072 3049 manuali
2121 3005 2202 3051 tuo
2248 3000 2373 3050 libro
2410 2998 2418 3006 '

226 3083 469 3143 scripsisti
514 3085 562 3130 et
601 3082 739 3130 illam
785 3083 1088 3144 impuqnasti
1123 3087 1213 3130 aut
1255 3085 1441 3132 rectius
1474 3081 1788 3145 pervertisti'.
1859 3084 2153 3148 Respondeo
2197 3098 2371 3134 novam

225 3166 369 3214 istam
419 3166 729 3214 obiectionem
778 3165 971 3224 falsam
1025 3180 1153 3227 esse,
1204 3174 1253 3216 et
1303 3168 1396 3217 hoc
1450 3171 1542 3216 tali
1594 3171 1789 3218 ratione
1841 3171 1976 3231 quod
2025 3183 2115 3231 eqo
2169 3173 2220 3219 in
2265 3183 2373 3219 meo

224 3250 350 3299 libro
395 3251 622 3298 manuali
649 3249 976 3308 (Theutonice
1013 3253 1079 3300 ‘in
1114 3265 1292 3314 mynen
1329 3250 1659 3315 hantspeqel']
1704 3267 1960 3315 nunquam
2001 3269 2238 3316 expresse
2283 3260 2374 3310 aul
2403 3302 2405 3304 .

224 3334 383 3383 verbis
434 3336 619 3395 apertis
667 3337 822 3396 ipsius
874 3338 1278 3386 consultationem
1331 3339 1709 3400 nominaverim,
1766 3345 1855 3388 aut
1906 3339 1968 3388 de
2017 3341 2106 3388 illa
2157 3342 2367 3389 mentio—
2381 3354 2424 3397 as

223 3431 332 3466 nem
364 3417 600 3479 fecerim,
649 3433 931 3481 quanquam
966 3421 1060 3471 hoc
1088 3428 1249 3470 tamen
1282 3422 1392 3471 iure
1421 3423 1604 3483 facere
1631 3425 1922 3487 potuissem,
1971 3437 2029 3472 eo
2063 3425 2197 3486 quod
2229 3427 2369 3474 nulla

223 3508 335 3564 erat
369 3504 686 3566 consultatiO,
729 3509 778 3552 et
814 3506 948 3565 quod
978 3508 1100 3567 plus
1142 3508 1248 3568 ipse
1295 3512 1602 3569 apposuerat
1637 3509 1986 3558 consultationi
2017 3523 2103 3568 sue
2138 3523 2287 3570 quam
2323 3510 2373 3558 ei

222 3592 334 3636 erat
365 3587 655 3635 mandatum
695 3589 757 3636 ab
790 3589 1124 3654 Imperatore,
1171 3591 1338 3641 Etiam
1374 3593 1510 3652 quod
1551 3594 1663 3654 ipsa
1711 3598 1831 3642 tunc
1868 3595 2099 3655 temporis
2133 3594 2369 3642 mandato

223 3673 478 3734 imperiali
510 3672 664 3720 tribus
693 3673 791 3721 illis
826 3673 1103 3723 doctoribus
1140 3676 1371 3735 (quorum
1405 3681 1554 3724 antea
1583 3676 1697 3735 feci
1716 3679 2029 3740 mentionem)
2055 3677 2237 3738 fuisset
2269 3692 2374 3726 ex-

223 3756 397 3817 hibita,
448 3755 515 3804 Et
558 3757 620 3805 ab
654 3757 1030 3821 archiepiscopo
1066 3757 1356 3819 Moquntino
1396 3764 1443 3806 et
1469 3763 1829 3820 prenominatis
1873 3764 2154 3813 doctoribus
2180 3765 2366 3812 reiecta
2377 3776 2420 3823 4⁰

223 3856 315 3891 nec
344 3843 534 3902 celata,
581 3842 705 3890 mihi
746 3847 891 3902 atque
930 3844 1044 3892 aliis
1080 3843 1201 3891 data
1232 3843 1428 3903 fuisset.
1504 3843 1731 3894 Attamen
1770 3855 1822 3894 ut
1864 3852 1998 3897 tanto
2028 3850 2204 3898 iustius
2238 3862 2364 3909 αρε-
