2456 4264
402 260 722 292 nnmconm
745 261 959 292 cnnsvnA
979 260 1315 291 PnAEcssnssuns
1335 261 1577 290 amsa-oms
1600 261 1985 291 nnvcnmmsnm.
2157 239 2180 295 l
2202 239 2273 296 19

29 361 46 399 ὃ
102 399 255 462 pitor.
295 426 299 430 -
329 393 389 443 Si
418 405 542 454 erqo
576 394 690 460 talis
722 392 1069 454 interpretatio
1118 390 1559 451 (quemadmodum
1604 392 1710 452 ipse
1751 393 1854 439 vult
1902 392 1953 439 in
1989 391 2278 453 defensione

32 495 34 497 ·
109 495 223 540 sua,
248 481 433 529 >littera
467 491 493 526 t
521 479 754 527 columna
784 479 984 539 ultima)
1023 477 1075 524 in
1111 475 1360 524 diabolum
1394 477 1692 535 reflectitur,
1731 477 2031 536 siqnisicavit
2071 478 2270 526 archie-

99 567 382 630 piscopum>
402 562 567 623 fuisse
603 564 883 611 ministrum
938 560 1146 619 diaboli,
1200 564 1249 608 et
1300 561 1375 608 sic
1422 562 1663 609 commisit
1710 562 1889 610 iterum
1937 563 2126 611 crimen
2180 565 2277 622 lese

25 671 29 676 ·
108 649 379 701 miestatis
412 661 478 698 ac
513 649 683 697 ultimo
713 652 838 696 esset
872 644 1177 706 afficiendus
1215 645 1477 706 supplicio.
1551 645 1661 705 Hec
1699 650 1863 694 aulem
1899 659 2010 694 cum
2047 646 2277 706 transfe-

30 748 35 751 ·
73 736 242 787 »renti
255 747 341 784 ‘ex
374 733 561 782 auditis
595 739 644 781 et
687 733 903 781 aliorum
947 731 1164 791 acceptis
1201 743 1234 777 a
1269 743 1347 778 me
1379 730 1596 779 scedulis
1623 732 2035 792 pronunciarem‚
2072 738 2277 792 roqatus

26 824 39 846 '·
101 819 218 883 NJ
237 822 292 868 ut
322 819 418 867 boc
446 819 608 880 ipsum
645 829 972 880 apponerem,
1023 814 1158 876 quod
1194 815 1421 863 videlicet
1455 814 1672 863 Ioannes
1698 810 1720 882 ΙΙ
1744 814 1990 864 Reucblin
2019 818 2269 877 sepissime
2290 827 2389 881 (μ)

23 881 35 968 f
106 906 211 956 Ιιοῦ
233 905 379 954 modo
400 905 548 966 prior
575 902 793 952 Ortrvino
824 901 1127 963 scripsisset,
1163 904 1213 948 et
1245 899 1380 960 quod
1412 899 1657 949 Fumulus
1694 903 1859 948 noster
1897 900 2006 958 (cui
2040 902 2169 960 ienis
2205 909 2275 949 est

104 991 388 1054 provinus)
426 991 693 1037 Erasmum
717 986 1120 1041 Boterodamum‚
1159 987 1462 1045 eloquentem
1498 985 1577 1043 (ut
1604 984 1779 1045 audio)
1811 984 2086 1044 theoloqum
2113 986 2266 1033 inter-

105 1083 292 1138 mai-e
327 1074 528 1124 deberet
560 1078 610 1122 et
637 1073 880 1134 quidnam
912 1072 1019 1132 ipse
1055 1072 1107 1118 in
1145 1071 1372 1118 oratione
1411 1082 1505 1117 sua
1546 1069 1619 1118 ad
1661 1069 1828 1118 divam
1873 1070 2116 1130 virqinem
2150 1070 2274 1118 Ma-

22 1154 237 1215 L-nriassm
269 1160 596 1214 intellexerit,
644 1170 758 1207 cum
793 1158 866 1206 sic
901 1156 1122 1206 oraverit
1156 1160 1205 1204 et
1234 1155 1395 1204 indies
1434 1159 1564 1202 oret:
1618 1153 1676 1202 ‘0
1712 1153 1914 1210 Maria,
1965 1162 2016 1202 tu
2054 1168 2152 1203 non
2189 1169 2274 1203 so-

102 1247 206 1296 lun
239 1249 294 1295 es
319 1230 496 1294 nult-22²:
521 1243 656 1292 Iovis
691 1243 783 1291 sed
809 1245 971 1291 mater
1006 1237 1168 1289 Iovis'.
1209 1240 1516 1300 Intelliqenti
1549 1240 1688 1288 satis.
1763 1238 1908 1288 Patet
1943 1239 2098 1299 icitur
2142 1242 2276 1301 quod

4 1320 41 1373 «ἶ
101 1335 278 1382 mim
313 1329 562 1378 doctorem
599 1333 648 1377 et
671 1329 971 1388 maqistrum
1000 1325 1271 1375 Ortminum
1300 1325 1563 1375 scribendo
1594 1324 1721 1374 nibil
1755 1323 1994 1384 effecerit,
2031 1325 2123 1374 sed
2143 1327 2277 1388 quod

100 1416 316 1479 m
350 1414 779 1464 scandalizaverit
811 1424 870 1462 eo
906 1412 1042 1473 quod
1087 1412 1250 1460 instar
1284 1411 1433 1460 beani
1476 1411 1578 1459 sive
1620 1410 1932 1459 elementarii
1962 1407 2186 1472 pusionis
2221 1412 2273 1459 in

20 1484 44 1545 f
102 1501 323 1551 minis
343 1498 488 1560 falso
510 1506 558 1548 et
580 1499 675 1548 boc
700 1500 912 1548 scienter
931 1499 1205 1559 prestiterit
1227 1497 1293 1546 Et
1315 1497 1432 1546 inde
1456 1497 1600 1545 nulla
1623 1500 1697 1544 est
1717 1507 1874 1544 causa
1900 1495 2035 1556 quod
2056 1509 2138 1544 eos
2162 1496 2274 1544 odio

6 1557 458 1676 *umquatum
498 1586 600 1634 nisi
636 1585 772 1647 quod
802 1589 978 1633 contra
1016 1584 1343 1645 apostaticam
1379 1583 1537 1644 ipsius
1567 1582 1972 1630 consultationem
2003 1581 2090 1642 pie
2126 1585 2274 1642 atque

20 1687 35 1759 ,⁴
100 1671 436 1722 mestissime
466 1672 780 1734 scripserint.
858 1669 961 1718 Sed
1005 1669 1098 1729 hec
1138 1681 1275 1717 nunc
1314 1669 1492 1717 omitto.
1545 1680 1637 1716 nec
1674 1667 1779 1715 alia
1816 1667 2011 1716 ratione
2046 1666 2137 1726 bec
2171 1668 2274 1716 tria

100 1757 343 1808 notabilia
369 1757 589 1819 primum
622 1755 881 1805 adducere
917 1755 1073 1813 volui,
1111 1766 1262 1815 quam
1296 1757 1354 1802 ut
1382 1753 1498 1801 boni
1529 1751 1732 1801 videant
1768 1756 1817 1800 et
1843 1753 2094 1814 sapientes
2122 1765 2273 1813 quam

7 1826 30 1885 ff.
99 1843 222 1892 tows
252 1843 360 1905 ipse
394 1842 459 1890 sit
490 1841 769 1898 scribendo,
801 1853 952 1901 quam
989 1840 1162 1888 varius
1195 1839 1344 1887 etiam
1378 1843 1429 1887 et
1456 1839 1756 1897 inconstans,
1796 1838 1867 1886 ila
1904 1842 1959 1886 ut
1990 1838 2043 1885 in
2077 1839 2271 1886 centum

20 1911 29 1965 ²²
99 1928 215 1977 aliis
254 1928 376 1977 locis
419 1932 598 1976 auctor
639 1925 939 1987 frequenter
975 1925 1294 1974 contradicat
1332 1924 1427 1972 sibi
1468 1924 1589 1986 ipsi,
1646 1936 1713 1971 ex
1760 1936 1857 1984 quo
1902 1923 2104 1971 laudem
2151 1922 2275 1981 (nisi

0 1981 248 2157 ¹†apud
278 2011 540 2074 reprobos)
579 2011 765 2060 habere
802 2024 899 2060 non
933 2011 1129 2072 poterit.
1547 2007 1590 2055 (1
1626 2007 1859 2057 Secundo
1895 2009 2076 2071 icitur,
2112 2014 2168 2056 ut
2202 2008 2275 2056 ad

98 2099 319 2159 reliquos
369 2098 574 2159 epistole
623 2098 904 2159 prescriple
961 2096 1200 2144 articulos
1255 2095 1536 2153 deveniam,
1591 2093 1710 2155 Ipse
1760 2092 1979 2142 Ioannes
2022 2092 2270 2142 Reuchlin

17 2151 28 2256 ἓ
97 2184 285 2255 letatur
321 2187 371 2232 et
412 2182 607 2244 qaudet
650 2183 804 2242 (sicut
842 2183 894 2230 in
934 2181 1193 2243 principio
1235 2180 1437 2242 epistole
1481 2179 1677 2245 videtis)
1725 2179 1973 2228 doctorem
2008 2178 2270 2241 prefatum

19 2307 20 2310 η
99 2268 380 2318 Ανηοῖάιιηι
414 2268 603 2317 scilicet
633 2267 920 2316 ordinatum
950 2280 1055 2316 esse
1090 2278 1343 2315 censorem
1370 2266 1565 2326 neqocii
1586 2269 1634 2312 et
1655 2264 1910 2320 librorum,
1951 2264 2129 2314 Postea
2154 2277 2270 2313 vero

18 2383 20 2389 ν
98 2355 152 2404 in
186 2354 290 2404 suis
325 2353 577 2403 invectivis
611 2354 712 2401 sive
752 2351 957 2412 famosa
999 2364 1095 2401 sua
1132 2350 1447 2412 defensione,
1493 2350 1945 2399 scandalosissimis
1981 2349 2140 2399 verbis
2178 2350 2271 2399 hoc

25 2437 295 2501 musacium
327 2438 595 2488 detestatus
628 2441 715 2486 est.

17 2590 33 2599 „
241 2523 285 2572 ί
329 2521 491 2573 Tertio
523 2523 697 2572 scribit
730 2523 1098 2572 universitatem
1135 2527 1355 2571 nostram
1392 2535 1496 2570 esse
1531 2521 1770 2570 illustrem
1808 2520 1859 2568 in
1887 2520 2019 2569 omni
2042 2519 2271 2569 doctrina

20 2633 36 2642 -
97 2614 148 2659 el
164 2609 422 2671 meoloaos
444 2614 635 2659 nostros
662 2623 768 2658 esse
801 2608 1101 2658 reverendos
1136 2612 1185 2657 et
1212 2608 1533 2657 clarissimos.
1607 2605 1783 2655 Postea
1810 2618 1925 2654 vero
1961 2606 2012 2654 in
2047 2606 2150 2654 suis
2184 2608 2270 2655 in-

99 2696 292 2745 vociim‘s
319 2701 368 2744 et
394 2695 522 2744 libro
550 2694 888 2755 famosissimo
921 2695 1134 2755 deroyat
1167 2693 1346 2743 honori
1380 2693 1713 2741 universitatis
1746 2698 1911 2752 nostre
1953 2695 2002 2740 et
2032 2696 2269 2754 tanquam

98 2779 241 2830 homo
274 2781 752 2831 inconstantissimus
788 2781 1102 2842 theolooistas
1137 2793 1218 2829 eos
1253 2780 1492 2841 appellat.

30 2876 90 2935 ρο
242 2865 286 2914 a
331 2865 516 2925 Quarto
561 2865 735 2916 scribit
779 2866 1028 2916 doctorem
1065 2865 1344 2914 Arnoldum
1387 2862 1722 2927 proculdubio
1774 2867 1876 2911 tam
1925 2862 2269 2925 perspicacem

98 2964 204 3001 esse
232 2958 288 3001 ut
315 2954 539 3015 compati
562 2953 724 3015 possit
765 2952 998 3001 humanis
1042 2950 1437 3011 infirmitatibuS,
1480 2949 1657 3011 quibus
1695 2948 1853 2998 verbis
1889 2948 2011 2997 satis
2049 2949 2271 2997 insinuat

97 3049 152 3086 ee
182 3049 280 3087 non
316 3039 438 3087 satis
472 3038 715 3087 catholice
750 3039 1010 3100 scripsisse
1023 3075 1034 3091 ,
1083 3049 1141 3086 eo
1176 3037 1311 3098 quod
1345 3048 1610 3086 censuram
1652 3035 1956 3083 extimescat.
2032 3032 2099 3081 Et
2134 3046 2263 3095 pro-

95 3127 270 3184 pterea
305 3122 380 3172 ad
402 3124 608 3173 istorum
644 3124 1067 3184 confirmationem
1104 3136 1300 3185 semper
1336 3123 1487 3171 instat
1522 3126 1572 3169 et
1606 3121 1815 3182 instent,
1863 3123 1965 3168 tum
1994 3119 2137 3181 apud
2174 3120 2268 3180 Ce-

36 3270 40 3274 ,
95 3218 294 3257 caream
330 3207 669 3266 Maiestatem,
708 3214 808 3258 tum
848 3210 991 3271 apud
1018 3209 1408 3271 Parrhysienses
1437 3208 1590 3267 (sicut
1623 3207 1780 3268 ipsius
1818 3205 2025 3267 epistola
2062 3209 2269 3254 testatur

101 3292 175 3342 ad
205 3294 316 3343 illos
345 3295 523 3357 missa)
570 3299 624 3343 ut
656 3295 904 3344 silentium
951 3296 1237 3356 imponatur
1282 3299 1329 3342 el
1375 3307 1437 3341 ne
1479 3292 1603 3353 quid
1644 3297 1822 3341 contra
1859 3304 1970 3340 eum
2009 3295 2192 3351 aqatur
2222 3300 2271 3339 et
2341 3328 2343 3330 .

17 3295 310 3587 {idipsum
356 3393 491 3428 nunc
539 3381 591 3428 in
631 3381 786 3428 Curia
838 3382 1067 3429 Romana
1105 3379 1256 3439 facit.
1304 3379 1440 3440 quod
1477 3382 1707 3439 apertum
1756 3382 1830 3425 est
1868 3378 2017 3436 noxie
2053 3378 2263 3437 sianum,

94 3474 209 3513 oum
242 3464 336 3514 boc
371 3478 628 3526 nunquam
667 3478 699 3512 a
733 3467 912 3514 nostris
946 3466 1009 3513 sil
1041 3466 1244 3526 petitum
1282 3477 1440 3524 neque
1477 3463 1647 3512 adhuc
1688 3467 1904 3524 petatur.
1932 3457 1954 3530 ΙΙ
1982 3461 2246 3523 Nunquam
2264 3466 2378 3523 (5¹¹²)

27 3595 43 3633 3
97 3554 259 3599 autem
297 3551 467 3610 (sicuti
496 3564 584 3598 nos
608 3550 855 3612 facimus)
895 3551 1100 3610 instetit,
1140 3554 1193 3598 ut
1230 3549 1364 3611 quod
1398 3550 1577 3598 iustum
1608 3553 1681 3597 est
1716 3550 1885 3608 fieret,
1933 3555 1982 3597 et
2009 3548 2143 3609 quod
2171 3547 2262 3595 hoc

18 3636 37 3679 *¹
96 3643 262 3684 mm
291 3638 380 3691 sit,
418 3637 576 3697 ipsius
605 3637 798 3698 scripta
826 3639 1081 3685 testantur.
1122 3648 1291 3684 verum
1331 3635 1394 3684 de
1422 3634 1500 3683 his
1535 3635 1680 3683 alias.

21 3664 90 3856 k
240 3721 284 3769 ff
321 3721 496 3780 Quinto
530 3721 703 3771 scribit
746 3736 799 3771 se
842 3735 940 3770 non
987 3735 1080 3770 sua
1121 3723 1397 3771 temeritate
1445 3721 1550 3769 ulla
1598 3722 1649 3769 in
1696 3719 1830 3769 hanc
1869 3717 2170 3781 Charybdim
2217 3721 2265 3764 et

207 3902 245 3931 ⁸⁴
287 3903 503 3960 epistola]
537 3905 648 3946 data
681 3905 849 3960 Stuttg.
875 3920 982 3949 xnl.
1017 3905 1111 3949 kal.
1136 3905 1221 3947 Iul.
1248 3919 1289 3946 a.
1317 3904 1437 3946 1514.
1473 3903 1615 3958 (apud
1647 3901 1854 3944 Bulaeum
1885 3901 1962 3942 v1.
1987 3914 2028 3954 p.
2051 3899 2119 3941 63.
2144 3898 2264 3951 sqq.)
