2456 4264
328 305 658 335 convaTA'rlo
680 305 1051 335 VNIVERSITATIS
1074 306 1456 336 MOGVNTINENSIS
1480 308 1523 336 D.
1546 308 1590 336 D.
1613 303 1668 340 31.
1693 309 1794 338 OCT.
1817 309 1860 338 A.
1889 304 1983 342 ¹510.
2160 286 2240 345 97

71 439 191 487 tiam
228 450 329 499 per
366 435 623 498 predictos
667 438 822 485 latam
861 437 1082 496 fideliter
1124 440 1328 498 exequi,
1378 438 1469 486 sed
1506 440 1655 487 etiam
1682 435 1703 506 ΙΙ
1729 440 1779 487 in
1815 453 2053 500 processu
2099 442 2241 489 insti-
2264 442 2340 497 cij

71 521 253 571 tuendo
283 535 371 570 seu
405 519 690 570 exercendo
724 521 909 570 eisdem
940 521 1183 571 assistere.
1216 523 1330 571 dict.
1363 537 1477 585 cap.
1520 524 1582 574 Ut
1616 525 1965 587 inquisitionis,
2003 525 2246 574 Prohibe-

71 621 204 666 mus,
251 606 378 655 Ideo
410 600 683 655 consultum
723 607 918 654 videtur
953 607 1089 667 quod
1122 608 1353 668 inprimis
1386 608 1602 668 Cesarea
1640 609 1874 657 maiestas
1919 610 2123 659 mandet
2158 611 2247 659 sub

45 693 305 741 ·maximis
331 693 505 754 penis,
547 692 682 752 quod
703 691 903 753 persidi
922 691 1085 751 Iudei,
1124 697 1314 740 attenta
1341 693 1753 753 considerataque
1791 688 2025 753 diffamia
2056 709 2247 744 eorun-

37 778 211 837 5dem‚
248 777 384 838 quod
417 777 807 838 depravaverint
840 789 939 825 non
977 776 1121 825 modo
1156 777 1309 826 libros
1346 780 1522 827 veteris
1556 781 1853 838 testamenti,
1906 781 2079 840 quibus
2119 795 2247 842 per-

70 863 270 911 missum
304 866 378 910 est
404 863 477 910 eis
503 863 577 910 uti
609 863 661 910 in
687 861 969 924 Synaqoqis
999 876 1185 923 eorum,
1222 863 1315 912 sed
1342 864 1490 911 etiam
1519 876 1667 911 novos
1692 863 1855 920 libros,
1895 870 2059 926 utpote
2091 865 2247 914 Thal—

71 951 176 996 mut
210 952 260 996 et
285 949 556 1009 plerosque
592 949 742 1006 alios,
781 949 1168 1009 composuerint,
1207 950 1258 996 in
1294 948 1474 1009 quibus
1509 949 1708 996 sinistre
1743 954 1790 996 et
1814 962 2056 1010 perverse
2086 951 2248 997 inter-

67 1036 336 1094 pretantur
369 1034 526 1092 leyem
556 1032 848 1095 Mosaycam
861 1068 873 1088 ‚
901 1033 1183 1094 prophetas
1217 1038 1267 1081 et
1294 1034 1616 1094 psalterium,
1654 1034 1828 1081 varias
1859 1035 2250 1096 multiplicesque

71 1118 268 1178 hereses
307 1118 359 1165 in
398 1118 584 1166 eisdem
627 1119 775 1166 etiam
821 1123 999 1167 contra
1042 1120 1197 1178 leqem
1245 1131 1387 1166 suam
1425 1118 1889 1177 disseminaverunt,
1942 1123 1997 1166 ut
2042 1119 2254 1167 tradunt

5 1212 61 1248 ’.ιο
73 1203 321 1262 doctores,
367 1204 588 1273 maxime
622 1202 969 1262 Innocentius,
1013 1202 1234 1251 Ioannes
1271 1201 1475 1263 Andree
1519 1208 1568 1252 et
1603 1203 1993 1251 Panormitanus
2035 1205 2086 1252 in
2134 1218 2248 1266 cap.

71 1287 148 1337 De
175 1292 283 1336 voto
317 1292 368 1337 et
389 1289 488 1336 voti
509 1289 862 1351 redemptione,
903 1301 1070 1336 omnes
1093 1288 1246 1337 libros
1276 1302 1389 1337 suos
1414 1272 1787 1350 quibuscunque
1810 1289 1964 1336 titulis
1989 1290 2253 1352 inscriptos

8 1383 26 1421 ἰ
70 1372 341 1422 exhibeant
373 1373 678 1434 traduntque
713 1374 978 1422 diocesano
1006 1373 1096 1422 sub
1130 1386 1227 1434 quo
1263 1379 1444 1439 aqunt,
1478 1379 1527 1423 et
1559 1374 1842 1435 inquisitori
1868 1374 2082 1433 heretice
2109 1387 2250 1435 pra-

71 1459 236 1508 vitatis
270 1457 338 1507 Et
371 1459 739 1520 requisitionem
773 1459 1045 1508 eorundem
1097 1460 1171 1507 ad
1214 1459 1562 1520 indaqandum
1578 1497 1589 1519 ,
1636 1459 2031 1519 coqnoscendum
2067 1472 2135 1506 an
2175 1459 2206 1517 (
2202 1464 2255 1507 ut

71 1548 145 1594 est
169 1543 373 1606 publica
415 1557 513 1610 vox
547 1547 596 1592 et
624 1542 802 1605 fama)
837 1544 1058 1605 predicti
1091 1545 1211 1593 libri
1244 1544 1523 1604 Iudeorum
1556 1547 1657 1594 sint
1692 1546 1817 1593 tales
1863 1545 1943 1604 (ut
1972 1545 2253 1607 prescribi-

11 1642 62 1678 -ιε
75 1631 198 1691 tur),
234 1627 379 1688 Quod
405 1630 452 1678 si
484 1629 674 1677 trutina
707 1631 1037 1691 examineque
1072 1631 1330 1691 utriusque
1361 1632 1529 1691 linque
1558 1635 1658 1679 tam
1683 1630 1860 1690 Latine
1891 1643 2040 1691 quam
2063 1629 2255 1689 Hebree

64 1715 345 1776 peritorum
376 1715 597 1763 virorum
633 1714 886 1776 adhibitis,
927 1715 1197 1778 depravati
1218 1716 1505 1777 heresisque
1531 1715 1644 1765 labe
1682 1717 2033 1765 commaculati
2067 1718 2259 1778 reperti

72 1803 123 1848 et
142 1801 331 1860 coyniti
349 1798 562 1861 suerint,
600 1800 904 1850 ordinarius
933 1801 1027 1849 sibi
1062 1802 1298 1851 adiuncto
1333 1803 1622 1862 inquisitore
1647 1802 1860 1861 heretice
1874 1802 2146 1864 pravitatis
2168 1802 2254 1849 in·—

0 1923 17 1946 ,.
73 1890 305 1947 (exponat
336 1886 466 1934 vices
496 1898 631 1945 suas,
666 1891 714 1935 et
748 1899 862 1935 cum
893 1886 1179 1935 huiusmodi
1210 1887 1352 1935 libris
1384 1892 1508 1946 aqat
1534 1887 1952 1948 quemadmodum
1977 1899 2090 1935 cum
2114 1886 2256 1934 libris

13 2013 24 2026 ,
73 1970 404 2029 hereticorum
434 1971 524 2031 aqi
547 1972 819 2030 consuevit,
859 1976 908 2020 et
940 1974 1090 2020 etiam
1120 1972 1538 2032 quemadmodum
1575 1973 1689 2020 olim
1726 1985 1838 2020 cum
1864 1973 2049 2020 eisdem
2085 1973 2163 2019 vel
2183 1972 2254 2019 eis

14 2056 330 2116 asime'libus,
370 2060 426 2105 ut
459 2055 640 2105 Ioann.
677 2057 730 2104 in
766 2056 943 2106 Innoc.
976 2057 1026 2105 d.
1056 2071 1100 2105 c.
1143 2057 1286 2115 Quod
1318 2071 1471 2119 super
1507 2062 1556 2105 et
1579 2057 1784 2105 Felinus
1821 2057 1872 2104 in
1910 2070 1956 2105 c.
1999 2055 2253 2104 Canonum

73 2146 259 2191 statuta
293 2141 369 2191 De
402 2142 825 2191 constitutionibus
861 2144 912 2190 in
947 2157 1010 2191 J.
1049 2143 1141 2192 col.
1189 2141 1445 2203 referunt,
1487 2156 1586 2204 per
1627 2155 1839 2190 summos
1879 2143 2138 2203 pontifices
2174 2143 2253 2188 vi·-

75 2228 255 2277 delicet
289 2227 584 2288 Greyorium
620 2233 670 2276 et
703 2227 1048 2277 Innocentium
1085 2234 1318 2289 quartum
1349 2236 1513 2277 actum
1545 2233 1631 2288 est,
1675 2227 1770 2286 Qui
1794 2227 1946 2275 libros
1984 2227 2252 2286 Iudeorum

74 2313 299 2363 comburi
317 2311 568 2373 fecerunt,
595 2314 971 2375 punieruntque
1007 2314 1235 2363 docentes
1270 2321 1317 2363 et
1344 2319 1484 2363 tenen
1492 2319 1562 2363 tes
1598 2313 1795 2373 hereses
1832 2314 1882 2360 in
1919 2312 2102 2360 eisdem
2127 2325 2253 2361 con—

77 2403 252 2460 tentas,
291 2397 714 2457 Quemadmodum
749 2401 898 2448 etiam
932 2401 1187 2460 eleqanter
1223 2400 1600 2448 iurisconsultus
1633 2400 1683 2447 in
1715 2398 1773 2448 L.
1805 2397 1972 2457 Celere
2009 2397 2253 2457 Diqestor.

21 2484 268 2535 uFamil.
311 2483 522 2534 hercisc.
561 2484 625 2533 de
660 2484 802 2533 libris
839 2484 1111 2547 improbate
1147 2486 1368 2534 lectionis
1398 2484 1535 2545 sorte
1572 2485 1794 2544 maqicis,
1832 2489 1880 2532 et
1909 2483 1985 2531 his
2020 2482 2258 2530 similibus

74 2569 195 2632 sore
226 2570 469 2633 precipit,
518 2569 638 2618 Cum
670 2571 902 2632 protinus
947 2552 1142 2619 eosdem
1185 2570 1301 2619 boni
1333 2575 1382 2620 et
1409 2571 1681 2620 innocentis
1719 2565 1898 2619 iudicis
1934 2567 2102 2628 officio
2136 2581 2256 2616 cor—

19 2640 38 2697 ?
77 2654 384 2719 nempendos
416 2655 623 2705 censuit.
664 2656 717 2703 in
753 2655 831 2704 his
867 2657 1021 2717 iqitur
1050 2656 1273 2705 omnibus
1307 2661 1356 2705 et
1388 2657 1599 2718 sinqulis
1630 2658 1780 2705 etiam
1815 2661 1991 2704 contra
2012 2667 2259 2716 personas

85 2740 357 2804 [acdeorum
401 2741 449 2790 si
489 2742 540 2790 in
578 2741 853 2790 discutione
900 2755 1051 2801 cause
1099 2747 1396 2804 oportunum
1442 2742 1688 2791 videbitur
1696 2779 1710 2807 ‚
1759 2743 1877 2790 iura
1923 2741 2170 2790 canonica
2199 2739 2258 2787 ob

75 2825 308 2887 savorem
342 2826 467 2887 fidei
499 2831 663 2886 nostre
699 2828 989 2890 simpliciter
1023 2831 1072 2876 et
1107 2828 1169 2876 de
1194 2830 1358 2891 plano
1384 2828 1602 2890 procedi
1629 2841 1776 2890 posse
1811 2827 1990 2876 docent
2019 2839 2132 2888 cap.
2165 2827 2256 2885 fin.

24 2920 69 2961 a·
83 2912 158 2962 De
190 2912 393 2973 heretic.
430 2911 515 2963 lib.
566 2911 652 2962 VI.
725 2912 767 2960 (1
803 2912 1044 2972 Preterea
1080 2914 1230 2962 etiam
1267 2914 1411 2964 dictis
1448 2915 1640 2963 decano
1676 2918 1727 2962 et
1764 2913 2046 2962 doctoribus
2077 2910 2260 2971 facul-

81 3001 197 3050 tatis
238 2999 453 3058 iuridice
490 2997 736 3060 expedire
770 2999 990 3059 videtur,
1038 3004 1093 3048 ut
1135 3001 1208 3049 sic
1255 3001 1458 3060 neqocio
1494 2999 1727 3062 perfecto
1759 3005 1807 3047 et
1841 2999 2059 3047 absoluto
2095 3010 2261 3045 omnes

32 3116 37 3123 -
82 3083 200 3136 libri
230 3084 503 3146 Iudeorum
532 3085 584 3132 in
624 3085 837 3145 quolibet
872 3085 1112 3134 decennio
1148 3087 1298 3134 semel
1332 3088 1409 3135 vel
1437 3086 1708 3135 secundum
1746 3084 1882 3145 quod
1915 3084 2068 3132 visum
2101 3081 2266 3141 fuerit

82 3169 427 3220 remitterentur
457 3183 558 3232 per
602 3170 921 3219 diocesanum
966 3178 1014 3219 et
1048 3171 1389 3232 inquisitorem
1431 3172 1645 3231 heretice
1689 3170 1982 3231 pravitatis,
2028 3167 2261 3216 adhibitis

83 3254 238 3307 doctis
267 3256 390 3305 viris
415 3257 465 3304 in
494 3264 708 3317 utraque
733 3257 912 3317 linqua
936 3264 984 3306 et
1009 3257 1193 3307 Latina
1218 3262 1266 3306 et
1292 3257 1562 3319 Hebraica,
1595 3269 1657 3304 ne
1684 3256 1933 3303 maculam
1962 3254 2111 3302 semel
2141 3252 2259 3299 abs-

34 3344 275 3393 uternam
311 3354 424 3391 cum
459 3354 643 3402 maqno
674 3342 801 3401 fidei
837 3342 1120 3403 Christiane
1157 3332 1467 3392 incommodo
1506 3343 1587 3402 (ut
1623 3348 1772 3389 antea
1805 3339 2003 3400 sactum
2038 3342 2134 3399 est)
2171 3351 2259 3385 re—

29 3419 44 3502 }
83 3426 194 3478 dire
225 3429 493 3489 continqat.
518 3424 541 3495 Η

31 3525 66 3596 t

33 3597 53 3699 ly,
196 3637 218 3668 ²
246 3641 277 3683 i.
302 3654 344 3682 e.
370 3654 473 3695 cap.
503 3639 568 3685 18.
593 3641 640 3681 in
670 3639 770 3681 VI0.
802 3641 873 3681 De
904 3639 1066 3681 haeret.
1084 3639 1138 3680 V.
1162 3640 1202 3679 2.
1227 3639 1265 3689 §-
1291 3639 1609 3679 Prohibemus.
1698 3636 1730 3663 ¹¹
1765 3652 1803 3681 c.
1828 3636 1883 3677 de
1917 3637 2011 3678 voti
2044 3648 2058 3679 2
2093 3649 2161 3676 νο.
2188 3647 2256 3673 re-

32 3706 57 3777 ξ’)
89 3709 235 3767 ae¹¹¹9·
261 3714 298 3756 1·
416 3711 453 3739 ²⁰
483 3716 534 3753 Vt
565 3713 631 3753 1¹¹·
657 3711 819 3761 Io-Jan.
845 3712 893 3752 in
924 3711 965 3752 d.
991 3725 1029 3753 c.
1054 3710 1114 3764 qd'
1147 3711 1224 3762 sup
1256 3723 1271 3754 2
1306 3709 1386 3751 fel.
1412 3710 1459 3750 in
1492 3723 1530 3753 c.
1555 3712 1592 3750 1.
1710 3708 1747 3734 ²⁸
1779 3708 2002 3749 discutioe
2036 3706 2136 3758 (pro
2169 3704 2256 3743 dis-

37 3782 59 3824 .“
90 3785 319 3836 evasione)
352 3787 390 3826 1.

195 4011 306 4053 En.
332 4025 590 4056 onscvnon.
615 4025 775 4054 vmon.
1853 4009 1882 4055 7
