2456 4264
368 264 474 295 von.
498 265 531 293 1.
592 260 647 293 25.
672 264 885 293 PHILIPPI
909 264 1211 293 scunrroms.
1301 261 1358 295 26.
1382 265 1581 296 Au'romx
1603 269 1937 300 nunnus'rADn.
2164 251 2240 308 39

70 399 255 458 meri
289 399 342 448 in
377 395 592 454 artibuS,
631 395 719 446 sed
759 409 931 445 omnes
966 393 1140 444 volunt
1177 409 1285 444 esse
1321 401 1483 462 poete.
1555 397 1664 460 Ego
1713 398 1872 448 habeo
1924 415 2077 451 unum
2126 407 2242 454 ami-

69 501 183 545 um
218 485 305 550 qui
341 486 416 532 est
450 480 612 546 bonus
650 481 862 536 iuvenis,
913 484 963 529 et
1007 478 1158 530 habet
1206 481 1450 545 optimum
1488 482 1765 545 ingenium,
1815 489 1863 534 et
1899 492 2130 549 parentes
2168 491 2243 539 sui

69 573 310 627 aberunt
345 582 456 618 eum
496 565 558 616 ad
595 565 873 628 Ingelstad,
914 569 964 614 et
1002 578 1094 627 ego
1133 564 1248 615 dedi
1286 566 1330 615 ei
1366 565 1557 617 litteras
1594 570 1975 633 promotoriales
2002 572 2062 621 ad
2090 589 2242 638 quen-

8 657 186 760 ὃρηι,
214 644 506 716 magistrum
545 651 629 716 qui
666 650 795 701 bene
833 656 907 700 est
944 650 1251 716 qualificatus
1287 653 1336 701 in
1377 651 1596 711 artibus,
1647 659 1694 702 et
1742 669 1875 704 nunc
1923 657 2080 706 tendit
2126 673 2241 722 pro-

12 739 251 817 me
287 738 350 788 ad
375 737 600 800 gradum
639 737 926 786 doctoratus
963 736 1014 784 in
1052 735 1346 800 Theologia:
1396 742 1516 787 tunc
1567 739 1660 788 iste
1710 740 1899 789 iuvenis
1937 745 2144 792 recessit
2181 744 2241 794 ab

8 844 30 885 ρ,
53 824 426 886 ·ffi‡.magiswo
464 828 514 872 et
549 823 683 872 venit
719 821 780 871 ad
817 820 1161 870 Philomusum
1201 827 1423 887 poetam,
1466 828 1513 872 et
1551 823 1686 872 audit
1722 823 1959 874 lectiones
1998 827 2117 877 eius,
2182 830 2243 879 Et

11 890 412 974 {jeminei-eor
446 906 578 956 illius
613 906 817 966 iuvenis,
856 906 1128 956 secundum
1156 907 1287 972 quod
1315 909 1555 974 scriptum
1583 913 1654 958 est
1681 908 2064 960 proverbiorum
2092 923 2239 969 XIX:

13 981 36 1003 t·

41 996 357 1068 a§gneratur
393 992 592 1042 domino
632 993 716 1057 qui
753 993 1016 1041 miseretur
1054 991 1329 1056 pauperis’;
1383 994 1495 1057 quia
1545 994 1586 1041 si
1635 994 1817 1042 mansit
1853 1009 2010 1059 usque
2048 997 2109 1045 ad
2149 998 2240 1047 hoc

8 1010 260 1300 &pus
295 1077 427 1144 apud
463 1076 605 1127 illum
642 1078 959 1141 magistrum,
1008 1081 1129 1125 tunc
1166 1077 1262 1126 iam
1303 1083 1432 1127 esset
1468 1077 1827 1127 baccalauriuS.
1906 1079 2002 1129 Sed
2053 1083 2123 1130 sic
2170 1084 2239 1131 ni-

164 1171 272 1227 ent,
310 1165 456 1214 etiam
498 1162 540 1212 si
575 1161 740 1212 studet
776 1162 949 1212 decem
987 1176 1147 1211 annos
1183 1163 1234 1211 in
1271 1163 1478 1226 poetria.
1553 1163 1658 1226 Ego
1697 1164 1797 1212 scio
1826 1165 1956 1228 quod
1985 1167 2127 1215 etiam
2155 1167 2240 1216 ha-

10 1311 12 1313 ,
40 1251 193 1307 ,ὴά
224 1248 404 1310 multas
440 1262 586 1298 vexas
622 1246 683 1297 ab
721 1247 827 1297 istis
863 1247 1024 1312 poetis
1060 1246 1381 1312 secularibus.
1434 1250 1655 1311 quamvis
1683 1250 1816 1298 enim
1842 1264 1927 1298 vos
1955 1252 2069 1300 estis
2097 1253 2241 1302 etiam

60 1342 237 1408 peta,
274 1341 440 1386 tamen
477 1348 578 1383 non
617 1333 732 1383 estis
769 1332 880 1382 talis
917 1337 1080 1398 poeta.
1156 1333 1243 1382 sed
1283 1347 1371 1382 vos
1409 1335 1584 1383 tenetis
1624 1349 1738 1383 cum
1777 1333 2011 1393 ecelesia,
2054 1341 2239 1386 etcum

0 1384 166 1477 §hoo
196 1422 315 1486 estis
349 1419 480 1471 hene
517 1418 753 1469 fundatus
789 1418 840 1466 in
866 1417 1154 1483 Theologia.
1231 1423 1279 1468 et
1317 1418 1515 1484 quando
1545 1418 1820 1484 compilatis
1848 1407 2082 1478 carmina,
2123 1427 2241 1470 tunc

10 1459 319 1565 &wisunt
355 1506 417 1556 de
453 1503 767 1562 vanitatibuS,
807 1503 892 1554 sed
933 1503 994 1554 de
1033 1502 1262 1554 laudibus
1301 1509 1604 1553 sanctorum.
1680 1504 2026 1555 Libentissime
2066 1505 2239 1556 vellem

10 1534 192 1719 kaim
226 1591 479 1658 quomodo
516 1595 671 1641 staret
720 1590 984 1654 negocium
1032 1587 1169 1639 illum
1218 1605 1333 1639 cum
1381 1588 1585 1639 doctore
1623 1589 1882 1640 Reuchlin.
1959 1592 1999 1640 si
2038 1606 2239 1655 possum

49 1671 117 1731 sin
151 1677 248 1729 hoc
282 1676 416 1728 utilis
453 1693 561 1728 esse
599 1675 754 1743 vobiS,
793 1681 914 1726 tunc
951 1675 1224 1738 significate
1261 1674 1382 1725 mihi
1410 1681 1458 1724 et
1483 1673 1629 1724 simul
1655 1675 1882 1726 scribatis
1908 1675 2028 1725 mihi
2056 1678 2235 1727 omnia.

12 1732 42 1841 ἶ
64 1769 116 1816 οι
146 1762 328 1815 valete.

1105 1997 1193 2056 26.

10 1985 53 2231 t
624 2114 1019 2177 Antonius
1066 2113 1662 2175 Rubenstadius

12 2212 59 2371 ’9
587 2228 975 2299 Magistro
1034 2228 1371 2281 Ortvino
1428 2226 1711 2280 Gratio

18 2380 35 2428 ‘·›
56 2345 282 2410 Salutem
319 2362 381 2397 ex
418 2344 622 2396 cordiali
660 2345 839 2395 affectu
886 2342 1205 2394 amicabiliter
1254 2348 1405 2409 optat.
1481 2342 1791 2394 Venerabilis
1839 2343 2038 2394 domine
2087 2346 2240 2410 magi-

14 2416 197 2509 }stet,
241 2433 407 2484 sciatis
444 2431 577 2497 quod
614 2445 844 2496 pronunc
882 2445 983 2479 non
1022 2429 1184 2479 habeo
1222 2434 1418 2493 tempus
1457 2428 1517 2478 ad
1557 2427 1879 2478 scribendum
1919 2428 1979 2479 de
2018 2429 2125 2479 aliis
2163 2446 2241 2480 re-

16 2510 37 2592 3':
64 2516 169 2583 1⁸¹⁸.ss
194 2533 296 2569 non
332 2515 474 2568 valde
509 2517 827 2573 necessariiS‚
868 2515 955 2565 sed
993 2520 1186 2565 tantum
1224 2514 1568 2579 respondeatis
1605 2513 1727 2564 mihi
1765 2513 1825 2564 ad
1852 2529 2001 2564 unam
2029 2517 2241 2580 questio-

16 2616 182 2670 ’χω
215 2618 366 2670 quam
402 2603 474 2653 sic
511 2616 768 2669 propono:
818 2600 996 2651 Utrum
1045 2600 1220 2670 doctor
1268 2601 1319 2648 in
1366 2601 1476 2649 iure
1525 2604 1753 2650 teneatur
1799 2600 1964 2650 facere
2011 2616 2242 2651 reveren-

15 2689 188 2755 chm
219 2689 457 2754 magistro
493 2693 665 2738 nostro
705 2688 788 2753 qui
826 2702 927 2737 non
965 2686 1152 2737 incedit
1189 2687 1241 2735 in
1279 2685 1466 2736 habitu.
1542 2685 1630 2735 Est
1679 2690 1843 2735 autem
1894 2684 2089 2735 habitus
2138 2702 2241 2735 ma—

67 2773 335 2844 Momm
369 2778 684 2832 nostrorum,
733 2773 861 2823 sicut
907 2773 1066 2831 scitiS‚
1121 2771 1372 2838 caputium
1411 2785 1646 2837 magnum
1688 2786 1801 2821 cum
1849 2770 2083 2836 liripipio.
2159 2772 2245 2821 Est

39 2857 154 2921 hin
184 2874 325 2915 ¹unns
372 2858 547 2911 doctor
599 2859 683 2926 qui
731 2865 804 2910 est
849 2863 1110 2925 promotus
1158 2859 1209 2908 in
1258 2863 1471 2923 utroque
1521 2859 1630 2908 iure
1670 2862 1718 2906 et
1755 2855 1905 2906 habet
1943 2857 2243 2906 inimicitiam

70 2959 184 3011 enm
217 2945 452 3012 magistro
489 2950 661 2996 nostro
699 2945 848 2996 Petro
875 2945 1029 2995 Meier
1066 2942 1295 3010 plebano.
1374 2943 1435 2992 Et
1471 2957 1633 3007 nuper
1672 2941 1883 2991 obviavit
1920 2941 2013 2990 sibi
2051 2943 2101 2991 in
2140 2941 2243 3006 pla-

30 3035 173 3090 ΰίοι.
221 3031 417 3099 quando
462 3031 697 3095 magister
746 3036 915 3081 noster
952 3030 1131 3080 Petrus
1179 3044 1280 3078 non
1327 3029 1411 3079 ivit
1459 3030 1510 3078 in
1549 3026 1746 3085 habitu,
1798 3032 1915 3076 tunc
1953 3026 2032 3077 ille
2070 3028 2244 3078 iurista

18 3125 175 3181 §m
209 3116 328 3170 tecit
364 3117 410 3167 ei
445 3117 788 3168 reverentiam.
863 3116 924 3166 Et
970 3121 1142 3181 postea
1192 3116 1284 3165 suit
1331 3115 1516 3165 dictum
1555 3113 1687 3178 quod
1726 3127 1827 3162 non
1865 3111 1991 3162 bene
2031 3112 2241 3169 fecisset,

36 3201 184 3270 &a
228 3202 375 3257 etiam
423 3202 465 3254 si
511 3208 641 3253 esset
686 3202 916 3252 inimicus
964 3203 1093 3259 eius,
1142 3206 1308 3251 tamen
1358 3199 1564 3250 deberet
1611 3199 1656 3248 ei
1695 3198 1858 3248 facere
1897 3199 2240 3255 reverentiam,

31 3273 273 3362 {mter
306 3286 551 3339 honorem
589 3302 728 3353 sacre
766 3286 1052 3351 Theologie.
1130 3285 1253 3344 Quia
1293 3285 1498 3336 deberet
1537 3298 1643 3334 esse
1682 3283 1907 3333 inimicus
1946 3298 2155 3347 persone
2197 3290 2244 3332 et

27 3364 67 3405 ‘5‘
117 3427 154 3441 ,Ι
186 3368 421 3440 scientie.
496 3373 610 3439 quia
658 3373 880 3437 magistri
925 3378 1041 3422 sunt
1087 3373 1135 3421 in
1181 3370 1291 3421 loco
1342 3369 1696 3437 apostolorum.
1772 3368 1843 3418 De
1894 3368 2072 3434 quibus
2121 3370 2241 3416 scri-

216 3504 217 3508 ,
256 3464 355 3510 est:
406 3458 579 3518 ‘Quam
628 3459 840 3523 speciosi
878 3457 1032 3525 pedes
1072 3456 1510 3521 evangelizantium
1552 3455 1708 3512 bona,
1760 3454 2115 3520 predicantium
2157 3468 2241 3516 pa-

202 3582 218 3595 .
289 3550 594 3611 quapropter
633 3545 673 3594 si
710 3544 920 3610 speciosi
959 3548 1074 3592 sunt
1110 3543 1263 3608 pedes
1311 3558 1510 3599 eorum,
1564 3545 1747 3605 quanto
1795 3540 1950 3603 magis
1999 3540 2154 3603 capita
2197 3543 2244 3586 et

283 3628 467 3680 debent
505 3645 614 3681 esse
652 3629 890 3696 speciosa.
966 3628 1028 3678 Et
1065 3628 1257 3679 videtur
1295 3627 1425 3693 quod
1465 3626 1624 3675 omnis
1662 3625 1836 3683 homo,
1878 3624 2020 3674 etiam
2062 3622 2241 3688 princi-

188 3840 207 3869 '⁸
236 3840 325 3897 sic]
363 3843 398 3884 si
430 3845 552 3885 1...3.
585 3848 656 3883 aut
688 3843 751 3883 Et
781 3843 850 3883 sic
881 3846 953 3882 aut
988 3841 1099 3892 ,etsi
1129 3842 1394 3882 scribendum
1425 3847 1504 3881 est.
1586 3838 1791 3879 miserior
1822 3842 1863 3879 2.
1936 3835 1969 3862 ¹⁵
2002 3834 2081 3874 illst
2119 3835 2237 3874 1...3.

190 3910 230 3939 ²⁰
258 3914 320 3955 M.
344 3916 461 3958 1...3.
550 3912 586 3939 ²²
616 3913 763 3955 Uterfi
798 3917 841 3955 3.
930 3910 968 3939 ²⁸
1001 3924 1102 3953 cum
1134 3913 1252 3954 omis.
1276 3915 1318 3953 3.
1410 3913 1568 3963 Meyer
1602 3912 1643 3950 3.
