2456 4264
127 1929 156 1969 §.
170 1931 223 1966 67.

269 286 387 344 482
944 305 1274 335 ιιοωΗεΤΒΑΤνε
1298 306 1444 335 ovans
1464 304 1708 334 manocvs.

265 456 416 504 gerem
454 447 506 486 ut
542 438 841 499 responderes
879 450 959 497 per
997 437 1179 482 verbum
1217 437 1358 482 Credo
1407 443 1452 481 et
1488 435 1585 481 Non
1623 437 1780 487 credo,
1831 437 1981 484 addito
2021 436 2274 484 dilemmate
2310 439 2401 484 Aut

263 512 393 558 crede
430 516 508 556 aut
544 511 589 554 in
627 511 774 568 ignem
811 506 921 551 ibis:
960 506 1193 553 abstinebo
1233 513 1382 551 tamen
1420 508 1506 551 vim
1543 519 1686 552 meam
1724 522 1748 553 a
1789 513 1852 558 te,
1890 510 1994 568 quia
2033 524 2082 555 es
2120 522 2172 553 ex
2196 522 2398 558 numero,

261 590 312 627 ut
348 580 458 630 dixi,
496 579 710 629 fratrum,
760 576 924 637 quibus
970 576 1080 622 solis
1116 575 1221 623 licet
1257 577 1465 622 haeresim
1502 578 1685 636 impune
1729 576 1975 629 affirmare,
2025 579 2158 624 modo
2207 580 2400 624 suaviter

259 665 341 712 per
378 665 473 696 eam
510 649 810 695 blandiantur.
870 662 958 707 qua
995 647 1048 692 de
1087 662 1244 698 causa,
1283 647 1405 707 quod
1442 645 1651 692 omnibus
1689 647 1970 708 exploratum
2007 656 2090 699 est,
2129 649 2399 710 parcendum

258 722 414 767 censui
451 720 633 765 Thomae
658 718 868 765 Caietano
907 717 1246 763 haereticissima
1282 716 1567 763 confirmanti
1606 717 1651 762 in
1689 730 1742 763 eo
1778 717 1934 764 libello
1971 719 2044 764 cui
2082 718 2264 765 titulum
2291 719 2436 764 secit5

257 792 331 837 ‘De
368 796 593 852 potestate
632 789 792 835 summi
829 784 1090 839 Pontificis'‚
1129 795 1174 833 et
1209 789 1316 833 item
1354 787 1598 833 reverendo
1637 788 1755 848 patri
1791 788 1920 834 fratri
1945 788 2174 849 Sylvestro
2199 790 2399 839 Prierati‚

256 875 347 908 non
385 862 531 907 solum
569 859 778 906 haeretica
816 859 894 904 sed
931 860 1063 905 etiam
1109 872 1390 905 communem
1439 872 1620 904 sensum
1666 858 1885 918 fugientia
1929 859 2211 912 defendenti;
2263 874 2401 920 quan-

256 947 389 994 quam
426 932 491 977 illi
529 932 761 977 fructuose
799 937 974 981 errant,
1012 930 1223 975 nimirum
1261 931 1304 974 in
1343 943 1435 973 rem
1464 929 1644 974 Ordinis
1670 931 1840 981 nostri,
1881 937 1928 975 tu
1954 936 2104 975 autem
2130 932 2397 990 perniciose,

253 1010 305 1049 ut
340 1017 497 1064 parum
535 1001 744 1062 deinceps
781 1002 1029 1061 propitium
1053 999 1313 1046 Pontificem
1351 1001 1490 1044 simus
1527 999 1751 1051 habituri,
1790 1005 1834 1045 et
1861 999 2152 1060 frugaliorem
2178 1007 2397 1061 quaestum

253 1086 305 1119 ex
342 1075 532 1134 pietate,
583 1087 717 1133 quem
764 1071 1042 1117 uberrimum
1087 1071 1234 1117 reddit
1284 1070 1409 1130 larga
1456 1070 1746 1131 superstitio,
1796 1072 1835 1116 si
1884 1072 1945 1116 ita
1981 1084 2247 1131 pergamus:
2295 1073 2396 1132 quis
2419 1081 2456 1112 ιο

253 1151 401 1190 autem
440 1145 536 1189 sani
573 1142 731 1204 capitis
769 1157 851 1188 suo
889 1141 974 1187 sibi
1011 1143 1213 1188 iumento
1250 1141 1415 1187 malum
1453 1140 1658 1187 advehit?

391 1227 539 1262 LEvs.
609 1213 727 1274 Ego,
767 1219 986 1273 quantum
1023 1212 1252 1272 intelligo,
1290 1212 1395 1273 plus
1422 1212 1691 1258 studendum
1716 1212 1857 1259 favori
1882 1211 2015 1258 nobis
2039 1212 2237 1273 parando
2265 1226 2396 1273 quam

253 1285 438 1332 utilitati
475 1284 693 1346 publicae,
732 1283 837 1345 plus
875 1284 1021 1329 ventri
1059 1298 1193 1344 quam
1230 1282 1370 1329 menti
1408 1282 1551 1328 bonae.

389 1368 779 1403 HOOHSTRATVS.
856 1354 1060 1405 Scilicet,
1109 1354 1287 1415 quando
1336 1353 1586 1399 ordinatam
1631 1353 1898 1400 charitatem
1933 1368 1959 1399 a
1996 1367 2045 1399 se
2083 1355 2276 1414 quisque
2312 1368 2395 1399 no-

248 1433 393 1472 strum
431 1428 628 1487 incipere
666 1425 849 1476 debeat,
896 1426 1018 1471 iuxta
1056 1427 1309 1471 sanctiones
1349 1431 1607 1470 sanctorum
1645 1425 1907 1476 doctorum,
1954 1425 2041 1471 hoc
2077 1431 2148 1471 est
2183 1437 2266 1485 per
2302 1438 2393 1470 em·
2416 1433 2452 1465 ¹5»

246 1497 420 1558 phasim
467 1497 609 1543 sancti
655 1496 836 1542 Thomae
884 1495 1168 1556 opinionem:
1225 1509 1370 1557 neque
1417 1496 1602 1546 iniuria,
1652 1488 1756 1556 quia
1801 1496 1953 1542 tunica
1999 1495 2138 1556 pallio
2186 1496 2393 1556 propior.

245 1567 331 1613 Sed
366 1569 509 1613 miror
546 1567 646 1628 quis
684 1567 857 1613 daemon
894 1573 939 1611 te
977 1566 1127 1612 subito
1165 1566 1459 1612 dementavit:
1498 1566 1650 1612 iuvisti
1686 1579 1758 1612 me
1795 1567 2028 1618 hactenus,
2068 1566 2202 1612 modo
2227 1566 2393 1612 videris

243 1638 501 1685 adversari?

380 1721 670 1757 LVPOLDVS.
746 1708 938 1768 Tempus
987 1714 1033 1753 et
1080 1707 1216 1753 lectio
1254 1707 1488 1753 meliorem
1526 1713 1722 1753 mentem
1759 1708 1959 1754 indidere
1997 1714 2043 1753 et
2077 1708 2393 1769 potentissima

241 1779 432 1830 veritas,
472 1793 574 1840 quae
612 1777 814 1838 (videbis)
852 1778 995 1824 multo
1034 1784 1239 1839 tempore
1277 1793 1527 1840 suppressa
1563 1778 1696 1824 modo
1734 1785 1871 1840 caput
1908 1785 2059 1825 exeret
2084 1778 2155 1826 vel
2183 1779 2389 1825 omnihus
2407 1789 2449 1820 ιη)

241 1849 375 1896 nobis
411 1850 581 1896 invitis.

380 1932 772 1968 HOCHSTRA'BVS.
846 1919 894 1965 Id
940 1934 997 1965 ne
1044 1919 1145 1971 fiat,
1195 1921 1233 1965 si
1281 1934 1413 1966 nemo
1452 1918 1590 1972 alius,
1641 1919 1774 1966 facile
1810 1919 1981 1966 cavebit
2017 1935 2135 1966 unus
2173 1920 2390 1982 Hierony-

239 2005 338 2037 mus
375 1991 620 2043 Aleander,
661 2004 793 2052 quem
831 1990 989 2037 Eccius
1030 1989 1129 2042 ille,
1169 1990 1418 2037 secundum
1457 2004 1528 2036 me
1554 1991 1767 2042 Roscius,
1808 1991 2141 2052 disputatorum
2179 1992 2247 2036 vir
2283 1991 2390 2038 fide-

235 2061 435 2108 lissimus

375 2146 664 2182 LVPOLDVS.
737 2132 791 2179 ad
828 2132 1112 2178 evertendam
1150 2132 1281 2178 fidem
2401 2143 2442 2174 25

375 2217 768 2252 HocHSTRA‘rvs.
840 2210 894 2249 ut
931 2218 1133 2249 summus
1170 2203 1378 2250 Pontifex
1414 2203 1615 2250 mitteret
1651 2203 1706 2250 ad
1732 2203 2039 2255 Germaniam,
2079 2204 2249 2256 effecit,
2291 2210 2390 2250 tan-⁴

237 2289 371 2336 quam
408 2275 619 2321 eximium
656 2282 901 2336 patronum
936 2274 1130 2320 labentis
1169 2275 1506 2335 superstitionis
1543 2281 1591 2320 et
1625 2274 1873 2327 barbariei,
1914 2275 1991 2336 qui
2017 2277 2270 2321 instructus
2296 2275 2386 2321 ele-

234 2346 519 2406 gantioribus
546 2346 705 2392 studiis
732 2334 883 2391 eadem
909 2345 1007 2406 ipsa
1034 2343 1128 2392 suis
1154 2345 1290 2391 armis
1330 2347 1494 2406 opinor
1521 2345 1652 2392 facile
1689 2345 1864 2392 fundet.
1937 2345 2198 2393 Conciliavit
2234 2353 2382 2392 autem

230 2416 452 2463 Aleandro
489 2417 669 2463 Eccium
706 2431 882 2463 morum
919 2416 1194 2475 similitudo,
1244 2431 1345 2477 quae
1390 2415 1616 2462 vinculum
1653 2423 1725 2462 est
1760 2416 2065 2463 firmissimum
2094 2417 2159 2463 ·ad
2194 2416 2383 2478 conglu-

233 2487 441 2534 tinandos
479 2487 674 2540 animos,
723 2488 899 2534 etiamsi
936 2487 1033 2534 haec
1070 2494 1141 2533 est
1177 2479 1512 2548 pu‘gnacissima
1547 2487 1795 2534 similitudo
1834 2494 1880 2533 et
1917 2502 2018 2549 quae
2055 2487 2225 2548 alioqui
2264 2487 2382 2534 solet
2401 2497 2442 2528 3⁰

232 2557 441 2605 dirimere
478 2561 671 2610 amicos,
719 2566 764 2604 et
810 2559 1063 2604 diremisset
1110 2558 1313 2619 quidem,
1360 2558 1448 2604 nisi
1483 2565 1591 2619 post
1626 2558 1818 2619 primam
1852 2558 2160 2605 velitationem
2196 2558 2381 2604 Ecciana

230 2628 473 2681 modestia,
513 2629 680 2675 nemini
717 2631 934 2675 hactenus
974 2629 1133 2676 cedere
1171 2629 1330 2681 solita,
1368 2629 1435 2675 illi
1473 2643 1574 2676 sese
1611 2629 1867 2690 praesertim
1903 2643 2055 2675 coram
2083 2629 2379 2676 submisisset.

232 2700 355 2760 quod
391 2700 551 2747 lubens
588 2700 696 2747 fecit
731 2702 798 2746 vir
835 2703 1169 2761 magnanimus:
1218 2714 1320 2746 nam
1368 2700 1474 2761 plus
1523 2699 1630 2761 styli
1676 2701 1723 2746 in
1761 2714 1817 2746 eo
1855 2699 1988 2753 vidit;
2039 2714 2095 2746 an
2132 2713 2238 2746 vero
2275 2700 2379 2761 plus

230 2771 388 2823 animi,
426 2773 669 2824 incertum,
708 2771 921 2832 quoniam
957 2778 1151 2832 uterque
1186 2771 1424 2817 verbosior
1461 2778 1555 2822 est,
1593 2784 1741 2831 neque
1777 2785 2051 2832 magnopere
2077 2771 2301 2818 sollicitus
2326 2771 2379 2816 de

204 2841 421 2894 .iudicio,
470 2843 550 2888 sed
597 2842 651 2888 de
695 2842 1000 2903 multiloquio.
1073 2842 1172 2888 Prae
1211 2842 1375 2903 gaudio
1423 2856 1504 2888 cor
1542 2842 1646 2888 salit
1683 2848 1820 2903 atque
1859 2843 2033 2894 tremit,
2081 2842 2186 2888 dum
2223 2842 2376 2902 cogito
2395 2849 2436 2882 35

229 2918 404 2958 tantum
439 2927 586 2959 virum
624 2913 669 2958 in
705 2919 862 2959 nostra
898 2919 1046 2959 castra
1083 2912 1303 2959 defecisse
1341 2913 1396 2958 ab
1445 2912 1736 2964 adversariis,
1786 2913 1863 2974 qui
1911 2913 2136 2974 quondam
2172 2913 2375 2963 Lutetiae,

227 2982 305 3029 ubi
340 2983 641 3044 profitebatur
678 2983 854 3031 Graecas
891 2983 1071 3035 literas,
1119 2991 1164 3029 et
1212 2984 1371 3030 deinde
1408 2984 1526 3044 apud
1562 2983 1855 3030 Leodiensem
1893 2985 2176 3045 episcopum,
2225 2997 2380 3044 quam·

228 3053 304 3099 diu
340 3053 417 3099 ille
454 3062 551 3101 erat
587 3055 786 3116 iniquior
821 3054 1027 3101 Pontifici
1051 3054 1277 3107 Romano,
1316 3062 1367 3101 ut
1401 3069 1549 3116 nuper
1585 3054 1673 3101 fuit
1709 3055 2048 3116 iniquissimus,
2087 3068 2267 3115 semper
2304 3054 2396 3099 der

341 3203 355 3230 1
387 3205 604 3247 dilemate
626 3210 667 3250 2.
727 3206 744 3232 ⁶
774 3207 827 3247 R.
851 3207 903 3247 P.
924 3207 978 3250 F.
1001 3208 1098 3248 edd.
1158 3205 1177 3232 ⁷
1207 3206 1371 3261 fugieti
1392 3206 1668 3248 defendetia.
1691 3210 1733 3249 2.
1765 3207 1996 3261 fugientia
2016 3206 2306 3247 defendendi.
2331 3209 2372 3247 4.

224 3275 241 3300 8
272 3276 519 3329 pernitiose
541 3280 582 3320 2.
660 3276 677 3302 ⁹
708 3278 962 3331 propicium
982 3280 1024 3317 2.
1104 3275 1137 3303 11
1169 3278 1309 3318 Plaut.
1331 3277 1492 3331 Amph.
1515 3272 1698 3329 1.'1‚171.
1779 3275 1815 3303 ¹²
1843 3278 1966 3331 Ergo
1987 3279 2082 3318 201¹.
2163 3275 2198 3302 ¹⁶
2228 3278 2369 3317 Plaut.

157 3349 165 3356 ·
226 3345 350 3387 Trin.
370 3346 424 3386 V.
446 3347 556 3398 2‚30.
590 3347 861 3389 Germanice
893 3347 994 3393 {Da}
1024 3346 1158 3402 =§emb
1190 3347 1239 3400 ist
1268 3347 1354 3392 mit
1382 3347 1516 3401 nabet
1556 3347 1626 3393 ‹11ss
1666 3350 1736 3393 bet
1767 3347 1888 3393 ilicet.
2002 3345 2088 3373 ²²²³
2117 3344 2307 3388 Hierofi.
2332 3350 2370 3389 1.

222 3415 440 3467 Roscius,
472 3417 521 3457 in
551 3430 631 3458 suo
663 3418 858 3460 artificio
887 3420 957 3459 ita
989 3418 1241 3470 excellens,
1279 3423 1332 3459 ut
1361 3432 1526 3460 nomen
1556 3419 1655 3460 eius
1685 3432 1766 3473 pro
1797 3419 2120 3472 cuiuscumque
2152 3418 2264 3459 artis
2295 3431 2372 3458 ca-

222 3487 320 3540 pite
350 3491 611 3540 poneretur.
645 3488 714 3529 Cf.
740 3502 778 3530 e.
802 3503 867 3542 gr.
892 3489 977 3530 Cic.
1001 3490 1058 3530 de
1090 3493 1205 3530 orat.
1228 3489 1266 3529 I.
1290 3489 1358 3542 29,
1374 3497 1451 3532 132.
1539 3488 1576 3515 ²⁷
1605 3487 1755 3543 instr.]
1790 3488 1862 3530 cf.
1883 3488 1973 3531 vol.
1995 3489 2057 3530 II.
2079 3503 2122 3542 p.
2146 3487 2212 3529 16.
2235 3489 2274 3538 ἕ.
2297 3488 2366 3530 32.

221 3554 260 3582 ²⁹
301 3556 416 3611 ‘plus
447 3558 495 3597 in
526 3557 735 3598 amicitia
771 3558 930 3599 valere
970 3559 1319 3601 similitudinem
1355 3574 1528 3602 morum
1559 3573 1694 3613 quam
1726 3559 2039 3603 adfinitatem’.
2079 3559 2189 3611 Nep.
2211 3559 2259 3598 in
2288 3558 2367 3599 At-

220 3627 331 3669 tico.
353 3627 394 3680 5,
406 3634 440 3669 3.
555 3626 589 3653 ³¹
620 3627 829 3669 Ecciana
866 3630 1094 3671 modestia
1122 3643 1205 3683 per
1233 3631 1438 3684 proprios
1470 3631 1611 3672 etiam
1639 3630 1824 3672 libellos
1853 3630 2069 3670 traducta
2101 3630 2149 3668 in
2178 3641 2365 3681 prover-

219 3698 346 3739 bium
376 3698 558 3740 abierat
587 3698 645 3739 ad
665 3711 883 3739 summam
904 3699 1234 3752 impudentiam
1255 3701 1620 3755 significandam.
1646 3702 1704 3742 cf.
1727 3700 1815 3743 vol.
1837 3701 1913 3741 IV.
1936 3713 1980 3753 p.
2001 3698 2097 3739 522.
2156 3695 2193 3723 ³⁶
2223 3699 2364 3739 Lute-

219 3766 321 3824 tiae]
346 3783 374 3810 a
393 3769 628 3811 Ludovico
648 3769 753 3809 XII.
778 3781 820 3809 a.
845 3767 968 3810 1508.
1000 3766 1060 3808 10
1085 3782 1325 3811 aureorum
1355 3771 1584 3824 stipendio
1617 3771 1864 3812 constituto
1884 3773 2092 3812 vocatus.
2153 3766 2189 3794 3⁷
2218 3769 2362 3810 Leod.

221 3837 381 3894 episc]
412 3839 635 3880 Erardum
665 3838 719 3880 de
751 3838 933 3890 Marca,
976 3852 1003 3879 a
1034 3852 1118 3892 quo
1147 3839 1379 3881 Aleander
1418 3853 1460 3881 a.
1492 3839 1615 3881 1514.
1647 3842 1925 3882 secretarius
1967 3843 2014 3879 et
2054 3839 2359 3881 cancellarius

217 3912 372 3953 factus
403 3911 766 3963 canonicamque
798 3914 843 3951 et
871 3910 1173 3964 praepositura
1202 3910 1398 3953 donatus
1429 3914 1512 3952 est.
