2456 4264
285 264 404 322 350
744 284 1129 314 LAMENTATIONES
1153 283 1458 311 onscvnonvu
1479 281 1690 311 vmonu
1713 266 1969 322 [vanans]

1299 463 1386 522 28.

194 601 258 653 hij
914 588 955 635 (Ι
999 582 1332 640 Nicolaus
1379 581 1788 638 Haversaclc

1041 695 1229 743 Petro
1270 694 1652 754 Olfontiano

1260 794 1330 843 .S.
1360 795 1422 842 D.

418 909 517 969 Que
554 910 616 958 de
651 910 758 958 risu
794 913 843 956 et
878 910 987 957 ioco
1022 909 1283 969 scripsisti,
1324 908 1447 955 mihi
1479 920 1578 955 non
1615 906 1932 967 displicuere.
2009 905 2138 953 Cave
2162 904 2414 968 Pythago-
2429 922 2451 954 s

275 1010 386 1044 ram
425 1001 506 1044 tuo
543 996 794 1054 adiunyas
829 994 1008 1053 choro,
1050 1007 1192 1054 quem
1230 992 1538 1041 Plutarchus
1572 991 1761 1050 scribit,
1801 992 1922 1051 risu,
1964 992 2090 1050 ioco,
2132 994 2179 1038 et
2208 988 2417 1048 facetiis

276 1081 582 1128 abstinuisse.
662 1079 828 1136 Quare
863 1083 911 1126 et
947 1078 1167 1138 theoloyi
1195 1077 1420 1137 sortasse
1455 1077 1665 1125 eundem
1700 1077 1880 1136 secuti,
1921 1077 2088 1123 tristes
2117 1073 2418 1136 frequenter

275 1167 575 1225 nimiumque
608 1178 791 1224 eraves
827 1177 930 1211 esse
965 1165 1360 1224 conspiciuntur.
1401 1163 1458 1209 id
1480 1162 1615 1222 quod
1647 1161 1920 1220 Verqilium
1948 1161 2230 1222 previdisse
2253 1161 2415 1208 credi-

191 1256 254 1309 34
276 1251 458 1309 derim,
511 1263 659 1310 quum
696 1250 825 1297 libro
861 1253 1005 1297 sexto
1042 1250 1230 1296 tristem
1268 1248 1320 1295 in
1358 1247 1596 1295 vestibulo
1633 1239 1931 1310 inferolrum
1967 1246 2149 1293 cecinit
2182 1245 2417 1293 habitare

273 1339 582 1383 senectutem.
642 1334 820 1382 Nonne
843 1335 999 1381 satius
1024 1338 1095 1381 est
1126 1347 1215 1381 nos
1248 1333 1456 1392 edendo,
1497 1331 1722 1391 bibendo,
1764 1330 2082 1391 chorisando,
2124 1331 2416 1379 dormiendo
2435 1343 2456 1378 ιι

273 1422 422 1467 vitam
459 1425 681 1467 nostram
713 1420 1034 1480 produxisse,
1078 1431 1225 1478 quam
1263 1417 1548 1476 ieiunandO,
1591 1416 1801 1475 orando,
1843 1416 2137 1463 abstinendo
2173 1420 2221 1463 et
2243 1428 2418 1464 sacros

273 1505 615 1564 theoloyorum
655 1517 716 1551 ac
754 1503 1217 1551 iurisconsultorum
1255 1503 1410 1550 libros
1446 1501 1746 1550 revolvendo
1783 1514 1893 1548 eam
1931 1500 2260 1549 abbreviasse.
2334 1501 2416 1549 Vi<

273 1602 389 1636 num
437 1602 596 1649 neque
645 1589 903 1636 anseribus
949 1588 1107 1635 crevit
1152 1600 1312 1647 neque
1358 1587 1615 1646 anatibus,
1669 1587 1760 1634 sed
1806 1586 2086 1635 hominibus
2119 1587 2300 1645 solum,
2341 1586 2451 1634 his·

261 1674 533 1734 presertim
571 1675 659 1733 qui
693 1674 915 1721 obscuris
951 1673 1097 1721 utiles
1133 1674 1278 1730 viris,
1331 1685 1428 1720 non
1478 1673 1641 1720 minus
1684 1672 1894 1731 erecari
1937 1685 2087 1732 quam
2125 1685 2182 1719 eo
2219 1673 2297 1719 uti
2328 1685 2416 1719 no·

267 1762 400 1805 runt.
486 1757 612 1804 Vale
647 1771 712 1806 ex
750 1758 1030 1817 Moquntia.
2412 1757 2456 1803 ,11

1290 1989 1376 2050 29.

1066 2119 1107 2166 (1
1167 2112 1530 2187 Olsontian
1550 2130 1624 2168 us

1124 2225 1557 2273 Haversaclcio

1216 2324 1286 2373 .S.
1317 2325 1371 2372 P.
1402 2325 1462 2373 B.

411 2436 512 2495 Que
551 2437 613 2484 de
650 2438 763 2486 vino
798 2439 1068 2498 scripsisti,
1120 2439 1332 2487 libenter
1379 2451 1544 2485 omnes
1590 2438 1814 2498 leqimus.
1893 2432 2066 2486 Modio
2115 2438 2245 2486 enim
2282 2418 2456 2488 sum-21¹

259 2526 403 2581 ptum
443 2521 522 2579 (ut
559 2522 913 2570 Mellilambius
950 2528 1116 2571 noster
1153 2523 1486 2583 interpretari
1517 2524 1794 2584 consuevit)
1827 2523 1970 2571 ¹acuit
2007 2524 2286 2584 inqenium,
2328 2523 2409 2571 de·
2454 2575 2456 2578 ,

267 2607 442 2654 bilibus
478 2620 672 2667 quoque
709 2608 799 2655 dat
831 2621 1079 2668 gressum,
1121 2613 1167 2656 et
1203 2621 1345 2666 cecos
1381 2609 1669 2656 illuminare
1704 2609 1916 2657 videtur.
1994 2608 2149 2657 Nemo
2186 2613 2410 2657 nostrum

266 2691 521 2751 cephalea,
562 2705 701 2739 nemo
725 2692 1045 2740 hemicranea
1084 2693 1291 2752 (talibus
1314 2694 1534 2754 capitum
1558 2693 1764 2755 morbis)
1801 2695 2015 2742 laborat.
2094 2693 2412 2756 Quapropter

266 2789 328 2822 ne
364 2775 426 2822 ab
465 2777 684 2824 instituto
720 2782 889 2826 nostro
925 2784 973 2826 et
1009 2780 1166 2826 veteri
1197 2779 1557 2827 consuetudine
1593 2779 1903 2840 recedamus,
1943 2792 2137 2840 semper
2161 2779 2403 2839 Hiaccho,

264 2873 457 2920 semper
493 2861 855 2922 voluptatibus,
906 2876 1101 2924 semper
1147 2865 1441 2924 arroqantie
1488 2877 1552 2912 ac
1588 2862 1860 2913 temeritati
1892 2864 2123 2923 inherere
2160 2864 2400 2924 debemuS,
2420 2840 2456 2910 ἐι

265 2949 319 2992 ut
342 2947 413 2992 sic
449 2946 652 2994 tandem
682 2943 869 3004 surore
895 2949 1044 3009 pleni
1068 2950 1268 3009 poetico
1305 2950 1579 3010 invectivis,
1620 2951 1875 3010 conviciis,
1894 2950 1896 2952 ’
1915 2950 2238 3010 contumeliis,
2279 2949 2405 2997 blas-

260 3029 472 3088 phemiis
507 3034 554 3077 et
588 3030 844 3088 heresibus
880 3034 1022 3081 novis
1057 3034 1282 3082 inimicos
1317 3039 1512 3083 nostros
1549 3035 1807 3098 operosius
1838 3047 2224 3096 persequamur.
2298 3033 2407 3083 Hoc

269 3108 503 3180 [quoque]
546 3114 732 3164 Lucilii
763 3130 970 3166 carmen
1009 3119 1079 3166 ad
1113 3132 1331 3167 mensam
1369 3124 1508 3168 tuam
1544 3120 1859 3181 suspendito:
2412 3113 2414 3115 ’

679 3201 838 3250 Vivite
873 3203 1166 3264 lurchones‚
1207 3206 1525 3265 comedoneS,
1566 3206 1716 3253 vivite
1750 3209 1973 3266 ventres,
2445 3258 2448 3263 ,

275 3282 398 3330 Vale
434 3296 498 3331 esc
535 3285 902 3344 Francfordia.
977 3287 1123 3336 Anno
1161 3302 1258 3350 quo
1292 3303 1467 3351 supra.
2416 3300 2456 3337 ³⁰

376 3491 393 3517 ⁷
423 3491 662 3545 sequenter
692 3498 730 3537 1.
818 3495 835 3521 ⁸
867 3497 937 3537 Cf.
968 3499 1097 3551 Very.
1118 3499 1232 3539 Aen.
1255 3500 1331 3540 VI.
1354 3499 1450 3540 575.
1531 3498 1567 3526 ¹⁰
1599 3500 1920 3542 secnectutem.
1945 3502 1985 3540 1.
2063 3499 2095 3526 ¹¹
2129 3499 2281 3541 sacras
2304 3502 2343 3540 1.
2356 3500 2399 3540 2.

265 3559 300 3586 ¹³
331 3562 535 3602 aneerib)
564 3566 601 3605 1.
613 3567 652 3604 2.
686 3571 726 3604 et
754 3567 815 3605 sic
843 3569 1005 3608 solebat
1035 3568 1244 3610 Ortvinus.

376 3630 412 3657 ²⁶
443 3635 654 3674 conuitiis
686 3638 727 3674 2.
842 3636 878 3661 2⁹
909 3639 1043 3678 Lucil.
1067 3652 1139 3692 ap.
1162 3641 1277 3681 Non.
1298 3641 1441 3681 Mare.
1464 3656 1507 3694 p.
1535 3641 1598 3682 10.
1706 3641 1743 3668 ³⁰
1772 3642 2010 3686 Frfifozdia
2042 3644 2080 3682 1.
2185 3640 2244 3682 A⁰
2273 3632 2298 3694 ἴ]
2326 3637 2403 3692 suf?

263 3705 377 3744 omis.
401 3706 444 3746 2.
