2456 4264
202 256 318 316 100
431 270 441 278 ⁰
485 282 580 311 10A.
603 279 919 311 Pm’muconm
942 276 1175 309 DEFENSIO
1199 279 1385 310 CONTRA
1407 276 1618 308 FAMOSAS
1643 280 1684 308 Ο.
1707 277 1750 309 V.
1775 274 2049 307 m‘ls'ronAS.

340 411 578 471 Obsequia
629 416 676 459 et
715 412 886 460 devota
932 412 1248 458 salutatione.
1264 409 1512 457 humiliter
1543 407 1795 469 premissa
1829 406 2150 456 Serenissime
2188 407 2353 468 impe-—

194 501 347 544 rator.
420 497 619 555 neqocio
662 497 712 542 in
758 507 914 541 causa
946 493 1215 552 Iudeorum
1258 507 1353 554 per
1388 497 1597 540 vestram
1636 491 1946 540 Maiestatem
1978 493 2221 554 parvitati
2251 505 2355 551 mee

191 582 410 641 imposito
436 579 596 628 debita
620 591 730 625 cum
754 578 1029 624 reverentia
1052 576 1347 634 satisfacere
1369 577 1587 637 cupiens,
1612 577 1964 624 communicato
1984 578 2130 637 prius
2155 577 2234 635 (ut
2249 589 2355 637 par

192 668 285 724 est)
330 675 441 710 cum
489 662 649 719 divine
693 665 741 708 et
780 660 994 717 humane
1041 661 1164 719 leqis
1203 660 1503 718 doctoribus,
1549 662 1886 707 sentimentum
1920 672 2080 708 meum
2117 665 2353 720 quantum

192 747 470 808 epistolaris
507 745 718 792 brevitas
740 745 934 804 patitur
968 743 1309 803 compendiose
1339 743 1601 791 absolvam.
1680 743 1874 791 Certum
1907 747 1979 791 est
2012 743 2163 792 libros
2194 743 2347 792 Thal-
2369 758 2391 791 5

195 830 413 878 mudicos
445 830 531 890 qui
561 829 768 890 plurimi
800 831 925 885 sunt,
961 827 1141 874 nedum
1169 839 1367 875 errores
1399 832 1449 875 et
1477 826 1739 886 falsitates,
1779 828 1924 875 immo
1954 827 2286 889 blasphemias
2308 834 2356 876 et

194 920 368 963 contra
398 913 640 962 Christum
667 918 713 960 et
735 917 908 960 contra
930 912 1189 972 propriam
1215 912 1370 971 leqem
1394 912 1657 971 continere,
1683 913 1729 960 si
1752 912 2029 961 doctoribus
2051 914 2354 962 ecclesiasti-

196 1002 267 1047 cis
287 1000 511 1058 linquam
539 997 837 1045 Hebraicam
861 995 1151 1044 callentibus
1174 996 1455 1044 credamus.
1511 995 1577 1043 Et
1599 996 1691 1044 hoc
1713 996 1910 1057 quidem
1934 998 2004 1045 ita
2026 1011 2129 1046 esse
2155 999 2248 1047 tali
2269 997 2353 1046 di-

198 1084 300 1132 dici
328 1083 678 1145 experimento.
731 1080 980 1128 Rabbinus
1007 1080 1210 1140 quidam
1233 1079 1470 1129 librorum
1505 1079 1938 1129 Thalmudicorum
1961 1083 2167 1137 zelator,
2202 1094 2352 1129 unum

196 1182 262 1216 ex
286 1168 362 1215 his
384 1167 506 1215 mihi
528 1166 695 1213 obtulit
721 1166 955 1226 volumen,
976 1164 1113 1223 quod
1133 1178 1230 1212 non
1256 1166 1460 1213 minoris
1485 1166 1793 1213 auctoritatis
1822 1165 1964 1227 apud
1983 1165 2168 1225 Iudeos
2198 1178 2347 1226 quam
2371 1183 2409 1217 ιο

197 1252 346 1300 libros
383 1250 548 1312 Moysi
580 1264 683 1298 esse
719 1250 943 1298 asseruit.
1015 1249 1165 1298 Hunc
1200 1249 1380 1298 librum
1410 1251 1702 1298 examinari
1726 1249 1928 1310 faciens
1957 1251 2183 1312 plurima
2221 1250 2353 1298 deli-

83 1343 185 1396 (σω)
202 1342 428 1384 ramenta
463 1341 510 1383 et
542 1334 869 1395 blasphemias
905 1335 956 1383 in
993 1334 1160 1382 eodem
1184 1329 1207 1401 Η
1234 1334 1564 1398 deprehendi,
1613 1348 1680 1383 ex
1716 1335 1890 1396 quibus
1924 1339 2083 1384 certos
2118 1327 2354 1383 articulos

195 1426 349 1480 vestre
391 1419 670 1468 celsitudini
703 1418 1032 1479 inspiciendos
1070 1418 1148 1466 his
1188 1420 1430 1478 alleqatos
1465 1420 1755 1470 transmitto,
1829 1418 2128 1468 Huiusmodi
2160 1421 2210 1468 in
2255 1431 2353 1467 uno

194 1506 317 1554 libro
354 1506 440 1565 qui
473 1503 613 1565 apud
642 1515 722 1551 eos
758 1504 949 1563 equalis
980 1504 1288 1551 auctoritatis
1321 1505 1576 1562 estimatur
1613 1517 1727 1552 cum
1772 1517 1926 1552 sacra
1972 1506 2252 1565 scriptura,
2300 1508 2355 1551 ut

193 1590 437 1637 habentur
471 1588 743 1649 blasphemi
774 1591 822 1634 et
855 1588 998 1649 impii
1025 1601 1246 1647 errores,
1286 1589 1410 1648 quid
1442 1588 1587 1636 atiud
1621 1589 1683 1638 de
1707 1589 1923 1637 residuis
1947 1588 2347 1651 presumendum,
2369 1609 2408 1642 15

192 1687 340 1734 quam
378 1673 510 1734 quod
543 1674 789 1720 maximas
825 1673 1020 1731 hereses
1056 1677 1103 1720 et
1149 1672 1480 1734 blasphemias
1524 1675 1810 1723 contineant
1843 1686 1940 1722 non
1986 1675 2142 1722 solum
2176 1678 2351 1722 contra

187 1758 336 1818 fidem
373 1757 714 1815 Christianam,
753 1770 918 1806 uerum
954 1762 1003 1806 et
1036 1762 1210 1807 contra
1248 1759 1402 1818 leqem
1422 1760 1700 1822 propriam,
1727 1763 1938 1821 propter
1962 1763 2212 1820 quecerte
2237 1759 2356 1807 moti

195 1843 462 1902 Greqorius
494 1848 540 1890 et
577 1843 890 1891 Innocentius
921 1844 1100 1891 summi
1123 1844 1384 1904 pontifices
1421 1843 1674 1903 quoddam
1712 1845 1933 1892 volumen
1980 1843 2115 1904 quod
2149 1847 2352 1892 vocatur

198 1925 444 1974 Thalmud
476 1928 842 1975 mandaverunt
869 1928 1102 1988 comburi,
1137 1933 1192 1976 ut
1228 1929 1362 1976 testis
1398 1934 1472 1976 est
1507 1928 1643 1977 nobis
1673 1928 1890 1978 Ioannes
1927 1927 2128 1987 Andree
2167 1929 2218 1976 in
2255 1940 2352 1975 no-

191 2013 312 2059 vello
348 2016 465 2073 post
498 2011 838 2060 Innocentium
879 2013 1104 2074 Capitulo
1138 2011 1300 2070 ‘Quod
1332 2027 1486 2075 super
1525 2010 1615 2062 his'
1653 2013 1728 2062 De
1765 2018 1869 2062 voto
1902 2018 1950 2061 et
1984 2015 2083 2062 voti
2106 2012 2345 2074 redempt.
2363 2033 2406 2066 20

190 2110 338 2157 super
362 2097 506 2148 verbo
542 2096 925 2156 ‘defensionem’.
1000 2097 1093 2147 His
1128 2111 1248 2158 erqo
1279 2099 1473 2147 attentis
1511 2098 1785 2160 expediens
1802 2136 1814 2159 ,
1861 2098 2115 2162 deificum,
2162 2102 2210 2146 et
2251 2098 2352 2147 im-

185 2183 373 2242 periali
405 2183 656 2231 maiestate
695 2167 925 2242 diqnum,
971 2184 1127 2230 saluti
1164 2196 1354 2243 quoque
1390 2182 1660 2242 Iudeorum
1694 2187 1769 2232 est
1791 2184 2226 2245 pernecessarium
2240 2220 2252 2242 ‚
2299 2188 2353 2231 ut

191 2267 400 2315 dimissis
435 2279 604 2315 eorum
638 2268 752 2315 usui
786 2267 1051 2315 dumtaxat
1095 2267 1233 2315 libris
1271 2269 1448 2316 veteris
1483 2269 1628 2329 lepis,
1676 2280 1841 2316 omnes
1883 2267 1975 2316 atii
2014 2268 2134 2316 libri
2173 2267 2236 2315 ab
2279 2269 2352 2316 eis

190 2353 524 2414 recipiantur,
560 2352 648 2400 sub
683 2365 745 2400 ea
778 2354 942 2400 tamen
968 2351 1173 2412 publica
1202 2354 1580 2415 protestatione,
1621 2341 1756 2414 quod
1779 2351 1929 2412 facta
1955 2352 2185 2413 diliyenti
2216 2366 2350 2402 exa-

192 2438 455 2485 minatione
497 2437 573 2485 illi
611 2437 732 2485 libri
757 2439 829 2486 eis
863 2438 1235 2497 relinquantur,
1284 2449 1494 2497 quorum
1539 2451 1657 2486 usus
1697 2451 1792 2500 pro
1826 2449 1942 2486 vero
1977 2438 2223 2487 intellectu
2260 2451 2348 2485 ve—
2363 2453 2407 2486 25

193 2522 309 2568 teris
353 2522 473 2580 leqis
518 2529 589 2569 est
622 2522 692 2569 eis
718 2521 956 2581 salubris,
1007 2520 1209 2582 Reliqui
1242 2534 1357 2570 vero
1389 2523 1481 2583 qui
1511 2523 1700 2571 nullam
1732 2524 1804 2572 eis
1843 2524 2056 2584 pariunt
2091 2524 2349 2573 utilitatem
2406 2552 2409 2554 -

195 2606 269 2652 vel
302 2605 654 2664 edificationem
696 2607 796 2655 nisi
835 2606 907 2655 ad
939 2605 1213 2655 Iehennam
1251 2608 1452 2668 penitus
1495 2606 1866 2657 comburantur.
1939 2607 2007 2655 Et
2049 2607 2248 2668 quidem
2294 2609 2346 2656 in

195 2689 285 2737 hoc
322 2691 458 2738 nulla
490 2692 547 2749 fit
581 2693 650 2740 eis
685 2693 884 2741 iniuria.
960 2691 1088 2739 Nam
1133 2693 1256 2741 tales
1301 2691 1453 2740 libros
1490 2706 1595 2741 esse
1638 2693 2027 2754 corrumpendos
2061 2693 2171 2741 iure
2211 2693 2348 2740 anti-

195 2786 289 2832 quo
334 2776 584 2823 sanxitum
624 2781 724 2825 est:
767 2775 1012 2826 Scribitur
1058 2778 1187 2825 enim
1225 2778 1276 2825 in
1302 2776 1361 2825 L.
1394 2776 1562 2836 Cetere
1597 2776 1708 2838 Diq.
1746 2777 1926 2826 Famil.
1974 2777 2180 2826 hercisc.
2217 2777 2352 2838 quod

194 2858 312 2905 libri
343 2859 613 2920 improbate
640 2863 858 2910 lectionis
893 2862 966 2910 ad
998 2862 1234 2911 iudicium
1268 2874 1364 2910 non
1403 2863 1627 2919 veniunt,
1673 2876 1831 2923 neque
1865 2862 2022 2912 iudex
2057 2862 2121 2911 de
2153 2863 2224 2910 eis
2257 2862 2342 2911 di·-
2361 2876 2403 2910 ³0

196 2942 418 2993 videndis
452 2958 503 2992 se
533 2945 671 2995 debet
705 2947 1038 3008 interponere,
1075 2947 1166 2996 sed
1203 2960 1368 2995 omnes
1399 2947 1629 3008 protinus
1663 2951 1779 3002 sunt
1803 2947 2172 3009 corrumpendi.
2240 2947 2346 2995 Non

196 3028 346 3084 iqitur
378 3030 547 3089 aliqua
581 3031 632 3077 in
663 3031 754 3078 hoc
791 3032 1055 3082 metuenda
1091 3036 1165 3079 est
1196 3032 1461 3082 iniusticia.
1509 3033 1627 3092 quin
1648 3032 1818 3093 potius
1853 3032 2056 3093 impium
2093 3037 2141 3080 et
2172 3032 2348 3081 irreli-

192 3111 382 3169 qiosum
431 3119 524 3172 est,
561 3116 632 3162 eis
677 3129 816 3163 usum
860 3118 1032 3165 talium
1061 3116 1299 3164 librorum
1338 3117 1647 3177 permittere,
1689 3129 1789 3178 per
1832 3129 1952 3177 quos
1986 3118 2086 3179 ipsi
2117 3118 2348 3167 irrisores

202 3193 385 3242 Christi
409 3196 538 3253 filios
569 3212 680 3249 suos
716 3200 1061 3261 blasphemare
1096 3200 1341 3249 docerent.
1412 3200 1554 3260 foret
1588 3207 1821 3262 preterea
1853 3202 2104 3263 imperiali
2138 3201 2345 3251 celsitu-

200 3277 311 3325 dini
352 3291 473 3338 opus
518 3281 877 3343 diqnissimum‚
919 3286 964 3337 si
1001 3286 1052 3334 in
1090 3284 1301 3346 prefata
1343 3285 1582 3333 librorum
1619 3287 1987 3335 examinatione
2018 3301 2115 3348 per
2145 3299 2226 3336 eos
2260 3288 2348 3348 qui
2359 3299 2402 3332 35

199 3360 460 3410 Iudaicam
501 3366 776 3425 intelliqunt
812 3370 1114 3430 scripturam
1150 3370 1537 3419 extraherentur
1570 3371 1694 3420 inibi
1707 3373 1936 3424 ,contenti
1966 3373 2171 3421 articuli
2199 3385 2348 3420 erro-

199 3447 303 3506 nei,
339 3448 481 3508 impii
511 3457 556 3495 et
591 3449 862 3510 blasphemi
893 3461 1068 3502 contra
1092 3455 1360 3516 propriam
1392 3456 1546 3514 leqem
1559 3492 1574 3519 ,
1611 3461 1659 3504 et
1692 3457 2028 3506 institueretur
2050 3461 2225 3505 contra
2249 3455 2347 3505 Iu-

201 3529 317 3588 deos
352 3532 576 3580 solemnis
613 3533 876 3596 inquisitio,
908 3547 956 3585 et
988 3552 1138 3600 super
1173 3540 1399 3588 articulis
1434 3530 1674 3589 extractis
1698 3546 1892 3590 mature
1917 3543 2344 3590 examinarentur.

202 3614 267 3662 Et
295 3615 490 3675 quidem
529 3618 574 3664 si
600 3621 715 3665 tunc
738 3621 972 3668 articulos
1007 3623 1115 3669 illos
1145 3629 1501 3683 recoqnoscant
1534 3638 1788 3686 erroneos,
1818 3627 1966 3674 etiam
1999 3632 2047 3674 et
2074 3631 2191 3675 tunc
2221 3639 2346 3674 con—

200 3705 456 3760 sequenter
494 3699 658 3759 fateri
703 3702 883 3751 habent
922 3703 1071 3752 libros
1114 3708 1236 3754 tales
1283 3709 1353 3754 eis
1387 3722 1491 3755 esse
1519 3711 1827 3769 periculosos
1857 3716 1906 3758 et
1936 3711 2108 3760 merito
2141 3710 2343 3759 combu-
2359 3721 2403 3755 40

315 3883 335 3909 4
366 3914 375 3923 .
402 3886 680 3926 senc‘rmentfi
713 3888 749 3929 1.
