2456 4264
241 238 317 294 84
540 260 633 290 10A.
658 260 968 287 PEPEmconm
991 259 1219 286 DEFENsm
1242 257 1423 286 coN'rRA
1444 256 1652 284 FAMOSAS
1676 257 1716 284 0.
1739 258 1781 286 v.
1804 255 2073 285 EPISTOLAS.

238 390 385 448 nefas
421 395 491 437 est
528 390 714 449 dicere)
755 389 887 448 quod
921 389 972 434 in
1010 388 1185 435 eadem
1222 399 1314 434 sua
1349 386 1702 434 consultatione
1740 385 1897 445 (quod
1927 389 2098 445 postea
2133 386 2384 446 speculum
2453 383 2456 385 ’

239 476 439 522 oculare
475 479 545 520 est
581 474 910 532 appellatum)
943 484 1019 518 me
1055 485 1217 532 nuper
1243 473 1294 518 in
1335 470 1523 517 Christo
1549 468 1770 528 feliciter
1805 469 2136 530 baptizatum,
2171 471 2321 517 nullis
2359 466 2380 535 Η
2454 475 2456 490 ²

127 552 213 605 &ij
241 560 356 605 meis
380 558 623 604 demeritis
650 556 791 614 (quia
817 557 944 601 alter
968 557 1178 602 alterum
1202 567 1299 601 non
1325 558 1529 602 noverat
1551 567 1708 613 neque
1732 554 1929 601 viderat
1949 556 2192 614 unquam)
2219 555 2386 613 quovis
2452 553 2456 582 ἕ

236 643 375 688 modo
408 639 811 700 precedentibus7
853 640 1041 685 occulte
1080 643 1128 685 et
1158 652 1314 698 supra
1353 639 1520 685 datam
1550 623 1702 696 fidem
1741 638 1897 696 (velut
1924 639 2028 697 ipse
2063 651 2251 697 neqare
2287 651 2384 698 non
2442 621 2456 701 Ξ

231 728 408 785 potest)
440 724 579 784 apud
612 723 660 772 C.
687 723 757 770 M.
784 725 912 769 male
943 724 1195 777 tractarit,
1231 724 1486 769 verissima
1522 722 1734 780 quedam
1759 726 1936 769 contra
1970 735 2046 769 me
2075 735 2175 781 pro
2209 721 2420 781 Iudeiss
2440 708 2456 765 ¹!

229 807 500 866 falsissime
537 808 874 867 improbando,
953 806 1268 866 Quapropter
1298 806 1420 853 milii
1448 805 1579 865 proh
1617 805 1757 852 dolor
1791 808 1863 854 sic
1898 819 2136 854 curarum
2170 808 2384 855 omnium

233 894 408 947 liberO,
447 893 664 952 nihilque
684 891 892 950 fraudis
923 893 1119 951 inopine
1149 892 1386 949 coqitanti
1412 889 1750 950 respondendi
1777 892 1955 951 stylum
1978 892 2055 938 vel
2076 892 2223 938 invito
2249 891 2385 939 obie-

236 979 322 1035 cit,
361 990 453 1036 quo
490 990 682 1037 semper
717 978 758 1023 is
796 978 882 1035 qui
914 978 1042 1034 lesus
1072 979 1144 1022 est
1176 976 1334 1036 prior,
1376 975 1622 1034 (quamvis
1656 975 1806 1022 etiam
1841 974 1986 1033 infra
2009 976 2200 1034 infimos
2222 988 2387 1024 omnes
2423 1024 2427 1026 γ

235 1076 337 1109 esse
368 1062 584 1108 homines
619 1061 867 1121 videatur)
905 1062 1035 1108 tueri
1064 1073 1191 1114 sese,
1240 1064 1288 1106 et
1319 1059 1374 1106 id
1407 1059 1603 1118 quidem
1636 1059 1762 1107 duce
1807 1064 2018 1114 natura,
2067 1073 2165 1107 non
2201 1061 2386 1108 instre-

236 1159 331 1192 nue
368 1145 430 1191 ab
464 1145 796 1192 adorientibus
816 1150 988 1205 potest.
1066 1144 1108 1190 (I
1145 1142 1315 1191 Multis
1345 1145 1510 1203 itaque
1546 1142 1602 1190 id
1629 1156 1788 1203 yenus
1817 1146 1932 1192 aliis
1963 1143 2109 1192 rebus
2142 1158 2205 1192 ac
2235 1146 2382 1192 clau-
2400 1156 2422 1201 ¹.

234 1231 353 1277 sutis
389 1242 485 1276 non
531 1231 802 1276 inconsulto
853 1230 1107 1289 (quoniam
1143 1228 1224 1275 hie
1259 1227 1406 1286 infra
1440 1230 1550 1275 luce
1585 1229 1774 1276 clarius
1812 1229 2132 1290 aperiuntur)
2181 1231 2382 1284 omissis,

235 1314 326 1361 hoc
361 1315 513 1361 solum
551 1314 738 1372 dicam,
779 1314 911 1373 quod
955 1315 1060 1373 ipse
1101 1312 1315 1360 Ioannes
1350 1311 1594 1359 Reuchtin
1637 1317 1685 1360 et
1725 1317 1990 1361 sectatores
2034 1315 2138 1361 eius
2177 1313 2384 1372 Cesaree

237 1398 510 1445 Maiestatis
533 1399 847 1456 mandatum,
888 1399 948 1444 de
984 1399 1173 1444 silentio
1210 1399 1340 1444 ultro
1372 1398 1590 1455 citroque
1625 1397 1932 1445 observando
1966 1410 2064 1445 non
2100 1400 2255 1445 solum
2286 1410 2383 1445 non

233 1482 576 1537 observarunt,
626 1483 756 1529 velut
797 1489 1015 1529 nostrum
1052 1483 1255 1541 epitome
1294 1483 1393 1528 sive
1427 1483 1750 1535 summarium
1785 1483 2034 1543 eoeplicat,
2081 1482 2172 1530 sed
2207 1495 2268 1529 ne
2303 1486 2383 1540 tue

233 1567 428 1627 quidem
454 1566 696 1614 beatitatis
728 1565 932 1614 solemni
966 1567 1162 1613 decreto
1194 1573 1453 1628 parentes,
1493 1567 1545 1613 in
1582 1579 1658 1614 me
1694 1569 1918 1626 aloquin,
1967 1572 2114 1627 atque
2148 1567 2411 1627 optimum¹

233 1663 468 1717 quemque
496 1664 524 1696 e
560 1652 760 1706 nostris,
799 1663 955 1711 supra
992 1664 1141 1710 quam
1181 1652 1411 1710 cuiquam
1446 1651 1680 1699 credibile
1714 1656 1807 1714 est,
1848 1653 1899 1698 in
1936 1652 2038 1698 suis
2065 1650 2383 1699 obscurorum

231 1737 447 1798 virorum
482 1736 694 1794 epistolis
726 1747 821 1793 per
857 1747 1044 1782 omnem
1083 1735 1380 1795 impudentie
1404 1738 1762 1791 contumetiam,
1801 1748 1941 1783 omne
1976 1737 2113 1783 virus
2146 1738 2382 1785 sonticum

231 1822 360 1867 velut
384 1820 603 1879 potyloqi
634 1820 846 1877 turpiter
880 1826 1179 1879 expuerunt.
1269 1819 1614 1867 Verumtamen
1651 1822 1771 1880 quia
1809 1820 1890 1880 (ut
1913 1820 2042 1878 fides
2077 1825 2248 1868 nostra
2285 1833 2382 1868 ca-
2424 1812 2426 1814 ’

230 1904 408 1950 tlzolica
445 1903 612 1962 habet)
647 1905 836 1950 nullum
876 1905 981 1950 sine
1018 1910 1386 1951 auctoramento
1422 1909 1494 1951 est
1525 1905 1725 1965 malum,
1761 1904 1910 1952 iidem
1946 1907 2111 1953 nescio
2140 1906 2230 1965 qui
2255 1919 2381 1966 per-—

156 2036 164 2038 ,
230 1988 417 2035 duelles
462 1987 821 2045 Reuchliniste‚
869 1989 1067 2035 minime
1112 1993 1298 2035 natura
1342 1988 1561 2044 cicures,
1611 1987 1883 2047 manifesta
1919 1989 2161 2050 phrenesi
2203 1992 2254 2038 in
2303 2000 2379 2038 me

227 2085 359 2119 ovem
399 2074 638 2120 misellam
674 2080 720 2120 et
755 2073 810 2120 id
843 2073 1039 2132 quidem
1077 2073 1258 2133 absque
1292 2086 1492 2121 suorum
1524 2074 1774 2121 nominum
1800 2072 2118 2134 professione
2148 2075 2380 2123 ›crudeli-⁶

228 2162 302 2203 ter
335 2157 716 2216 debacchantes,
759 2159 911 2205 iustas
945 2159 1116 2206 merito
1143 2170 1308 2217 penas
1350 2158 1555 2220 darent,
1598 2156 1778 2216 fedam
1814 2171 2016 2206 suorum
2052 2160 2212 2207 orium
2245 2172 2378 2219 qra—

227 2243 514 2288 veolentiam
550 2248 598 2289 et
632 2255 745 2289 voce
781 2247 828 2289 et
860 2243 1059 2302 scriptis
1094 2248 1393 2290 revocantes.
1466 2241 1707 2290 Irritatus
1742 2242 1895 2302 iyitur
1926 2249 1974 2291 et
2014 2249 2213 2292 coactus
2248 2244 2380 2292 hunc
2415 2242 2419 2246 ⁴

228 2326 406 2373 librum
460 2326 618 2384 edidi,
660 2326 842 2386 tibique
878 2329 1021 2386 patri
1064 2326 1335 2374 beatissimo
1386 2326 1610 2386 vobisque
1654 2327 2074 2376 reverendissimis
2121 2327 2379 2377 Cardina-

226 2410 352 2457 libus
381 2411 789 2469 perlustrandum
821 2424 882 2458 ac
915 2410 1284 2469 defendendum
1320 2411 1411 2459 hoc
1448 2415 1601 2471 pacto
1641 2413 1949 2472 nuncupavi,
1998 2418 2053 2460 ut
2095 2427 2215 2461 vera
2256 2414 2380 2462 milti
2404 2424 2407 2425 ’

229 2495 498 2548 auxilium,
532 2493 676 2552 falsa
714 2500 873 2542 autem
907 2509 1126 2542 severam
1164 2497 1269 2542 sine
1295 2497 1468 2554 qratia
1499 2508 1760 2542 censuram
1797 2496 2158 2545 administrent.
2221 2497 2376 2547 Tuam
2445 2504 2456 2548 .“

228 2579 393 2637 itaque
426 2580 733 2626 sanctitatem
771 2581 900 2626 vetut
932 2580 1118 2627 domini
1150 2581 1308 2627 nostri
1339 2581 1497 2627 locum
1534 2581 1587 2627 in
1625 2581 1772 2627 terris
1813 2585 2076 2638 tenentem,
2125 2596 2187 2631 ac
2224 2585 2400 2631 mini-⁷
2454 2647 2456 2650 Ι

227 2667 382 2709 stram
413 2667 460 2709 et
497 2663 668 2710 ducem
703 2665 998 2712 universalis
1032 2666 1247 2722 ecclesie·
1264 2665 1554 2730 suppliciter
1589 2666 1779 2722 invoc0‚
1826 2664 1891 2714 Te
1926 2671 2113 2715 certum
2144 2671 2192 2715 et
2221 2667 2374 2715 indu-

227 2746 427 2793 bitatum
456 2747 587 2795 beati
612 2748 750 2795 Petri
777 2762 1102 2796 successorem
1142 2751 1363 2809 imploro,
1404 2755 1457 2796 ut
1490 2762 1566 2796 me
1603 2750 1928 2798 christianum
1965 2753 2099 2798 intra
2123 2759 2263 2813 septa
2290 2758 2375 2800 tua
2402 2743 2403 2747 ¹

226 2844 335 2878 cum
367 2834 541 2879 ceteris
573 2833 844 2880 latitantem
882 2838 929 2880 et
962 2835 1163 2891 infinitis
1188 2847 1321 2893 pene
1357 2834 1555 2880 iniuriis
1592 2839 1811 2882 enectum
1849 2849 1880 2882 a
1925 2837 2057 2896 lupis
2102 2836 2372 2897 rapacibus

225 2917 452 2964 lacerari
480 2929 577 2964 non
614 2919 764 2964 sinas.
852 2918 942 2964 Vos
979 2930 1167 2977 quoque
1192 2918 1622 2966 reverendissimos
1647 2919 1865 2967 dominos
1889 2920 2194 2983 cardinales,
2234 2933 2374 2968 veros
2447 2905 2456 2984 ᾗ

224 3001 412 3058 iusticie
444 3006 682 3060 patronos
726 3003 949 3062 appellO,
997 3015 1078 3049 vos
1113 3003 1331 3057 obtestor,
1371 3015 1452 3049 vos
1487 3002 1709 3058 obsecro,
1747 3009 1803 3051 ut
1844 3006 2094 3052 veritatem
2125 2992 2399 3066 profitenti*

223 3088 272 3130 et
305 3085 506 3143 indiqne
544 3100 575 3133 a
612 3088 861 3133 malevolis
903 3088 1027 3144 lese,
1075 3089 1246 3134 salutis
1288 3100 1425 3147 opem
1466 3095 1696 3147 prestare
1733 3090 1903 3137 velitis.
1978 3088 2121 3146 Quod
2153 3091 2199 3137 si
2224 3088 2373 3148 fece—
2430 3111 2438 3139 τ

223 3169 354 3225 ritis,
398 3171 571 3228 plures
600 3171 928 3229 proculdubio
963 3170 1112 3228 Iudei
1145 3171 1217 3218 ad
1246 3172 1396 3229 fidem
1434 3177 1652 3219 nostram
1689 3178 2048 3222 convertentur.
2123 3173 2251 3221 Nam
2286 3175 2375 3235 qui
2399 3187 2437 3229 p.

224 3253 418 3298 animas
442 3255 810 3311 quatuordecim
846 3269 912 3302 ex
943 3255 1152 3302 tenebris
1187 3269 1413 3313 cecorum
1446 3258 1518 3303 ad
1552 3259 1770 3306 veritatis
1797 3260 1961 3307 lumen
1988 3259 2211 3319 traduxi,
2227 3243 2230 3246 ¹
2245 3259 2368 3307 nul-
2382 3183 2436 3318 ἑ

224 3337 323 3382 tam
361 3340 628 3385 commerui
661 3339 1043 3387 christianorum
1079 3343 1436 3388 contumeliam.
1512 3341 1618 3390 Hoc
1655 3343 1856 3391 tandem
1899 3344 2154 3404 adiecero,
2197 3345 2371 3406 plures
2391 3323 2426 3399 ἔ

180 3447 186 3452 -
222 3432 384 3479 nuper
419 3420 692 3480 baptizatos
720 3422 904 3486 fuisse,
951 3425 1050 3471 nisi
1090 3426 1279 3485 scripta
1312 3425 1560 3474 Reuchtin
1598 3432 1829 3476 nocenter
1874 3429 2176 3478 obstitissent.
2264 3404 2424 3510 Vct-⁴}

220 3505 313 3551 lete
341 3503 573 3562 feliciter.
649 3506 857 3565 Colonie.
931 3508 1073 3557 Anno
1110 3506 1166 3558 23.
1189 3508 1268 3558 rui.
1306 3516 1326 3558 ῖ
1358 3510 1507 3559 Iulio.
1549 3507 1568 3578 ΙΙ
1631 3543 1635 3547 -
2391 3512 2421 3553 *t
