2456 4264
203 241 322 298 148
501 264 595 292 loA.
620 264 932 292 PEPERICORNI
954 262 1182 291 DEFENSIO
1207 261 1388 290 CONTRA
1409 260 1618 288 FAMosAs
1641 260 1683 288 0·
1705 261 1749 289 V.
1771 260 2039 288 RPISTOLAS.

198 408 293 443 non
332 394 479 442 debui
511 399 673 441 tamen
710 406 798 452 eqo
827 392 885 439 ob
919 405 1028 439 eam
1061 405 1263 439 causam
1301 405 1333 438 a
1358 390 1551 439 Ioanne
1579 388 1822 437 Reuchlin
1855 394 1944 437 aut
1976 402 2009 436 a
2043 390 2211 449 quovis
2244 390 2344 436 alio
2390 398 2394 403 ·

201 479 476 527 Christiano
509 478 730 537 culpari,
771 481 869 523 tum
900 476 1033 534 quod
1067 476 1188 522 mihi
1223 477 1430 535 aliisque
1465 474 1729 534 baptizatis
1763 487 1825 521 ea
1860 475 1912 521 in
1943 487 2000 521 re
2035 474 2254 520 maxime
2282 474 2346 520 sit

200 563 526 620 credendum,
573 565 734 619 utpote
781 560 832 606 in
870 559 1050 607 talibus
1084 560 1310 618 nequitiis
1347 564 1395 606 et
1435 557 1726 606 criminibus
1763 571 1796 604 a
1836 559 2030 618 puerili
2068 556 2344 618 prohdolor

112 655 179 708 εἴη·
200 653 326 705 etate
360 652 474 692 ante
509 645 800 705 baptismum
832 643 1128 701 exercitatis,
1167 647 1265 689 tum
1297 643 1430 702 quod
1450 643 1618 690 beatus
1643 641 1974 703 Hieronymus
1999 637 2022 707 ΙΙ
2044 654 2195 701 super
2218 639 2344 687 Ma—

195 731 354 789 theum
400 730 472 777 sic
503 728 687 776 scribat
722 727 829 775 Non
864 727 1134 774 condemno
1168 739 1387 774 errorem
1425 728 1511 786 qui
1543 739 1609 773 ex
1644 726 1755 773 odio
1786 726 2052 784 Iudeorum
2082 730 2131 772 et
2157 726 2344 785 pietate
2359 741 2380 773 5

190 815 313 874 fidei
337 813 570 875 procedit
598 818 662 860 .et
679 827 721 861 c.
757 812 847 870 hec
881 811 1118 858 sententia
1154 812 1344 858 cunctis
1378 810 1774 868 christifidelibus
1807 821 2112 870 summopere
2137 815 2210 857 est
2245 808 2347 856 ad-

195 899 439 957 notanda,
485 911 577 957 que
613 898 759 943 etiam
806 895 878 941 ad
919 895 1010 942 hoc
1053 900 1271 942 nostrum
1316 896 1623 955 propositum
1667 894 1972 942 sanctissime
2007 893 2348 941 concludendo

195 989 385 1031 centum
421 982 543 1030 mihi
585 982 776 1029 ducatis
821 985 892 1027 est
928 979 1148 1027 charior.
1223 978 1392 1039 Ipsam
1428 980 1557 1026 enim
1604 980 1656 1026 in
1694 977 1916 1039 Auqusta
1952 979 2066 1026 olim
2096 977 2347 1025 adnotavi.

1049 1105 1203 1153 Nota
1244 1104 1484 1153 Octavo.

340 1222 381 1268 {1
418 1221 595 1269 Dicent
627 1219 847 1279 fortasse
883 1218 1217 1277 Reuchliniste
1254 1219 1494 1277 nonnulli,
1539 1216 1611 1265 Tu
1642 1217 1974 1278 Pepericorne
2021 1217 2217 1265 stimulo
2249 1230 2344 1264 ne-
2361 1219 2404 1253 ¹0

199 1308 462 1368 quicquam
507 1306 802 1353 recalcitras
838 1303 945 1350 Non
991 1305 1117 1351 enim
1166 1304 1207 1350 is
1252 1317 1304 1350 es
1352 1304 1437 1363 qui
1467 1302 1706 1350 Ioannem
1746 1301 1991 1350 Reuchlin
2037 1305 2137 1349 tam
2175 1299 2346 1359 Iudeis

196 1403 344 1450 quam
374 1389 666 1437 Christianis
693 1389 991 1436 notissimum
1018 1400 1264 1448 superare
1300 1388 1467 1447 quovis
1491 1386 1633 1435 modo
1660 1387 1839 1448 possiS.
1912 1385 2217 1447 Responde0‚
2247 1398 2345 1433 non

196 1475 338 1521 modo
382 1473 621 1521 Ioannem
670 1472 914 1520 Reuchlin
930 1510 940 1526 ‚
988 1485 1154 1519 verum
1201 1477 1250 1519 et
1291 1485 1454 1520 omnes
1499 1472 1674 1519 mundi
1710 1472 1967 1532 principes
1999 1472 2105 1518 sola
2142 1470 2346 1517 veritate

196 1560 328 1606 vinci
350 1571 517 1619 posse,
566 1571 658 1605 nec
702 1570 806 1604 esse
848 1557 921 1603 ad
961 1556 1053 1604 hoc
1096 1558 1328 1616 cuiquam
1375 1558 1452 1604 vel
1484 1556 1734 1605 rhetorica
1771 1560 1860 1603 aut
1891 1555 2168 1603 eruditione
2204 1566 2342 1615 opus.

197 1642 304 1690 Non
339 1647 453 1690 sunt
487 1643 585 1689 viri
612 1642 727 1689 boni
761 1643 831 1689 ita
861 1642 1106 1702 simplices
1135 1648 1188 1688 ut
1217 1640 1491 1689 rationibus
1525 1642 1756 1688 instructi
1789 1653 1957 1687 verum
1991 1652 2024 1685 a
2062 1638 2200 1698 falso
2237 1638 2404 1686 dis-¹⁵

195 1740 400 1774 cernere
444 1730 707 1786 nequeant.
780 1725 889 1773 Non
929 1731 1044 1774 sunt
1086 1728 1235 1774 etiam
1276 1726 1398 1773 laici
1443 1730 1542 1772 tam
1589 1725 1744 1772 omnis
1787 1725 2028 1784 sapientie
2069 1723 2249 1783 rudeS,
2293 1727 2348 1770 ut

198 1811 321 1869 (nisi
362 1811 575 1858 sinistris
617 1811 986 1857 cavillationum
1033 1809 1320 1869 ambaqibus
1362 1808 1690 1870 seducantur)
1736 1810 1934 1856 veritati
1973 1822 2006 1855 a
2042 1821 2118 1856 me
2149 1809 2347 1869 prolate

195 1900 242 1942 et
274 1896 536 1942 verissimis
565 1893 696 1952 fulte
727 1894 1000 1942 rationibus
1037 1894 1204 1942 deesse
1235 1895 1397 1941 velint.
1474 1893 1788 1954 Quapropter
1834 1905 1925 1953 eqo
1971 1892 2222 1941 humiliter
2259 1904 2347 1939 oro

195 1986 340 2038 atque
367 1978 574 2035 ¹obsecro
609 1991 773 2025 omnes
806 1991 887 2025 vos
927 1977 1232 2026 Christianos
1268 1979 1319 2025 in
1359 1977 1552 2025 Christo
1590 1976 1765 2037 Ihesu,
1803 1977 1877 2025 ad
1907 1990 2220 2038 quoscunque
2255 1976 2346 2034 hec

192 2076 301 2110 mea
334 2064 526 2123 scripta
555 2064 896 2122 pervenerint,
941 2067 996 2111 ut
1024 2063 1147 2110 mihi
1183 2076 1343 2124 nuper
1382 2062 1633 2123 baptizato
1667 2067 1717 2110 et
1743 2063 1896 2110 solam
1931 2063 2184 2110 veritatem
2215 2063 2344 2110 citra
2359 2067 2404 2100 20

192 2149 523 2207 cuiuscunque
560 2145 903 2207 offensionem,
952 2150 1095 2196 immo
1129 2149 1290 2208 potius
1337 2147 1408 2194 ad
1441 2147 1775 2196 necessariam
1813 2147 2026 2195 omnium
2061 2144 2347 2196 instructioss

192 2245 302 2279 nem
336 2233 587 2292 profitenti
616 2232 862 2291 adherere
897 2234 1079 2290 velitis,
1127 2234 1344 2280 maxime
1376 2233 1464 2292 qui
1496 2236 1717 2294 paratus
1751 2233 1842 2280 sim
1874 2231 2018 2291 falsa
2049 2233 2095 2280 si
2131 2245 2224 2292 que
2261 2245 2346 2279 es-

192 2321 300 2364 sent
333 2330 433 2364 non
469 2317 626 2365 solum
663 2330 929 2377 revocare,
980 2318 1071 2365 sed
1117 2319 1291 2365 mortis
1325 2319 1622 2366 sententiam
1649 2331 1753 2379 pro
1789 2317 1892 2365 illis
1927 2322 1976 2365 et
2002 2330 2106 2378 pro
2142 2317 2346 2365 minimo

192 2402 339 2448 etiam
376 2402 640 2448 mendacio
676 2415 850 2449 coram
887 2416 1184 2463 quocunque
1227 2397 1493 2463 tribunali,
1548 2415 1658 2450 cum
1704 2403 1930 2450 maxima
1967 2403 2068 2450 mei
2111 2402 2342 2461 nominiS,

193 2498 509 2544 meorumque
545 2488 759 2534 omnium
797 2486 879 2545 (id
913 2488 1050 2547 quod
1077 2486 1229 2546 sactu
1266 2485 1620 2546 difficillimum
1650 2485 1819 2547 foret)
1856 2485 2078 2545 infamia
2126 2487 2345 2547 turpiter
2359 2492 2404 2526 2⁵

191 2569 372 2616 subire.

336 2653 377 2699 (I
415 2654 670 2702 Postremo
707 2660 762 2703 ut
791 2656 1021 2715 predicte
1046 2656 1312 2704 obiectioni
1331 2654 1651 2713 satisfaciam
1675 2655 1803 2704 Dico
1829 2656 2072 2704 Ioannem
2098 2655 2344 2704 Reuchlin

194 2737 380 2784 habere
414 2740 797 2798 conscientiam,
840 2754 933 2799 que
962 2741 1122 2801 plura
1158 2754 1274 2801 sepe
1306 2745 1485 2801 potest,
1527 2754 1676 2801 quam
1715 2742 1924 2790 ducenti
1955 2745 2100 2799 testes
2136 2753 2199 2788 ac
2235 2741 2344 2787 toti-

196 2821 305 2868 dem
342 2822 485 2881 libri,
539 2827 587 2870 et
624 2823 688 2870 ab
725 2824 818 2871 illa
856 2825 1059 2872 tandem
1096 2838 1202 2872 sese
1237 2826 1492 2885 intelliqat
1527 2826 1842 2874 vincendum.
1922 2825 2068 2882 Quod
2101 2839 2165 2873 ne
2201 2826 2348 2872 nimis

193 2918 305 2952 sero
336 2908 433 2964 fiat
468 2908 626 2967 ipsius
662 2906 827 2966 oflicii
859 2913 932 2956 est
956 2909 1247 2970 providere.
2191 2968 2194 2974 ,
2358 2916 2402 2950 ³⁰

947 3034 1249 3095 Sequitur
1284 3036 1581 3085 historia.

334 3143 445 3190 Hoc
480 3146 739 3203 neqocium
776 3149 969 3195 erroris
993 3161 1056 3195 ac
1080 3148 1267 3206 heresis
1291 3149 1477 3197 dictum
1501 3154 1574 3197 est
1596 3151 2087 3210 maqnificentissimo
2113 3164 2176 3199 ac
2203 3151 2344 3199 Chri-
2372 3201 2377 3204 ,

193 3226 491 3274 stianissimo
528 3228 659 3288 Reqi
693 3231 916 3289 Francie
962 3237 1010 3279 et
1047 3234 1319 3293 presertim
1368 3234 1430 3279 de
1474 3234 1727 3282 mandatis
1771 3235 2119 3295 imperialibus
2162 3240 2343 3284 contra

194 3309 350 3356 libros
372 3309 676 3360 Reuchlinos
703 3316 890 3362 emissis
915 3319 963 3364 et
999 3330 1289 3377 quanquam
1315 3317 1430 3365 Rex
1455 3318 1679 3379 Francie
1715 3323 1763 3366 et
1797 3320 2073 3380 imperator
2108 3321 2160 3367 in
2197 3320 2345 3367 rebus

192 3393 501 3450 secularibus
536 3402 684 3443 erant
719 3398 1000 3459 discordes,
1050 3405 1214 3448 tamen
1263 3406 1316 3449 ut
1350 3402 1442 3459 hec
1478 3406 1527 3449 et
1560 3404 1747 3451 similia
1781 3404 1879 3452 hoc
1913 3404 2025 3451 Ioco
2059 3405 2213 3452 missa
2249 3412 2400 3463 eqoat»

82 3489 172 3543 5551»
186 3475 413 3535 faciam,
451 3472 472 3543 ΙΙ
499 3479 803 3538 imperatore
844 3484 992 3541 sidem
1038 3485 1369 3534 christianam
1407 3488 1669 3547 tanqentia
1706 3489 1954 3535 consensit
1989 3500 2052 3535 ac
2087 3493 2342 3548 sequentes

191 3561 386 3608 litteras
422 3562 494 3608 ad
527 3565 888 3614 sanctissimum
920 3581 1113 3627 papam
1149 3571 1353 3629 scripsit
1387 3576 1622 3618 sonantes
1657 3573 1721 3619 de
1755 3572 1904 3620 verbo
1929 3573 2003 3620 ad
2022 3572 2224 3620 verbum
2249 3572 2344 3620 hoc

193 3645 356 3692 modo,

304 3838 341 3866 ²⁹
360 3840 522 3882 vicfidfi
546 3843 584 3882 1.
