2456 4264
243 244 363 301 212
833 263 1068 291 EPIS'I'OLAE
1091 259 1396 290 OBSCVRORVM
1418 259 1630 288 VIRORVM
1651 258 1797 288 NOVAE.

244 399 291 444 in
330 396 472 444 Curia
512 394 753 448 Romana,
804 391 913 452 quia
955 390 1001 435 in
1041 386 1171 434 ltalia
1211 393 1325 434 sunt
1362 386 1628 434 doctissimi
1667 386 1779 442 viri,
1829 391 1878 434 et
1914 385 2075 434 statim
2112 383 2387 446 intelligent

244 478 492 528 stultitiam
533 483 579 524 et
618 476 872 523 vanitatem
911 467 1303 532 Theologorum‚
1355 471 1466 533 quia
1504 469 1658 532 Rome
1708 484 1807 516 non
1856 474 2093 535 curantur
2130 467 2250 516 tales
2289 467 2385 516 sra-

242 560 427 623 scarie’.
504 561 562 607 Et
600 559 741 605 etiam
781 556 924 604 dixit:
967 553 1133 610 ‘Quale
1172 555 1364 616 signum
1403 562 1475 602 est
1513 553 1622 607 hoc,
1663 553 1794 615 quod
1821 552 2058 613 Theologi
2083 566 2182 600 non
2209 551 2389 600 audent

243 644 520 692 nominibus
559 641 774 704 propriis
813 639 1033 688 scribere
1073 643 1244 685 contra
1284 638 1550 686 Iohannem
1590 635 1831 685 Reuchlin
1870 641 1918 684 et
1957 636 2264 699 coherenteS,
2304 635 2389 683 sed

243 727 567 776 subordinant
613 739 765 772 unum
813 723 1049 772 bufonem
1099 722 1182 784 qui
1230 735 1389 783 neque
1438 721 1678 769 honorem
1728 735 1887 784 neque
1924 719 2052 767 bona
2091 718 2238 767 habet
2274 733 2427 781 per-5

244 813 385 866 dere,
427 816 474 858 et
510 810 625 857 huic
664 808 950 856 adscribunt
986 805 1185 854 libros?
1227 804 1366 852 Tunc
1404 804 1636 867 respondi
1675 817 1792 865 ego:
1835 802 2157 851 ‘I‘sefferkorn
2195 802 2391 865 quidem

245 895 518 958 composuit
555 893 834 946 materiam,
888 891 970 939 sed
1011 890 1238 951 Magister
1278 888 1507 937 Ortvinus
1555 894 1724 952 postea
1762 886 2051 935 latinisavit'.
2127 886 2254 934 Dixit
2290 886 2391 950 ple-

244 979 424 1027 banus:
478 978 626 1025 ‘Bene
666 977 765 1024 scio
805 976 933 1039 quod
974 974 1204 1022 Ortvinus
1243 973 1520 1036 composuit
1556 971 1650 1019 hoc
1686 970 1915 1028 latinum,
1964 972 2075 1034 quia
2114 971 2274 1018 statim
2313 985 2393 1018 co-

245 1058 588 1124 gnovi'stilum
629 1076 799 1114 suum;
852 1060 996 1107 etiam
1047 1059 1145 1105 scio
1186 1057 1317 1119 quod
1356 1058 1459 1120 ipse
1499 1055 1727 1104 Ortvinus
1766 1061 1838 1103 est
1875 1055 1935 1103 de
1974 1054 2100 1102 bona
2138 1055 2391 1117 progenie,

245 1146 427 1194 scilicet
465 1143 767 1192 sacerdotali.
844 1143 939 1192 Sed
978 1142 1146 1190 dicatis
1185 1141 1301 1189 mihi
1340 1155 1515 1189 unum:
1556 1140 1651 1187 Vos
1688 1138 1876 1187 habetis
1915 1139 2056 1187 fateri
2094 1139 2223 1202 quod
2261 1137 2456 1186 Fies-{⁰2

246 1229 447 1278 ferkorn
487 1243 585 1276 non
624 1227 714 1275 scit
750 1225 1077 1290 Alphabetum
1117 1224 1335 1274 latinum.
1412 1224 1472 1272 Et
1509 1225 1548 1271 si
1585 1238 1683 1271 non
1723 1224 1814 1271 scit
1850 1221 2191 1286 alphabetum,
2241 1221 2393 1270 multo

245 1315 406 1362 minus
444 1315 534 1360 scit
570 1311 750 1373 legere.
826 1310 885 1358 Et
923 1312 963 1359 si
1000 1325 1096 1358 non
1135 1310 1223 1358 scit
1260 1308 1442 1370 legere,
1482 1307 1635 1355 multo
1672 1308 1833 1355 minus
1871 1307 1962 1355 scit
1987 1305 2272 1368 intelligere.
2335 1307 2395 1355 Et

246 1399 286 1445 si
324 1412 421 1445 non
459 1397 549 1443 scit
586 1393 873 1457 intelligere,
914 1393 1067 1442 multo
1107 1395 1266 1441 minus
1304 1395 1394 1440 scit
1420 1391 1639 1440 scribere
1668 1398 1715 1440 et
1740 1405 2056 1454 componere.
2134 1391 2194 1439 Et
2230 1390 2392 1437 sinon

246 1483 336 1530 scit
381 1479 547 1542 legere
596 1494 756 1542 neque
805 1477 1078 1540 intelligere
1131 1493 1289 1540 neque
1329 1477 1572 1530 scribere,
1625 1474 1776 1524 multo
1816 1476 1976 1523 minus
2014 1475 2106 1522 scit
2143 1474 2394 1537 disputare
2455 1475 2456 1478 ’

245 1565 306 1613 de
345 1565 447 1613 istis
486 1562 820 1627 questionibus
859 1577 978 1624 quas
1018 1577 1162 1609 nemo
1203 1567 1360 1623 potest
1397 1575 1570 1623 sapere
1608 1560 1699 1607 nisi
1735 1560 1796 1607 sit
1833 1558 2244 1623 profundissimus
2270 1557 2392 1607 litte·
2410 1551 2456 1619 151

245 1654 395 1697 ratus,
471 1645 727 1702 Quomodo
780 1660 898 1708 ergo
947 1653 1019 1693 est
1067 1643 1296 1708 possibile
1346 1645 1474 1708 quod
1523 1646 1626 1708 ipse
1665 1644 1936 1707 composuit
1977 1643 2103 1690 hanc
2140 1643 2394 1690 materiam
2455 1634 2456 1697 Ϊ

248 1731 321 1780 vel
359 1731 506 1780 latine
542 1729 617 1778 vel
653 1731 903 1778 teutonice
950 1728 1022 1777 vel
1073 1728 1335 1776 hebraice?
1383 1728 1630 1791 Respondi
1679 1727 1810 1789 quod
1860 1727 2048 1774 videtur
2095 1725 2215 1774 mihi
2265 1725 2456 1790 quod]

245 1814 552 1864 Pfefferkorn
599 1812 747 1862 habet
794 1815 860 1861 ita
906 1812 1231 1861 illuminatum
1280 1811 1608 1868 intellectum,
1660 1816 1709 1859 et
1754 1811 1823 1858 ita
1866 1825 1981 1874 sepe
2030 1810 2210 1859 audivit
2256 1811 2394 1858 istam

244 1900 496 1947 materiam
551 1897 681 1960 quod
729 1897 984 1945 adiuvante
1037 1896 1127 1945 deo
1179 1901 1225 1944 et
1273 1912 1330 1943 ex
1382 1896 1611 1943 instinctu
1660 1895 2024 1958 spiritussancti
2073 1894 2200 1943 bene
2237 1899 2396 1958 potest
2454 1906 2456 1960 3

245 1984 494 2045 disputare
533 1981 762 2043 desuper.
838 1981 897 2028 Et
935 1995 1081 2028 causa
1123 1979 1200 2028 illa
1241 1987 1314 2028 est
1349 1981 1415 2027 ita
1443 1979 1611 2036 facilis,
1654 1979 1782 2042 quod
1811 1977 2049 2027 Reuchlin
2077 1984 2243 2041 posset
2267 1962 2456 2040 vinciae(¹

243 2068 291 2114 in
332 2082 386 2115 ea
427 2066 568 2114 etiam
609 2080 698 2128 per
737 2080 944 2113 uxorem
984 2063 1348 2113 Psefferkorns'.
1424 2063 1552 2111 Dixit
1604 2062 1865 2126 plebanus:
1916 2062 2112 2111 ‘Verum
2163 2067 2236 2110 est
2282 2061 2392 2110 hoc.

245 2150 364 2207 Quia
406 2149 554 2198 credo
595 2149 724 2212 quod
763 2164 969 2198 uxorem
1009 2148 1237 2197 Iohannis
1274 2146 1583 2197 Psel'ferkorn
1632 2161 1730 2194 non
1782 2148 2034 2196 vincerent
2071 2147 2285 2211 quinque
2322 2147 2394 2195 iu·

245 2250 389 2283 venes
427 2233 652 2297 quadrati
689 2233 858 2282 rustici
898 2249 953 2280 ex
985 2231 1296 2295 Westphalia,
1338 2230 1489 2281 multo
1528 2232 1691 2280 minus
1726 2231 1969 2280 Iohannes
2006 2230 2274 2288 Reuchlin,
2314 2231 2397 2295 qui

245 2325 317 2367 est.
354 2333 502 2366 senex
543 2323 589 2366 et
627 2316 799 2365 debilis
838 2322 885 2365 et
921 2331 1010 2380 per
1038 2317 1354 2379 Consequens
1391 2317 1649 2379 impotem,
1687 2311 1871 2378 poterit
1896 2331 2002 2364 eam
2034 2315 2241 2364 vincere.
2299 2314 2392 2364 Sed
2452 2378 2456 2385 ἱ

243 2403 395 2450 miror
435 2401 565 2465 quod
605 2401 949 2449 Sanctissimus
987 2400 1214 2448 dominus
1239 2400 1370 2463 Papa
1411 2405 1458 2448 et
1496 2401 1638 2448 etiam
1677 2399 1948 2464 Imperator
1987 2405 2154 2447 noster
2193 2401 2392 2461 permit-
2407 2386 2456 2495 2ῡί

242 2491 352 2534 tunt
390 2491 519 2533 tanta
559 2483 787 2533 scandala
825 2485 930 2532 fieri
967 2500 1056 2547 per
1095 2485 1238 2533 istum
1279 2484 1527 2532 Iudaicum
1581 2483 1840 2540 bufonem,
1894 2483 2025 2548 quod
2074 2483 2221 2532 debet
2265 2489 2394 2533 stare
2452 2496 2456 2550 :J

245 2572 292 2618 in
330 2569 439 2617 loco
479 2570 635 2616 sacro'
658 2574 705 2616 et
743 2567 999 2631 predicare
1037 2567 1220 2630 populo
1260 2574 1307 2617 et
1346 2568 1463 2616 dare
1502 2567 1921 2625 benedictionem,
1971 2574 2019 2617 et
2066 2567 2228 2617 facere
2266 2567 2392 2626 talia,

246 2669 340 2717 que
389 2653 428 2699 si
475 2647 659 2700 faceret
707 2666 835 2700 unus
882 2650 1047 2716 laycus
1098 2653 1182 2716 qui
1230 2653 1398 2701 fuisset
1445 2667 1642 2716 semper
1693 2651 2020 2709 ChristianUS,
2068 2658 2230 2701 tamen
2280 2650 2395 2716 nihil

244 2736 360 2784 boni
399 2735 693 2785 deberemus
731 2735 967 2798 suspicari
1007 2736 1066 2783 de
1106 2751 1188 2792 eo;
1230 2735 1382 2784 multo
1420 2738 1582 2785 minus
1620 2737 1679 2785 de
1705 2736 1853 2801 ludeo
1891 2736 2149 2800 baptizato,
2191 2738 2392 2800 quinon
2449 2723 2456 2782 1

245 2819 391 2869 dehet
416 2819 616 2883 probari
643 2819 775 2884 quod
816 2820 961 2868 fuerit
1000 2819 1158 2868 bonus
1185 2820 1503 2878 ChristianUS,
1543 2822 1635 2869 nisi
1671 2826 1784 2884 post
1819 2826 2044 2869 mortem.
2119 2821 2180 2870 Et
2216 2822 2254 2868 si
2293 2831 2456 2871 nonaot

245 2904 482 2952 deberent
518 2904 611 2953 hoc
649 2905 770 2968 pati,
820 2903 972 2952 multo
1021 2905 1182 2953 minus
1230 2904 1468 2953 deberent
1503 2906 1601 2968 pati
1640 2904 1770 2969 quod
1809 2906 1912 2968 ipse
1960 2905 2304 2953 intromitteret
2341 2919 2392 2954 se
2448 2916 2456 2965 1

243 2990 292 3036 111
332 2988 679 3058 disputationes
718 2988 1120 3037 Doctissimorum
1163 2990 1409 3046 virorum,
1450 2995 1497 3037 et
1534 2988 1887 3038 scandalizaret
1923 2989 2291 3038 honestissimos
2329 2989 2392 3036 vi·
2454 3004 2456 3035 1

243 3087 340 3121 ros,
414 3072 522 3136 Ipse
561 3071 762 3120 deberet
800 3073 1033 3135 suspendi
1072 3088 1182 3121 cum
1221 3072 1358 3121 libris
1397 3079 1444 3122 et
1481 3072 1724 3122 scandalis
1762 3074 1876 3130 suiS‚
1915 3075 2041 3122 sicut
2078 3074 2159 3122 diu
2186 3071 2391 3122 meruit’.

244 3156 489 3219 Respondi
538 3155 668 3219 quod
716 3155 981 3219 predicatio
1029 3156 1256 3205 Iohannis
1304 3157 1607 3206 Pfeffercorn
1658 3173 1756 3206 non
1805 3158 1897 3206 fuit
1943 3158 2259 3220 pontificalis,
2307 3155 2392 3206 sed
2446 3171 2456 3221 j

244 3239 334 3287 suit
370 3238 564 3302 laycalis
603 3246 649 3287 et
686 3239 889 3303 simplex
930 3241 1200 3288 instructio.
1276 3241 1371 3290 Sed
1411 3242 1470 3290 de
1508 3241 1644 3290 libris
1683 3243 1786 3291 eius
1822 3241 2135 3290 manifestum
2164 3248 2236 3291 est
2261 3231 2456 3306 quoda-ai

244 3323 347 3385 ipse
387 3322 602 3370 defendit
637 3339 689 3371 se
728 3330 896 3372 contra
936 3325 1201 3373 Iohannem
1242 3325 1481 3374 Reuchlin
1521 3327 1603 3390 qui
1639 3325 1946 3390 parvipendit
1993 3341 2120 3380 eum,
2192 3327 2252 3375 Et
2289 3327 2390 3388 ipse
2444 3327 2456 3378 1

2453 2043 2456 2115 i

2452 2121 2456 2211 ἔ

357 3502 369 3528 ¹
402 3502 639 3543 Rhomana
670 3508 710 3543 5.
789 3504 806 3530 ²
837 3505 1087 3546 stulticiam
1109 3511 1150 3549 5.
1227 3508 1448 3547 vanitate
1469 3509 1565 3547 4.5.
1645 3507 1766 3557 Quia
1798 3510 1838 3549 4.
1918 3508 2073 3562 rhome
2096 3513 2135 3552 5.
2224 3507 2272 3534 2³
2306 3521 2328 3548 0
2351 3508 2391 3548 4.
2443 3548 2450 3556 ,

242 3586 267 3626 e
300 3576 339 3613 5.
427 3572 541 3612 hoc?
575 3575 615 3614 4.
629 3577 670 3613 5.
757 3572 774 3598 ‘¹
804 3576 1023 3615 Ioannem
1054 3580 1095 3615 5.
1185 3576 1202 3601 ⁶
1230 3577 1533 3618 PfefferKorn
1563 3580 1604 3616 5.
1710 3577 1728 3602 ⁷
1757 3577 1816 3618 M.
1842 3577 1914 3621 02.
1938 3581 1978 3618 4.
2067 3579 2084 3604 ⁸
2115 3578 2320 3631 copusuit
2349 3578 2389 3616 4.
2441 3576 2446 3624 1

243 3641 279 3667 ¹⁰
308 3642 448 3682 miehi
479 3646 521 3682 5.
599 3642 786 3683 Pfeffer.
809 3648 847 3684 5.
927 3643 961 3669 ¹²
991 3644 1156 3697 minus]
1187 3647 1323 3686 nimis
1354 3650 1394 3686 4.
1485 3646 1519 3673 ¹⁷
1549 3646 1812 3687 theutonice
1844 3652 1884 3687 5.
1964 3649 2104 3688 miehi
2135 3653 2200 3690 5.-
2255 3646 2289 3674 ¹⁸
2318 3636 2390 3686 In·
2441 3657 2445 3681 1

243 3712 455 3752 tellecffi:
490 3714 529 3751 4.
543 3715 584 3751 5.
662 3711 695 3737 ²¹
728 3713 1034 3765 Pepericozni.
1058 3718 1098 3753 5.
1157 3713 1193 3740 ²²
1224 3716 1410 3755 Ioannis
1441 3716 1628 3755 Pfeffer.
1651 3719 1692 3756 5.
1750 3714 1836 3740 ²²²3
1866 3718 2062 3758 quenes
2093 3719 2185 3759 4.5.
2264 3715 2389 3756 Vest-
2441 3722 2443 3746 ἵ

242 3782 423 3834 phalia:
460 3784 502 3821 3.
589 3779 625 3805 ²5
658 3811 668 3821 .
694 3781 768 3821 sed
798 3786 837 3822 5.
898 3781 934 3807 ²⁷
965 3812 974 3821 .
999 3784 1058 3822 Et
1090 3787 1179 3824 4.5.
1267 3783 1302 3808 ²⁹
1333 3786 1400 3823 Eo
1433 3787 1472 3825 4.
1567 3782 1604 3808 3²
1635 3785 1728 3823 :Et
1760 3787 1799 3826 4.
1894 3786 1931 3816 33
1962 3817 1973 3827 .
2006 3786 2098 3839 Ipsi
2127 3789 2170 3826 4.
2256 3783 2292 3810 34
2321 3785 2390 3824 Io·
2440 3795 2442 3798 ’

243 3852 374 3890 anuis
405 3850 687 3893 Pfeffereom
718 3855 758 3891 5.
847 3850 883 3875 ³5
915 3866 924 3890 :
951 3853 1025 3892 sed
1055 3857 1096 3895 5.
1183 3850 1220 3876 ³⁶
1250 3854 1379 3893 Ioan.
1402 3858 1442 3894 5.
2294 3867 2301 3872 ⁴
2372 3865 2376 3869 “
