2456 4264
624 269 770 297 lum-:x
792 268 951 297 EORVM
974 268 1076 302 QVAE
1100 267 1189 295 HOC
1213 266 1455 295 VOLVMINE
1479 266 1825 294 CONTINENTVR.
2211 261 2300 300 VI[

2210 393 2298 437 pag.

134 465 216 514 15.
256 454 561 507 Guilhelmus
599 453 1046 505 Scherscleifferius
1085 452 1301 502 Ortvino.
1448 452 1833 503 Franckfurdiae.
1889 492 1900 502 .
1979 493 1989 502 .
2066 491 2078 503 .
2154 461 2222 503 23.
2245 463 2301 502 24

272 530 528 589 Querulosa
566 530 621 576 de
658 530 830 576 Ortvini
868 530 914 575 in
951 527 1119 574 litteris
1155 527 1315 573 dandis
1361 527 1649 588 neglegentia
1698 526 2003 590 expostulatio
2044 536 2088 574 et

271 608 324 649 ut
377 601 560 649 crebras
607 601 683 647 det
719 600 934 663 precatio.
1008 599 1095 648 Pro
1147 598 1525 660 praedicatoribus
1573 605 1732 645 contra
1779 599 2082 646 Reuclilinum

270 674 500 735 huiusque
538 673 775 735 speculum
813 671 996 719 oculare
1032 672 1106 733 pia
1144 677 1263 717 vota.

132 776 212 826 16.
252 769 508 820 Matthaeus
544 767 886 820 Mellilambius
924 766 1126 817 Ortvino
1166 767 1352 817 Gratio.
1499 766 1775 830 Maguntiae.
1889 806 1898 816 .
1979 807 1988 816 .
2068 807 2078 816 .
2155 775 2222 818 24.
2244 776 2298 816 25

267 845 376 892 Cum
414 845 595 891 inimico
630 843 828 894 Ortvini,
867 843 989 889 hunc
1023 841 1251 903 spurium,
1301 849 1489 888 matrem
1527 842 1626 888 eius
1663 842 1970 893 meretricem,
2008 857 2085 903 pa-

270 925 383 963 trem
419 915 740 978 presbyterum
777 928 878 960 esse
917 915 962 960 in
1000 913 1162 974 volgus
1201 913 1362 960 edente
1400 912 1688 959 contentiose
1726 913 1928 974 disputat
1967 915 2076 959 seri-

266 995 386 1050 ptor.

129 1078 209 1127 17.
249 1071 459 1120 loannes
494 1069 622 1134 Hipp
662 1067 866 1118 Ortvino
905 1067 1088 1118 Grati0.
1237 1065 1476 1132 (Lz'psz'oe.)
1540 1106 1550 1116 .
1629 1106 1638 1116 .
1717 1106 1727 1115 .
1804 1105 1815 1115 .
1893 1106 1903 1114 .
1979 1103 1991 1116 .
2064 1106 2074 1116 .
2138 1074 2298 1117 26..,28

268 1145 328 1191 De
353 1143 719 1205 Aesticampiano
757 1157 843 1204 per
878 1141 1126 1204 magistros
1150 1140 1411 1203 Lipsienses
1448 1140 1504 1187 ab
1542 1142 1837 1187 universitate
1863 1141 2082 1203 relegato,

266 1217 439 1263 frustra
476 1230 559 1277 pro
598 1214 678 1260 illo
717 1213 1025 1260 intercedente
1063 1213 1290 1275 principe,
1330 1219 1376 1259 et
1413 1212 1469 1259 de
1494 1213 1684 1259 Andreae
1710 1211 1919 1258 Delitiani
1945 1212 2085 1273 magi-

266 1288 442 1357 strique
467 1286 800 1347 Rotburgensis
839 1285 1044 1332 doctrina
1081 1286 1355 1347 poeticoque
1393 1285 1594 1346 ingenio.
1667 1284 1847 1346 Expetit
1885 1286 2085 1346 script01

266 1359 439 1406 Ortvini
476 1320 671 1404 librumD
681 1363 840 1404 contra
876 1355 1124 1408 Reuchliu,
1163 1362 1210 1402 et
1246 1362 1298 1402 ut
1335 1358 1433 1418 ipse
1472 1355 1526 1402 ab
1554 1355 1739 1402 Ortvino
1779 1357 1976 1402 carmine
2013 1371 2085 1402 ce·

264 1429 485 1477 lebretur.

125 1533 207 1584 18.
245 1527 423 1578 Petrus
458 1524 725 1591 Negelinus
763 1524 964 1575 Ortvino
1003 1525 1189 1576 Gratio,
1336 1525 1388 1573 in
1426 1523 1655 1574 TreviriS.
1709 1565 1719 1575 .
1797 1564 1807 1575 .
1886 1564 1896 1574 .
1976 1566 1985 1575 .
2065 1565 2075 1575 .
2153 1531 2299 1575 2829

261 1601 520 1664 Discipulus
556 1601 710 1647 timide
748 1600 975 1662 quondam
1013 1601 1311 1661 praeceptoris
1349 1599 1516 1646 iudicio
1554 1613 1733 1646 carmen
1772 1601 1817 1646 in
1843 1600 2020 1646 laudem
2048 1616 2084 1646 s.

262 1674 384 1720 Petri
422 1672 738 1734 conpositum,
784 1670 971 1718 musicis
1020 1685 1203 1733 quoque
1250 1671 1397 1717 modis
1445 1672 1716 1718 cantandum
1762 1672 2087 1733 transcriptum

265 1744 516 1796 submittit,
566 1750 614 1791 et
653 1743 763 1805 quid
800 1743 855 1789 de
893 1743 1116 1789 sententia
1154 1742 1359 1805 Spirensi
1397 1743 1575 1790 dicatur
1614 1758 1665 1789 ac
1702 1743 1756 1789 de
1794 1744 2082 1798 Hochstrato,

262 1817 414 1865 Romae
463 1815 660 1863 feliciter
702 1815 828 1861 litem
871 1820 1208 1876 prosequente,
1259 1814 1448 1866 indicat,
1498 1813 1794 1861 Colonienses
1839 1816 2085 1876 magistros

261 1903 313 1934 ac
349 1887 594 1949 theologos
631 1901 733 1934 cum
769 1885 1098 1933 Psell‘erkornio
1138 1901 1223 1932 suo
1261 1887 1445 1933 nomine
1484 1885 1702 1933 salutans.

124 1990 204 2040 19.
243 1984 523 2049 Stephanus
549 1982 844 2034 Calvastrius
870 1982 1072 2034 Ortvino
1101 1984 1285 2034 GratiO.
1419 1999 1478 2033 ex
1505 1982 1805 2034 Monasterio
1843 1984 1892 2033 in
1921 1982 2082 2033 West·

461 2054 625 2121 phalia
630 2092 2074 2105 .................
2151 2062 2219 2106 29.
2242 2063 2297 2105 30

262 2130 481 2183 „Carmen
520 2132 741 2191 scriptum
779 2131 824 2175 in
863 2136 1013 2176 morte
1050 2129 1256 2190 magistri
1293 2129 1441 2176 nostri
1469 2129 1633 2190 Sotphi
1669 2131 1715 2175 in
1751 2130 1889 2176 bursa
1914 2130 2081 2182 Kneck,

263 2204 340 2264 qui
378 2201 486 2249 olim
525 2203 786 2263 composuit
824 2200 998 2262 glosam
1038 2201 1314 2247 notabilem’'
1361 2208 1513 2247 utrum
1553 2201 1726 2247 Ortvini
1774 2203 1834 2247 sit
1882 2217 1937 2248 an
1974 2217 2079 2254 non,

260 2275 416 2335 itaque
452 2280 608 2320 utrum
645 2273 815 2319 bonum
854 2274 914 2318 sit
953 2287 1007 2318 an
1046 2272 1210 2319 habeat
1247 2273 1376 2324 vitia,
1415 2274 1650 2334 quaeritur.

119 2374 203 2426 20.
242 2369 449 2420 loannes
486 2368 829 2420 Lucibularius
867 2369 1069 2419 Ortvino
1109 2368 1294 2418 Gratio.
1443 2385 1501 2419 ex
1540 2372 1709 2419 Suollis
1716 2407 2080 2421 .....
2241 2379 2293 2421 31

260 2445 432 2492 Ortvini
458 2444 706 2492 Daventriae
733 2443 1025 2505 Coloniaeque
1051 2444 1278 2506 quondam
1306 2443 1574 2506 discipulus,
1613 2459 1732 2491 nunc
1757 2444 1963 2492 misellus
1989 2445 2083 2492 ludi

260 2517 478 2578 magister
513 2515 708 2578 imaeque
744 2517 869 2563 vocis
906 2523 1087 2568 cantor,
1136 2523 1187 2562 ut
1233 2515 1310 2562 ille
1360 2516 1755 2563 commendaticias
1801 2516 1978 2563 litteras
2028 2519 2081 2564 ad

259 2587 611 2648 collaboratoris
648 2602 815 2635 munus
855 2587 1153 2650 optinendum
1203 2588 1310 2634 dare
1358 2587 1487 2641 velit,
1544 2588 1830 2650 supplicibus
1867 2589 2081 2650 precibus

258 2661 444 2722 expetit.
1334 2675 1337 2678 ·

119 2760 201 2811 21.
243 2755 500 2808 Conradus
537 2756 598 2807 de
636 2756 887 2806 Zuiccavia
927 2755 1132 2806 Ortvino
1172 2757 1356 2807 Grati0.
1504 2773 1562 2807 ex
1602 2756 1851 2823 Lyptzick.
1967 2798 1976 2808 .
2056 2798 2066 2808 .
2132 2765 2293 2809 31...33

257 2831 555 2894 Respondeas
581 2831 636 2878 ad
663 2831 834 2877 Ortvini
860 2831 915 2877 de
952 2830 1088 2877 huius
1127 2831 1171 2876 in
1212 2845 1364 2878 amore
1393 2831 1681 2878 successibus
1707 2831 1939 2878 Conradus
1968 2849 2080 2895 quo-

255 2903 391 2950 modo
438 2904 535 2964 ipse
582 2902 627 2948 in
674 2902 914 2950 Dorotlieae
963 2918 1056 2950 sua}
1105 2902 1480 2950 consuetudinem
1528 2904 1727 2955 venerit,
1777 2919 1876 2965 quae
1914 2906 2081 2952 amoris

257 2974 615 3036 experimentum
665 2987 846 3021 crucem
893 2975 1047 3021 domui
1098 2974 1323 3036 adpictam
1372 2974 1571 3021 osculari
1621 2975 1781 3022 iubens
1830 2978 1973 3038 cepit,
2034 2984 2079 3023 et

257 3046 313 3092 de
350 3046 488 3092 huius
525 3044 714 3108 periculi
753 3046 877 3092 exitu
903 3052 1082 3103 narrat,
1121 3053 1351 3108 cantuque
1377 3053 1604 3093 nocturno
1644 3045 1796 3108 (quem
1826 3055 2077 3095 serenatam

257 3116 488 3179 appellare
525 3116 580 3164 ab
619 3117 831 3179 Hispanis
868 3116 1124 3177 didicimus)
1173 3119 1357 3165 amicam
1406 3118 1664 3165 celebrasse
1715 3119 1881 3172 refert,
1929 3122 2078 3167 consi-

257 3188 460 3250 liumque
497 3190 563 3235 rei
601 3189 834 3236 amatoria}
873 3188 989 3235 bene
1026 3190 1236 3250 gerendae
1275 3190 1329 3236 ab
1369 3190 1556 3236 Ortvino
1595 3191 1724 3252 petit.

115 3287 196 3339 22.
236 3284 521 3337 Gerhardus
560 3284 893 3350 Schirruglius
931 3286 1135 3336 Ortvino
1174 3286 1358 3336 Gratio.
1507 3303 1566 3336 ex
1603 3286 1869 3351 Moguntia.
1967 3328 1977 3337 .
2059 3329 2066 3338 .
2132 3295 2290 3339 33...35

256 3360 448 3407 Paenitet
487 3361 691 3406 iuvenem
730 3375 819 3407 non
848 3360 1048 3408 Coloniae
1087 3362 1238 3408 studia
1277 3376 1357 3407 sua
1394 3368 1689 3423 prosecutum
1729 3377 1855 3415 esse,
1896 3363 1972 3409 ubi
2012 3364 2077 3408 in-

258 3437 328 3479 ter
365 3431 554 3478 devotos
591 3432 734 3483 cives,
774 3432 1017 3492 diligentes
1054 3434 1300 3495 magistros
1328 3448 1379 3480 ac
1404 3433 1683 3480 verecundos
1710 3433 1958 3496 discipulos
1986 3450 2076 3481 me-

257 3501 346 3549 lius
383 3501 607 3564 proficere
645 3500 896 3564 potuisset,
948 3519 1082 3566 quam
1121 3505 1394 3566 Moguntiae,
1446 3506 1565 3551 inter
1604 3505 1830 3566 superbos
1868 3505 2076 3567 petulan-

258 3579 418 3636 tesque
456 3574 803 3626 comissatores,
845 3575 1010 3635 quibus
1054 3578 1205 3623 tunica
1244 3576 1412 3622 domini
1453 3577 1768 3629 Treverensis,
1812 3584 1904 3623 tres
1945 3591 2075 3638 reges

223 3647 226 3650 ’
259 3644 562 3697 Colonienss,
601 3645 808 3707 reliquiae
848 3646 991 3695 beatze
1029 3649 1218 3709 virginis
1260 3663 1310 3695 ac
1350 3663 1385 3694 s.
1427 3648 1654 3695 Michaelis
1693 3663 1795 3696 cuin
1837 3649 2074 3709 indulgen-

259 3716 332 3762 tiis
371 3716 720 3777 praedicatorum
759 3717 956 3765 ludibrio
997 3727 1126 3771 sunt,
1176 3721 1254 3781 qui
1292 3719 1591 3766 Reuchlinum
1638 3720 1848 3770 laudant,
1900 3720 2075 3766 theolo-

258 3802 342 3848 gos
380 3794 528 3835 autem
568 3795 615 3834 et
651 3788 931 3836 I‘arisienses
970 3796 1292 3842 contemnunt,
1343 3790 1560 3837 Tlialmud
1609 3792 1866 3838 damnatum
1906 3790 2072 3837 librum

259 3871 360 3904 esse
397 3866 586 3919 negant,
636 3860 1012 3921 praedicatoribus
1050 3862 1335 3909 atrocissima
1385 3862 1573 3909 crimina
1622 3862 1842 3909 obiciunt.
1919 3862 2072 3922 itaque

259 3929 485 3976 Gerardus
523 3931 758 3978 Ortvinum
797 3932 850 3978 de
887 3932 1112 3980 reditione
1150 3932 1365 3981 consulit.
