2456 4264
478 274 755 304 coucnvsm.
818 275 939 304 num
961 277 1144 305 omnus.
1204 277 1298 306 mm
1320 277 1567 306 nuwrscrm
1590 279 1925 309 Pno'rns'm‘no.
2166 259 2282 316 175

67 408 70 410 ’
116 404 340 477 moribus
373 403 523 453 homo
555 418 664 453 sum
700 406 1006 466 catholicus,
1058 409 1117 455 et*
1153 408 1262 455 sine
1298 409 1477 468 quavis
1511 411 1789 470 suspitione
1824 411 1877 458 in
1914 412 2139 461 omnibus
2176 414 2283 461 obe-

116 490 259 541 diens
282 499 347 538 ac
365 490 548 550 fidelis,
589 491 647 538 id
668 492 808 551 quod
830 496 939 539 tota
965 492 1171 540 Colonia
1195 506 1286 540 suo
1324 494 1606 546 testimonio
1642 495 2001 557 comprobabit.
2077 497 2142 545 In
2168 499 2283 546 isto-

115 588 227 624 rum
259 575 693 634 confirmationem
729 578 777 624 si
809 578 1055 625 sanctitas
1092 582 1205 637 tua,
1250 575 1290 625 O
1326 578 1608 626 beatissime
1638 585 1807 640 pater,
1848 583 2165 630 contrarium
2192 598 2280 631 un-

115 672 266 722 quam
301 660 356 708 in
391 661 608 708 veritate
643 663 962 722 eoqnoverit,
1005 663 1173 710 deleat
1208 675 1287 709 me
1320 661 1586 722 confestim
1624 665 1687 711 de
1721 664 1852 713 libro
1889 667 1985 724 vite
2021 672 2070 714 et
2103 669 2280 730 sempi-

76 750 255 804 εἰει-ηρ
287 745 438 794 simul
470 747 628 794 morti
660 747 936 795 adiudicet.
1012 745 1074 794 Si
1105 760 1226 795 vero
1262 749 1446 807 iustus,
1487 749 1706 809 simplex
1743 754 1791 796 et
1828 755 1995 798 rectus
2022 749 2181 809 fuero
2206 754 2279 801 in·

36 831 39 851 ³
111 834 286 880 vernus
321 834 370 878 et
406 831 459 878 in
495 833 688 879 cunctis
725 831 985 892 obediens,
1035 832 1240 880 obsecro
1275 834 1594 881 sanctitatem
1642 838 1779 881 tuam
1818 835 1869 881 in
1909 835 2105 883 Christo
2143 837 2275 896 Iesu,

36 914 40 920 ’
111 919 169 965 ut
211 920 292 975 tu,
338 919 492 976 pater
527 916 834 977 beatissime,
874 917 1000 965 milti
1033 917 1098 964 de
1131 918 1274 965 micis
1307 931 1476 974 mense
1513 922 1594 975 tue
1622 918 1891 977 paululum
1930 920 2126 967 donare
2162 923 2282 969 velis

36 996 41 1039 Ῑ
110 1004 160 1051 et
193 1005 333 1050 tuam
365 1001 593 1060 qratiam
619 1015 876 1062 nunquam
902 1003 1173 1062 deneqare.
1250 1002 1346 1050 Dic
1369 1015 1493 1061 erqo
1520 1001 1718 1049 verbum
1745 1007 1793 1049 et
1816 1003 2081 1063 sanabitur
2107 1007 2279 1053 anima

37 1125 47 1130 .
109 1098 237 1136 mea.
310 1085 487 1135 Amen.

35 1185 77 1213 5«,

34 1210 98 1318 1:¹⁰
252 1240 296 1290 1
333 1243 480 1292 Lima
516 1243 673 1292 totius
709 1244 877 1304 operis
912 1248 960 1292 et
996 1243 1146 1291 breve
1169 1243 1535 1292 correctorium
1561 1256 1673 1291 cum
1700 1244 2046 1292 declaratione
2069 1250 2117 1293 et
2142 1247 2277 1294 invo-

38 1346 47 1393 ς
107 1329 308 1386 catione
330 1329 670 1390 quorundam.
747 1327 790 1375 (Ι
827 1320 887 1390 ἓ.
909 1327 959 1393 iij
985 1330 1120 1378 linea
1144 1332 1295 1377 sexta
1321 1342 1354 1376 a
1375 1329 1479 1387 fine
1503 1329 1850 1389 ascendendo,
1868 1343 1968 1378 non
1993 1332 2135 1391 copie
2160 1345 2276 1379 con-

37 1420 39 1423 ’
105 1415 444 1474 saltationum,
485 1412 576 1462 sed
611 1415 718 1475 ipse
753 1416 1142 1463 consultationes
1178 1414 1444 1474 leqendum
1481 1418 1568 1461 est.
1647 1412 1689 1459 (Ι
1725 1413 1790 1461 In
1818 1416 2102 1475 penultima
2139 1414 2276 1463 linea

37 1540 38 1545 ,
106 1500 324 1550 eiusdem
347 1500 576 1558 columne
600 1499 792 1548 dicitur
827 1500 1004 1561 quibus
1040 1501 1098 1549 id
1131 1504 1180 1548 et
1204 1514 1249 1548 c.
1277 1499 1376 1548 ltoc
1411 1503 1484 1547 est
1520 1498 1699 1559 quibus
1735 1501 2006 1560 aperiendi
2037 1506 2086 1548 et
2104 1501 2275 1562 perlu-

37 1598 39 1602 “
105 1585 318 1636 mandi
354 1584 620 1647 neqocium
666 1586 979 1634 commissum
1019 1584 1146 1644 fuit.
1223 1584 1268 1632 (Ι
1303 1581 1347 1632 (εἴ
1373 1585 1548 1646 primo
1584 1584 1723 1632 linea
1759 1581 1846 1647 iiij.
1877 1585 1928 1633 in
1969 1587 2072 1644 fine
2107 1587 2274 1646 leyen-

0 1728 4 1737 ,
36 1669 228 1721 *dum
272 1675 346 1720 est
387 1671 710 1720 subiectione.
788 1669 830 1716 (Ι
875 1670 1070 1719 Ibidem
1124 1672 1261 1719 linea
1307 1669 1369 1729 vj.
1414 1669 1680 1730 legendum
1735 1675 1808 1717 est
1858 1672 2271 1719 conversationis.

39 1793 44 1799 .
105 1754 151 1804 C
184 1753 231 1806 C
263 1757 440 1806 ultimo
482 1756 579 1806 col.
610 1757 789 1818 prima
826 1757 963 1804 linea
1000 1754 1082 1820 iiij.
1122 1756 1388 1818 leoendum
1435 1759 1509 1803 est
1553 1754 1666 1802 loco
1703 1758 1774 1802 ut.
1814 1759 1886 1803 tot
1958 1755 2000 1802 (Ι
2036 1752 2083 1818 gl
2112 1756 2270 1817 prim.

5 1892 8 1893 γ
103 1842 200 1891 col.
226 1839 279 1907 ij.
308 1842 375 1891 de
408 1841 472 1890 J).
502 1841 718 1890 Bartho.
744 1842 906 1890 solum
943 1842 1135 1890 audivi.
1213 1841 1256 1888 (Ι
1292 1837 1340 1904 21¹
1379 1841 1552 1889 ultimo
1590 1840 1686 1887 col.
1716 1852 1748 1886 1.
1775 1840 1865 1887 lin.
1896 1839 1982 1900 ιη’.
2008 1842 2272 1901 leyendum

103 1931 178 1976 est
210 1927 500 1989 proeecutis
571 1926 615 1974 Ε
652 1925 711 1975 ἐ.
739 1925 806 1991 iij.
846 1929 943 1976 col.
984 1925 1033 1990 ij.
1061 1928 1115 1975 li.
1144 1924 1228 1991 iij.·
1237 1928 1393 1988 prim.
1421 1928 1524 1972 not.
1566 1924 1788 1972 delenda
1823 1930 1939 1973 sunt
1973 1926 2066 1983 hec
2112 1926 2268 1973 verba

103 2010 368 2075 Siveipse.
395 2025 539 2061 suum
563 2025 677 2062 ocu.
753 2011 797 2059 (Ι
833 2007 886 2067 5
897 2014 1056 2074 prim.
1086 2013 1138 2060 in
1175 2012 1263 2060 illo
1287 2024 1404 2071 cap.
1436 2009 1556 2057 Cum
1572 2013 1760 2069 pastor
1794 2014 1843 2057 et
1866 2023 1911 2058 c.
1941 2023 2042 2058 non
2069 2010 2134 2057 ab
2159 2011 2270 2058 uni-

3 2092 12 2095 ”
36 2094 346 2147 aversitate
366 2098 459 2146 sed
490 2110 525 2145 a
554 2095 724 2157 facul.
753 2098 852 2146 the.
881 2102 931 2146 et
966 2111 1065 2146 non
1104 2097 1448 2146 universitatis
1481 2094 1573 2142 sed
1603 2093 1852 2149 facultati
1881 2096 1977 2156 leq.
2055 2094 2098 2141 (Ι
2134 2089 2193 2152 ef-
2217 2092 2267 2158 ij.

102 2184 199 2233 col.
227 2180 278 2246 ij.
303 2183 394 2231 lin.
424 2196 463 2231 r.
490 2183 760 2244 leyendum
785 2188 859 2231 est
883 2183 1194 2232 aniversalis.
1272 2181 1315 2228 (Ι
1352 2177 1422 2240 ff.
1441 2179 1492 2246 ij.
1522 2180 1617 2226 col.
1638 2180 1795 2240 prim.
1826 2182 1876 2228 in
1898 2181 2017 2238 fine.
2046 2180 2272 2239 intelliqe

102 2269 452 2318 traductiones
475 2269 606 2318 ocul.
632 2282 735 2330 spe.
763 2271 1034 2318 convenire
1058 2282 1159 2329 quo
1185 2268 1255 2315 ad
1278 2268 1561 2316 materiam.
1622 2267 1664 2314 (Ι
1689 2268 1818 2316 Item
1843 2270 1966 2314 nota
1989 2267 2266 2325 signanter.

104 2352 147 2401 ί
182 2353 310 2404 Item
346 2353 632 2417 ubicunque
668 2354 786 2402 dixi
818 2355 1128 2416 apostatica,
1171 2333 1413 2413 erronea,
1448 2366 1695 2414 perversa
1733 2351 2058 2409 consultatiO,
2103 2348 2272 2408 futilis

103 2437 336 2501 defensio
391 2444 440 2487 et
490 2439 702 2499 similia,
760 2440 852 2487 illa
906 2441 1019 2488 volo
1073 2439 1292 2498 intelliqi
1342 2439 1491 2486 iuxta
1542 2438 1815 2486 sententias
1869 2436 2266 2484 universitatum.

45 2522 149 2572 ὅ(
183 2525 310 2574 Item
346 2538 641 2587 quecunque
675 2524 829 2573 verba
855 2539 962 2587 pro
998 2526 1257 2574 iniuriosis
1300 2523 1482 2572 baberi
1510 2527 1714 2585 possent
1762 2522 1939 2583 quibus
1983 2521 2066 2568 liic
2111 2533 2270 2581 supra

41 2619 55 2626 ‘
103 2614 151 2659 et
183 2608 403 2670 inferius
447 2611 499 2659 in
545 2610 832 2659 theutonico
877 2624 977 2659 non
1022 2611 1148 2658 satis
1193 2610 1460 2671 respondi,
1511 2610 1602 2657 illa
1639 2617 1863 2668 revoco,·
1896 2619 2066 2665 cass0,
2109 2605 2264 2663 deleo,

102 2699 152 2744 et
184 2699 423 2745 revocata
459 2697 658 2745 censeri
690 2696 828 2757 volo,
869 2696 1011 2744 salvo
1048 2700 1217 2743 tamen
1255 2696 1310 2743 in
1349 2694 1574 2743 omnibus
1610 2694 1722 2742 iure
1758 2697 1931 2741 nostro
1971 2696 2036 2739 ‚et
2061 2704 2105 2739 c.

427 2849 472 2899 Ε
508 2851 622 2916 Eyn
659 2851 903 2915 duytselze
939 2852 1247 2901 Protestatio
1283 2851 1537 2899 Iohansen
1578 2849 1928 2912 Pfefferlcorn.

243 2964 288 3014 ί
324 2964 445 3030 Dyss
489 2965 707 3030 buchlyn
752 2965 852 3014 hab
898 2966 980 3015 iclz
1024 2965 1306 3026 aedacltter
1342 2965 1561 3013 Ioannes
1598 2962 1946 3026 Pfefferkorn.
1974 2975 2039 3009 zo
2086 2965 2269 3020 retunq

46 3054 307 3116 ”meyner
340 3064 460 3100 eren
495 3065 566 3114 yn
602 3065 894 3113 verqanqen
931 3057 1085 3112 taqen
1120 3065 1192 3114 yn
1229 3051 1339 3099 dem
1378 3049 1618 3098 dutsclzen
1655 3050 1820 3096 lassen
1858 3045 2029 3107 vssqan
2057 3045 2272 3107 Daweyl

102 3136 233 3186 mich
268 3136 393 3186 aber
429 3137 497 3200 dy
535 3137 860 3186 obscurorum
898 3138 1122 3186 virorum
1158 3136 1420 3206 epistolen.
1450 3136 1529 3183 als
1566 3138 1698 3196 weyt
1735 3133 1818 3180 die
1854 3132 1970 3179 welt
2005 3145 2060 3179 so
2097 3130 2267 3178 vnlcri-

48 3218 51 3267 ζ
101 3221 376 3271 stenlichen
396 3221 717 3283 qesclzmeclzt
739 3223 845 3271 vnd
868 3222 1150 3285 beleydiyet
1172 3221 1353 3270 haben.
1395 3220 1555 3268 damit
1579 3219 1659 3267 iclt
1685 3217 1808 3266 aber
1845 3231 1940 3265 vur
1975 3229 2134 3279 eynen
2171 3216 2265 3262 sol-

48 3330 53 3362 ς
102 3305 229 3356 chen
262 3305 639 3367 leiehtsertiqen
675 3320 795 3355 man
832 3312 922 3370 nyt
941 3307 1180 3368 oebalten
1208 3307 1387 3355 warde
1411 3305 1479 3352 So
1504 3304 1625 3352 ltain
1653 3302 1733 3352 ich
1760 3302 1854 3350 das
1876 3305 2068 3362 qenant
2092 3300 2265 3349 dutsclt

48 3374 58 3395 ⁸
102 3389 320 3456 buchlyn
356 3393 446 3441 mit
483 3393 721 3441 weiteren
758 3405 986 3440 mereren
1025 3392 1088 3440 ab
1125 3392 1229 3440 vnd
1263 3405 1329 3439 zo
1362 3390 1614 3451 qetlzanen
1663 3391 1856 3436 worten
1902 3386 2035 3435 naclz
2073 3399 2264 3449 mynem

78 3487 264 3540 ,moen
299 3478 468 3526 willen
506 3478 610 3525 vnd
645 3475 983 3536 wolbesallen.
1025 3477 1077 3524 in
1115 3477 1210 3524 das
1245 3476 1416 3538 lateyn
1455 3474 1742 3523 vbersetzen
1777 3473 1961 3521 lassen.
2003 3485 2098 3520 von
2135 3475 2265 3518 wort

82 3574 168 3612 ἰο
211 3567 345 3612 wort
391 3562 639 3623 vorqeben
684 3561 1022 3610 mennichmol
1067 3561 1285 3609 verltort.
1339 3561 1445 3609 vnd
1490 3560 1598 3607 also
1635 3558 1849 3607 trucken
1896 3558 2077 3606 lassen.
2129 3554 2266 3603 vnnd

68 3687 73 3691 ⁴
103 3658 260 3710 eynen
294 3648 458 3711 yeden
497 3647 566 3695 da
603 3661 715 3696 von.
757 3661 852 3696 vur
889 3647 1018 3694 aller
1056 3646 1190 3694 welt.
1231 3645 1327 3693 red
1362 3646 1501 3694 vnnd
1536 3649 1756 3693 antwert
1792 3644 1959 3705 alleyn
1997 3656 2061 3689 zo
2104 3640 2261 3700 qeben

50 3639 75 3827 Ξ
102 3728 257 3782 bereit
290 3732 406 3796 byn.
457 3733 545 3780 des
580 3732 661 3782 ich
698 3732 829 3781 mich
866 3732 1163 3793 protesteirt
1198 3730 1299 3779 lcab
1335 3745 1432 3779 var
1467 3731 1700 3779 notarius
1735 3729 1839 3777 vnd
1871 3733 2087 3789 qetzuqe
2123 3730 2189 3772 ‚et
2212 3737 2256 3772 c.

51 3812 148 3944 ἰ(
191 3815 319 3866 Item
365 3822 452 3866 tzo
498 3831 652 3881 eyner
698 3822 889 3882 weyter
933 3817 1234 3877 erclerunye
1277 3816 1342 3865 W
1342 3830 1371 3864 o
1419 3816 1501 3865 iclt
1538 3814 1840 3877 qesclzreben
1878 3812 1993 3860 hab.
2040 3809 2256 3872 yrtlmm.

79 3895 358 3966 ‘leetzeregfi
407 3903 628 3952 verlciert
673 3902 942 3952 raetslaclt.
994 3901 1325 3965 apostetiselee
1370 3901 1616 3962 scrifften.
1667 3899 1771 3947 vnd
1817 3899 1909 3945 der
1957 3899 2145 3943 werten
2184 3903 2259 3938 mc
