2456 4264
226 210 303 267 58
884 227 1120 256 EPISTOLAE
1144 224 1449 253 OBSCVRORVM
1470 223 1698 253 VIRORVM.

225 366 306 428 qui
344 365 459 414 facit
495 362 586 411 sibi
624 375 855 422 magnum
893 355 1084 405 titulum
1123 354 1315 418 quando
1341 353 1531 400 intimat
1555 350 1788 399 lectiones
1812 364 1940 398 suas,
2015 348 2074 397 Et
2099 348 2213 396 dicit
2238 348 2370 412 quod

226 456 298 498 est
337 453 476 512 poeta
517 452 796 510 poetarum,
847 448 894 490 et
941 440 1068 504 quod
1108 443 1271 502 preter
1312 452 1422 486 euni
1459 451 1558 483 non
1597 440 1669 483 est
1706 432 1829 481 alius
1865 438 2024 497 poeta.
2099 432 2209 495 lpse
2246 434 2370 480 scri-

226 533 319 597 psit
357 531 598 594 quendam
638 532 894 576 tractatum
934 524 1149 578 metrice,
1189 537 1334 584 quem
1373 519 1648 568 notabiliter
1687 517 1955 572 intitulavit,
1996 530 2086 578 ego
2113 531 2221 565 sum
2248 515 2368 564 obli·

226 624 302 665 tus
341 629 541 669 nomen,
590 612 738 660 credo
778 609 907 673 quod
948 612 1020 655 est
1058 607 1117 654 de
1155 606 1224 654 ira
1266 611 1314 653 et
1351 604 1637 652 cholericis:
1686 603 1735 649 in
1774 616 1871 664 quo
1910 606 2118 649 tractatu
2156 599 2371 649 stimulat

227 700 484 761 magistros
522 695 725 750 multoS,
778 700 824 742 et
870 691 988 741 alios
1038 695 1205 754 poetas
1244 690 1326 752 qui
1363 703 1414 736 se
1453 687 1811 750 impediverunt
1845 685 2010 747 legere
2049 686 2098 733 in
2135 685 2368 733 universi·
2392 698 2435 753 5-

226 789 323 832 tate
363 786 562 845 propter
601 794 734 829 suam
775 777 1073 825 luxuriosam
1113 778 1293 822 artem:
1334 787 1503 821 verum
1542 772 1760 833 magistri
1799 770 1962 818 dicunt
1990 768 2080 817 sibi
2103 770 2153 817 in
2179 769 2370 825 faciem,

229 867 356 931 quod
406 881 502 913 non
553 870 625 913 est
670 870 767 911 tam
818 861 976 910 bonus
1013 864 1155 923 poeta
1194 858 1319 907 sicut
1357 856 1616 919 gloriatur,
1667 860 1715 903 et
1759 858 1928 903 tenent
1974 853 2066 902 sihi
2112 853 2163 900 in
2207 852 2372 902 multis

228 952 529 1015 oppositum,
585 954 631 997 et
668 946 879 1012 probant
916 958 1005 1009 per
1044 958 1151 1000 VOS,
1203 941 1424 990 videlicet
1472 940 1602 1004 quod
1651 940 1764 988 estis
1802 937 1954 987 multo
1993 937 2285 1001 profundior
2322 939 2372 986 in

229 1043 332 1085 arte
370 1033 619 1098 poeticali;
671 1047 781 1080 cum
833 1030 927 1078 hoc
976 1030 1117 1077 etiam
1170 1027 1431 1076 ostendunt
1477 1025 1606 1089 quod
1646 1038 1744 1087 non
1782 1029 1854 1072 est
1891 1022 2017 1071 bene
2055 1021 2286 1071 fundatus
2322 1023 2373 1070 in
2442 1023 2445 1026 ’

230 1122 494 1184 quantitate
532 1115 849 1183 syllabarum,
890 1119 1035 1177 prout
1072 1113 1362 1161 determinat
1399 1111 1627 1172 magister
1665 1109 1724 1158 de
1750 1106 1869 1156 Villa
1909 1107 1985 1155 dei
2023 1108 2071 1155 in
2110 1107 2252 1156 tertia
2278 1108 2456 1164 summ

232 1221 375 1268 quam
416 1205 503 1252 iste
541 1201 732 1250 videtur
770 1214 866 1247 non
906 1198 1205 1246 sufficienter
1253 1195 1455 1259 legisse;
1506 1200 1651 1259 atque
1700 1193 1947 1243 deducunt
1994 1197 2162 1240 contra
2210 1193 2372 1256 ipsum

232 1292 467 1338 intentum
507 1302 648 1335 suum
688 1283 1035 1347 multipliciter.
1112 1282 1275 1329 Primo
1313 1295 1403 1343 per
1442 1294 1620 1328 nomen
1658 1283 1902 1334 vestrum,
1953 1284 2000 1325 et
2035 1276 2130 1325 hoc
2169 1275 2374 1340 duplici-

234 1381 330 1423 ter:
381 1373 538 1436 primo
578 1371 670 1418 sic:
713 1369 855 1417 ‘Ecce
894 1369 982 1416 iste
1020 1365 1119 1415 vult
1156 1365 1447 1430 profundior
1487 1379 1592 1413 esse
1629 1369 1771 1427 poeta
1810 1377 1954 1426 quam
1997 1362 2225 1425 magister
2263 1360 2375 1409 Ort·
2448 1414 2456 1417 ,⁷

233 1459 393 1513 vinus,
434 1461 480 1504 et
519 1460 677 1504 tamen
719 1468 895 1501 nomen
935 1467 1077 1500 suum
1115 1465 1213 1498 non
1252 1450 1458 1512 patitur:
1507 1447 1729 1512 profecto
1769 1448 1998 1510 magister
2018 1445 2264 1494 ‘Ortvinus
2303 1445 2375 1494 di·
2442 1426 2447 1431 ⁴

235 1543 357 1590 citur
396 1540 592 1589 Gratius
631 1556 656 1587 a
695 1535 943 1601 supernali
981 1536 1149 1599 gratia,
1191 1549 1283 1597 que
1322 1539 1525 1582 vocatur
1563 1534 1718 1595 gratia
1757 1532 1906 1595 gratis
1945 1531 2072 1588 data,
2113 1531 2224 1594 quia
2259 1529 2377 1579 alias
2397 1542 2453 1582 1³1-

235 1642 331 1675 non
382 1625 601 1689 poteritis
650 1622 867 1671 scribere
915 1627 1013 1669 tam
1060 1618 1303 1684 profunda
1351 1617 1611 1666 dictamina
1658 1615 1912 1681 poeticalia
1964 1617 2068 1664 sine
2106 1614 2186 1664 illa
2225 1615 2378 1678 gratia

236 1711 383 1774 gratis
423 1709 528 1758 data
571 1707 704 1755 vobis
741 1721 830 1770 per
867 1706 1090 1769 spiritum
1129 1708 1380 1758 sanctum,
1430 1703 1512 1766 qui
1561 1701 1646 1749 ubi
1694 1700 1793 1750 vult
1839 1701 2015 1764 spirat;
2066 1705 2114 1749 et
2150 1714 2236 1747 vos
2274 1714 2379 1748 earn

239 1795 530 1859 impetrastis
568 1807 656 1856 per
695 1789 1013 1839 humilitatem
1054 1793 1285 1837 vestram:
1336 1787 1455 1835 (leus
1494 1787 1621 1835 enim
1662 1787 1844 1835 resistit
1889 1784 2144 1849 superbis,
2195 1788 2243 1833 et
2290 1783 2381 1832 hu-

235 1878 429 1928 milibus
476 1878 558 1925 dat
601 1875 836 1937 gratiam’.
913 1874 1005 1931 Qui
1053 1878 1262 1922 vestram
1312 1872 1551 1934 poetriam
1592 1870 1784 1933 legunt,
1835 1875 1882 1919 et
1918 1868 2193 1932 intelligunt
2230 1883 2380 1932 nego·
2430 1906 2433 1907 γ

238 1965 379 2018 tium,
432 1963 644 2010 fatentur
692 1961 742 2007 in
791 1957 1083 2006 conscientia
1133 1972 1219 2004 sua
1267 1956 1398 2019 quod
1448 1970 1544 2004 non
1582 1955 1774 2004 habetis
1811 1970 2005 2019 parem,
2055 1959 2102 2003 et
2139 1954 2452 2020 miranturzq

237 2048 365 2112 quod
412 2047 501 2094 iste
549 2050 620 2093 est
668 2045 737 2093 sic
784 2042 995 2092 insulsus
1044 2046 1091 2090 et
1136 2040 1520 2095 inverecundUS,
1579 2039 1711 2103 quod
1762 2039 1863 2088 vult
1911 2054 2016 2088 esse
2066 2054 2216 2103 super
2273 2053 2380 2087 vos:

237 2131 430 2196 quando
469 2144 594 2179 unus
631 2143 754 2191 puer
792 2132 957 2190 posset
993 2124 1266 2188 intelligere
1305 2124 1436 2188 quod
1474 2123 1609 2173 illum
1649 2122 1883 2173 excellitis
1929 2125 2055 2172 sicut
2090 2122 2385 2172 Laborintus
2426 2121 2455 2181 ζῒ

239 2216 506 2264 Cornutum
536 2211 750 2262 excellit.
825 2211 922 2275 Ipsi
960 2208 1126 2258 volunt
1164 2207 1395 2272 colligere
1443 2209 1703 2258 dictamina
1749 2213 1935 2266 vestra,
1987 2214 2034 2257 et
2081 2223 2256 2257 curare
2295 2208 2384 2256 im-
2433 2192 2454 2229 7

240 2301 453 2363 primere
492 2313 583 2362 que
620 2298 670 2344 in
710 2297 852 2344 variis
889 2294 1176 2343 tractatibus
1214 2293 1442 2342 hincinde
1480 2293 1766 2358 scripsistis,
1820 2291 2042 2341 videlicet
2089 2293 2138 2340 in
2176 2289 2386 2341 tractatu
2425 2269 2450 2328 5³⁴

242 2384 458 2446 magistri
496 2382 650 2430 nostri
688 2380 747 2428 de
785 2379 1051 2442 'FungariS,
1101 2379 1279 2427 summi
1324 2378 1539 2441 regentis
1587 2378 1636 2425 in
1682 2377 1831 2426 bursa
1870 2377 2140 2434 Laurentii,
2193 2378 2241 2425 in
2289 2366 2452 2446 tra-2}

245 2472 374 2516 ctatu
413 2466 472 2514 de
510 2463 805 2513 scandalosis
843 2462 1262 2526 propositionibus
1299 2462 1495 2511 loannis
1531 2459 1798 2518 Reuchlin,
1839 2463 1888 2510 in
1928 2461 2231 2510 Sentimento
2269 2461 2385 2510 Par·

243 2551 494 2605 rhisiensi,
548 2550 595 2597 in
644 2547 806 2597 multis
842 2546 1129 2596 tractatibus
1177 2547 1362 2594 domini
1399 2546 1593 2595 loannis
1629 2545 1961 2606 Pfefferkorn,
2012 2547 2095 2610 qui
2145 2547 2232 2595 fuit
2271 2545 2386 2595 olim

244 2635 445 2698 IudeuS,
497 2639 544 2682 et
589 2648 722 2681 nunc
769 2638 840 2680 est
886 2633 1097 2696 optimus
1137 2631 1451 2680 Christianus,
1527 2631 1626 2695 Ipsi
1677 2632 1849 2680 timent
1896 2631 2025 2694 quod
2066 2630 2183 2680 alias
2220 2635 2390 2695 pereat
2415 2633 2443 2678 Ἰ

245 2725 400 2769 vestra
440 2717 648 2781 poetria,
690 2722 736 2765 et
773 2717 938 2765 dicunt
975 2716 1105 2779 quod
1145 2723 1271 2764 esset
1307 2731 1458 2764 unum
1497 2717 1764 2764 maximum
1802 2715 2086 2765 scandalum
2112 2715 2241 2765 illius
2266 2721 2387 2780 tem·
2427 2694 2439 2722 '³‘

247 2805 378 2870 poris
417 2808 464 2851 et
500 2806 756 2865 peccatum
795 2798 1017 2857 mortale,
1057 2801 1095 2849 si
1133 2801 1316 2864 periret
1352 2815 1442 2864 per
1481 2799 1840 2864 negligentiam,
1883 2806 1929 2850 et
1954 2816 2054 2850 non
2080 2800 2387 2865 imprimere·
2413 2799 2456 2858 ξύ

245 2894 341 2936 tur.
416 2882 558 2934 orant
605 2886 748 2934 etiam
787 2885 970 2933 domini
1018 2885 1237 2948 magistri
1275 2885 1404 2948 quod
1445 2885 1713 2947 dignemini
1750 2885 1843 2934 sibi
1879 2887 2074 2935 mittere
2113 2884 2386 2949 apologiam
2418 2865 2423 2868 Ι

245 2977 453 3021 vestram
494 2975 660 3018 contra
701 2970 933 3019 Ioannem
973 2968 1237 3025 Reuchlin‚
1286 2970 1335 3016 in
1374 2985 1467 3033 qua
1506 2969 1703 3019 realiter
1740 2969 1982 3019 tribulatis
2020 2969 2154 3019 illum
2192 2974 2388 3034 preten-

245 3072 351 3105 sum
391 3055 667 3110 doctorem,
720 3053 848 3117 quod
899 3053 1043 3101 audet
1091 3054 1364 3116 oppositum
1416 3059 1584 3103 tenere
1623 3059 1792 3103 contra
1832 3060 2063 3117 quattuor
2100 3056 2443 3107 universim-2:-

245 3147 343 3189 tes:
392 3131 558 3187 volunt
605 3137 904 3193 exscribere,
956 3143 1003 3185 et
1047 3136 1181 3185 vobis
1229 3140 1492 3186 remittere.
1568 3138 1636 3187 De
1684 3139 1776 3188 isto
1814 3140 1962 3188 modo
1999 3139 2243 3205 probandi
2280 3116 2417 3189 sunt*

246 3223 475 3286 magister
512 3222 715 3271 Ioannes
752 3220 1048 3283 Kirchberg‚
1090 3223 1282 3270 amicus·
1310 3236 1449 3271 meus
1486 3221 1922 3285 singularissimus,
1962 3240 2158 3275 mecum
2196 3233 2447 3289 promo-n

248 3314 342 3362 tus,
381 3308 610 3369 magister
646 3306 850 3355 Ioannes
887 3306 1120 3368 Hungen,
1161 3307 1346 3355 amicus
1383 3321 1521 3355 meus
1559 3307 2004 3366 affectualissimus,
2053 3310 2284 3372 magister
2321 3302 2418 3358 Ia?

250 3391 403 3441 cobus
442 3390 501 3439 de
538 3389 858 3452 Nurnberga,
897 3391 1127 3451 magister
1165 3390 1372 3439 lodocus
1411 3386 1740 3456 Wynssheim,
1783 3399 1830 3441 et
1867 3392 1945 3442 alii
1983 3392 2122 3443 multi
2159 3393 2392 3456 magistri,
2411 3422 2430 3439 2

249 3475 395 3526 amici
420 3475 517 3524 mei
542 3474 808 3537 dignissimi
835 3481 881 3523 et
919 3473 1134 3524 fautores
1172 3476 1320 3524 vestri
1357 3476 1690 3539 imperterriti.
1766 3476 1948 3527 Verum
1987 3479 2235 3528 enimvero
2276 3491 2440 3541 ergo

362 3684 379 3710 4
411 3684 623 3726 colericis
657 3686 699 3725 3.
736 3713 745 3722 .
769 3684 824 3723 In
856 3685 966 3724 1...3.
1056 3683 1072 3708 8
1103 3683 1247 3724 mnltfi
1281 3687 1321 3728 3.
1420 3683 1453 3710 ¹3
1487 3718 1496 3727 .
1517 3686 1668 3725 Primo
1701 3686 1778 3726 sic.
1810 3687 1931 3727 Ecce
1956 3690 2075 3730 1...3.
2188 3687 2222 3714 ¹4
2253 3721 2264 3731 .
2287 3690 2394 3728 Pro-

251 3757 373 3797 fecto
397 3758 512 3797 1...3.
602 3754 637 3780 ¹⁸
668 3767 678 3793 t
704 3753 796 3794 siue
820 3756 862 3793 2.
951 3751 985 3777 ¹⁵¹
1016 3753 1280 3806 inpetraftis
1304 3758 1345 3796 3.
1433 3753 1470 3779 ²²
1501 3749 1560 3809 qb
1583 3758 1625 3798 2.
1715 3755 1803 3782 ²⁶²⁷
1831 3758 2045 3799 Parrisifi.
2071 3762 2114 3800 3.
2192 3757 2230 3785 ³⁷
2258 3756 2395 3811 wyns-

245 3826 369 3869 heim
398 3829 440 3869 2.
2389 3811 2394 3816 ’
