2456 4264
209 237 408 279 XXVIII
675 239 817 269 mnex
837 237 992 266 EORVM
1016 236 1115 270 QvAE
1138 233 1226 262 noc
1250 230 1486 261 VOLVMINE
1512 226 1850 257 con'rmnmvn.

2244 349 2332 392 Pag.

347 434 481 482 cisse:
529 437 572 475 ‘tl
610 431 684 489 qui
733 426 911 472 credere
959 422 1096 472 nolit,
1145 421 1402 468 haereticum
1452 430 1564 463 esse.
1637 413 1906 459 Adiciuntur
1942 413 2084 473 ipsius

349 502 583 562 sciiptoiis
622 512 775 543 versus
812 496 1035 553 Langiano
1075 491 1192 536 libro
1232 487 1538 550 praeponendi.

209 603 288 650 64.
321 597 410 662 [2.]
454 593 708 641 Voluinius
747 590 805 638 de
842 586 1187 638 Monteflascon
1215 584 1413 633 Ortvino
1440 581 1682 632 Gratiano.
1838 593 1897 625 ex
1923 577 2082 642 Spira.
2121 583 2336 628 288...290

346 672 450 714 (lum
490 667 670 712 Ortvino
709 662 968 709 saecularem
1008 659 1272 705 latinitatem
1314 670 1361 701 se
1398 656 1574 700 nescire
1622 667 1671 698 ac
1717 664 1932 711 spernere
1978 666 2084 711 pro-

345 740 490 784 fessus
528 737 657 782 docet
695 735 887 781 Graecam
924 731 1224 776 litteraturam
1262 725 1372 772 nihil
1414 725 1502 770 nisi
1538 723 1816 769 mendacium
1853 721 2083 768 haeresim-

347 822 432 868 que
471 821 586 854 esse.
659 806 767 851 Tum
805 803 857 848 de
895 800 1123 860 colloquio
1162 799 1277 843 inter
1315 795 1643 842 commensales
1680 791 2080 838 diversissimarum

347 880 588 938 regionum
616 876 668 921 de
705 871 936 920 Reuchlini
974 884 1105 917 causa
1142 881 1287 929 nuper
1325 865 1477 911 habito
1518 864 1680 915 refert,
1719 876 1858 907 unum
1897 862 2082 908 Ortvino

345 948 482 994 muita
508 946 738 992 metuenda
765 945 975 989 minatum
1002 954 1122 991 esse,
1162 939 1352 984 alterum
1378 935 1620 994 theologos
1646 932 1935 980 Colonienses
1961 936 2084 993 ipsos

345 1021 567 1065 liaereseos
606 1015 876 1063 accusandos
916 1025 1014 1058 esse
1052 1011 1236 1059 dixisse,
1287 1007 1407 1068 quod
1455 1004 1625 1051 inlicite
1660 1002 1881 1050 beneficia
1929 1018 2085 1050 cumu-

346 1090 488 1134 lantes
525 1087 730 1149 pessimis
769 1083 967 1130 moribus
1005 1082 1224 1131 viv;erent
1264 1080 1310 1123 in
1350 1091 1429 1124 eos
1466 1077 1585 1126 iure,
1624 1082 1676 1121 ut
1713 1074 1817 1120 olim
1844 1074 2083 1135 Maguntiae

347 1160 388 1204 in
427 1158 748 1204 Wesaliensem
796 1155 959 1201 sactum
1009 1158 1104 1203 est,
1151 1150 1317 1210 inquiri
1365 1147 1561 1193 deberet.
1635 1146 1758 1192 Hanc
1802 1159 2085 1191 communem

347 1244 429 1290 pro
467 1228 709 1275 Reuchlino
750 1226 1006 1287 opinionem
1044 1235 1142 1268 esse
1193 1226 1381 1281 questus
1418 1218 1618 1278 scriptor·
1655 1215 1860 1263 versibus
1898 1215 2082 1262 Ortvino

348 1315 430 1345 suo
470 1313 567 1344 sese
605 1296 899 1344 commendat.

210 1402 289 1450 65.
320 1394 408 1461 [3.]
448 1394 643 1445 Ortvino
681 1392 908 1441 Gratiano
947 1386 1202 1438 Bartholus
1239 1386 1377 1436 Kutz.
1522 1398 1582 1432 ex
1618 1382 1988 1446 Ruprechtsow.
2071 1421 2080 1431 .
2119 1393 2217 1435 291.
2255 1391 2337 1433 292

348 1469 525 1528 Magicis
563 1465 884 1525 diabolicisque
920 1462 1091 1510 artibus
1126 1458 1436 1507 condiscendis
1474 1457 1517 1502 in
1555 1458 1712 1518 primis
1750 1459 2002 1503 necessaria
2039 1458 2084 1501 in

348 1540 528 1584 Ortvino
567 1536 704 1582 multa
742 1536 853 1581 bene
890 1546 1182 1596 concurrere,
1220 1530 1340 1591 quod
1378 1524 1603 1574 interdum
1641 1527 1844 1573 infirmus
1881 1542 1932 1574 ac
1969 1527 2086 1572 insa-

348 1625 455 1659 nus,
506 1608 718 1669 quodque
757 1606 937 1667 spurius
975 1611 1044 1655 et,
1083 1603 1139 1649 de
1177 1616 1265 1662 quo
1308 1606 1450 1646 tamen
1491 1599 1668 1645 dubitat
1704 1600 1926 1659 scriptor,
1966 1597 2087 1658 quod

348 1680 591 1726 monachus
637 1684 783 1722 esset:
839 1691 938 1722 nain
987 1674 1232 1720 monachos
1286 1672 1510 1731 praecipua
1567 1668 1732 1716 diaboli
1786 1670 2086 1715 instrumenta

347 1764 471 1801 esse,
514 1755 562 1794 ut
597 1748 718 1793 Pauli
756 1747 909 1806 Langii
948 1744 1149 1805 exemplo
1186 1744 1487 1791 demonstrat,
1527 1755 1660 1802 quem
1686 1739 1857 1786 Ortvini
1896 1738 2085 1786 similem

347 1835 445 1866 esse
482 1819 661 1865 iudicat.
734 1817 846 1863 Huic
893 1817 1043 1876 itaque
1090 1815 1467 1874 nigromanticum
1505 1818 1778 1872 praeceptum
1817 1812 1875 1856 ita
1915 1817 1966 1856 ut
2000 1811 2088 1855 nisi

348 1892 446 1951 quis
485 1889 745 1949 illegitimus
785 1890 864 1938 sit,
912 1887 1064 1945 legere
1100 1891 1319 1945 nequeat,
1368 1883 1411 1928 id
1450 1890 1519 1928 est
1557 1884 1653 1928 sine
1690 1887 1941 1928 atramento
1971 1881 2090 1933 ,scri-

346 1961 433 2011 hit,
472 1961 598 2006 enixe
636 1973 799 2018 rogans
836 1971 891 2002 ne
928 1971 1027 2004 cum
1066 1956 1162 2002 aliis
1200 1954 1512 2001 communicet.

210 2060 290 2109 66.
322 2054 408 2121 [4.]
439 2054 642 2104 Abraam
671 2053 804 2102 Isaac
830 2053 888 2102 de
915 2053 1062 2116 stirpe
1089 2049 1354 2100 Aminadab
1383 2048 1585 2098 Ortvino
1612 2048 1795 2098 Gratio.
1922 2048 2090 2098 Romae

538 2127 585 2173 in
622 2124 882 2173 refectorio
921 2122 1155 2187 Capitolii.
1199 2159 1210 2169 .
1287 2159 1298 2169 .
1374 2159 1384 2170 .
1462 2158 1473 2169 .
1550 2158 1561 2169 .
1637 2159 1648 2169 .
1725 2158 1736 2169 .
1813 2157 1824 2168 .
1899 2157 1911 2169 .
1988 2158 1999 2168 .
2076 2157 2087 2166 .
2125 2119 2343 2164 292...·294

348 2199 528 2244 Colonia
555 2199 709 2245 relicta
735 2198 891 2243 diebus
917 2196 1244 2243 canicularibus
1270 2195 1455 2241 Romam
1481 2200 1639 2255 petens
1665 2193 1829 2252 misere
1854 2192 1929 2239 siti
1964 2191 2088 2238 labo·
2398 2188 2400 2190 ’

347 2270 475 2315 ravit.
511 2270 660 2315 Romae
685 2270 875 2329 primum
901 2281 982 2328 per
1000 2271 1026 2312 8
1045 2280 1221 2313 menses
1249 2265 1479 2311 cuiusdam
1505 2264 1744 2311 cardinalis
1764 2264 1960 2310 famulus
1982 2277 2088 2324 ope·

348 2355 420 2385 ras
446 2353 527 2399 pro
556 2339 747 2399 quodam
772 2338 986 2384 beneficio
1025 2345 1181 2384 curato
1219 2337 1460 2387 locaverat,
1499 2335 1621 2396 quod
1656 2334 1820 2381 litteris
1859 2333 2088 2381 sollemni-

349 2410 432 2454 bus
469 2423 730 2455 concessum
765 2423 926 2454 munus
963 2423 1060 2454 cnm
1100 2400 1217 2453 adire
1256 2406 1413 2457 vellet,
1462 2420 1562 2452 sese
1608 2406 1842 2468 deceptum
1880 2405 1990 2451 vidit
2026 2405 2089 2451 vi-

350 2486 478 2524 vente
516 2480 656 2524 adhuc
692 2480 887 2540 parocho
926 2480 997 2531 cui
1036 2493 1330 2524 successurus
1368 2483 1479 2524 erat.
1539 2477 1695 2538 Itaque
1729 2478 1872 2522 iratus
1910 2476 2087 2537 quidem

353 2550 539 2595 recessit
576 2550 649 2595 sed
690 2564 778 2595 non
816 2549 1000 2595 nimium
1037 2549 1271 2600 tristatus,
1319 2562 1421 2594 nam
1470 2549 1594 2609 parvi
1643 2547 1818 2593 reditus
1855 2547 1949 2593 fuit·
1979 2545 2090 2592 illud

353 2634 526 2670 munus,
554 2621 748 2680 scriptor
773 2627 920 2666 autem
945 2621 1057 2666 bene
1086 2620 1367 2666 fructuosum
1396 2619 1481 2665 sibi
1507 2617 1688 2671 maluit;
1727 2618 1913 2665 Romam
1939 2623 2088 2663 autem

355 2690 499 2735 redire
536 2689 681 2735 bellici
722 2690 939 2736 tumultus
987 2690 1307 2750 prohibebant,
1356 2691 1508 2750 itaque
1557 2689 1603 2735 in
1650 2689 1763 2736 valle
1811 2689 1865 2735 ad
1901 2689 2089 2749 Wimpi-

354 2774 453 2805 nam
503 2759 769 2820 aliquamdiu
818 2767 1017 2807 moratus
1064 2769 1133 2806 est
1171 2761 1322 2821 ibique
1358 2760 1512 2806 ludum
1550 2759 1866 2807 Trentuno'et
1902 2758 2090 2805 artificia

355 2844 537 2876 venerea
574 2830 711 2877 multa
749 2831 924 2881 didicit,
963 2846 1062 2892 quae
1090 2831 1269 2877 Ortvino
1308 2845 1489 2909 quoque
1526 2831 1644 2892 apud
1668 2830 1956 2892 Pepericorui
1981 2844 2091 2875 uxo·

356 2915 444 2945 rem
484 2901 606 2946 valde
644 2901 767 2947 utilia
802 2901 966 2947 forent.
1037 2902 1090 2947 Et
1124 2916 1223 2948 cum
1262 2902 1380 2947 forte
1414 2902 1460 2947 in
1498 2902 1729 2963 symposio
1765 2901 1820 2947 de
1856 2900 2092 2948 Reuchlini

356 2985 486 3016 causa
524 2970 911 3032 colloquerentur,
959 2987 1010 3018 ac
1046 2972 1240 3033 scriptor
1277 2986 1377 3017 eum
1413 2980 1604 3053 propter
1639 2978 1952 3033 paupertatem
1991 2986 2092 3017 suc·

356 3041 607 3086 cubiturum
644 3055 742 3087 esse
779 3032 1165 3103 praedicatoribus,
1211 3043 1352 3088 caseis
1399 3044 1567 3090 maiora
1606 3058 1738 3103 quam
1776 3042 1851 3088 alii
1887 3042 2092 3088 homines

358 3117 541 3170 possent
577 3114 762 3171 pecunia
798 3112 1095 3173 pollentibus,
1145 3113 1435 3172 significaret,
1482 3129 1600 3160 unus
1649 3128 1700 3159 ex
1746 3112 2091 3160 consessoribus

357 3182 530 3240 spurcis
580 3182 725 3227 verbis
772 3196 971 3229 sororem
1020 3197 1144 3229 suam
1191 3197 1333 3243 nuper
1379 3200 1401 3230 a
1447 3185 1640 3245 quodam
1687 3185 1907 3231 monacho
1946 3184 1987 3228 vi
2025 3190 2091 3230 at-

362 3256 615 3310 temptatam
654 3265 752 3297 esse
789 3254 996 3312 exponit,
1037 3253 1155 3313 quod
1192 3254 1290 3298 aliis
1327 3254 1381 3300 de
1419 3255 1658 3315 nequitiis,
1707 3254 1896 3306 luxuria,
1937 3253 2093 3301 salaci-

362 3327 449 3365 tate
486 3321 801 3367 monachorum
840 3322 967 3382 plura
1003 3324 1257 3383 proferendi
1294 3338 1444 3370 ansam
1481 3325 1614 3370 dedit.

221 3421 302 3469 67.
333 3414 421 3480 [5.]
462 3414 701 3464 Nollerius
738 3415 882 3465 Stech
930 3417 989 3466 de
1036 3417 1253 3466 Calabria
1302 3418 1513 3468 Ortvin0.
1681 3421 1699 3468 ’ἶ
1818 3459 1829 3469 .
1994 3459 2005 3469 .
2081 3457 2092 3467 .
2132 3423 2346 3467 294...296

360 3487 419 3537 Ex
456 3489 812 3568 peregrinatione
849 3489 1054 3536 Sinaitica
1092 3504 1295 3537 reversus
1332 3494 1410 3537 uni
1447 3493 1587 3539 amico
1636 3493 1871 3554 superstiti
1909 3493 2091 3540 Ortvino

361 3564 498 3603 totam
537 3558 757 3604 miseriam
797 3574 920 3604 suam
956 3562 1242 3607 monasticam
1279 3562 1487 3621 patefacit
1532 3563 1760 3610 luxuriose
1806 3565 1978 3610 vivendi
2015 3579 2093 3610 cu·

363 3627 492 3688 pidus
545 3628 720 3673 Frater:
779 3636 964 3688 propter
1016 3630 1346 3677 Hochstraticas
1403 3632 1663 3691 largitiones
1718 3635 2093 3689 monasteriorum

363 3697 536 3758 priores
582 3698 758 3757 parcius
806 3700 903 3743 vina
950 3699 1107 3746 diurna
1154 3701 1371 3754 dimetiri;
1418 3716 1617 3748 amorum
1663 3703 1779 3750 bona
1826 3704 2093 3751 mendicanti

364 3766 447 3813 sibi
486 3783 510 3813 a
547 3768 721 3813 seminis
759 3769 984 3827 denegari.
1057 3769 1220 3814 invidet
1269 3770 1406 3828 igitur
1451 3772 1549 3817 aliis
1597 3773 1856 3825 ordinibus,
1905 3777 2093 3835 spiritus

363 3838 502 3884 sancti
540 3838 785 3899 praecipue,
834 3838 997 3884 lautius
1044 3839 1314 3891 viventibus.
1365 3841 1577 3901 malitque
1613 3843 1930 3891 Hochstratum
1967 3847 2013 3891 in
2051 3845 2094 3890 id
