2456 4264
223 232 340 289 444
570 252 735 281 ssvcmu
757 250 816 278 AD
838 249 1020 278 BEATVM
1044 246 1294 276 RHENANVM
1315 246 1540 274 EPISTOLA
1561 246 1604 274 D.
1627 247 1671 274 n.
1696 241 1747 276 15.
1769 246 1864 275 IAN.
1890 241 1985 274 1520.

219 402 373 435 narum
413 386 579 432 scilicet
615 382 808 428 nondum
846 381 1040 426 dederat.
1077 393 1342 440 quamquam
1378 392 1498 424 nunc
1532 379 1765 424 misertum
1799 379 1946 426 nostri
1980 378 2099 425 haud
2135 380 2197 425 ita
2231 392 2341 425 vana

221 463 479 518 argumenta
516 453 759 499 reddidere.
832 451 938 496 Nam
977 449 1125 496 effecit
1149 456 1199 495 ut
1225 450 1279 496 ab
1305 451 1408 509 igne
1433 448 1568 494 huius
1593 449 1771 494 dissidii
1801 448 2100 510 (ferocissimi)
2138 449 2183 494 in
2210 462 2341 509 quem

221 543 306 573 non
344 539 499 571 manus
535 523 667 568 modo
706 521 783 567 sed
829 522 1085 566 universum
1133 527 1177 566 et
1221 535 1387 580 corpus
1425 526 1469 564 et
1506 521 1701 565 animum
1736 519 1982 580 prudentes
2018 522 2165 568 nostri
2201 521 2343 565 immi-

220 612 330 647 sere,
370 596 541 640 tandem
579 593 646 637 vel
683 593 815 638 armis
852 590 1194 652 depelleremur.
1270 590 1396 645 Quod
1432 604 1594 635 munus
1630 589 1908 637 nobilissimo
1932 591 2084 652 Equiti
2106 590 2343 637 Francisco

218 682 267 712 cx
305 666 538 724 Sickingen
575 662 810 724 prudentia
847 669 892 707 et
928 661 1108 707 militari
1145 662 1308 721 peritia
1344 676 1396 707 ex
1433 675 1564 721 aequo
1602 660 1888 722 suspiciendo
1924 661 2178 722 delegatum
2214 676 2240 707 a
2275 661 2377 707 di-5

218 738 314 782 vina
352 735 627 796 providentia
663 732 848 778 mirifice
887 731 1105 793 gratulor.
1181 731 1353 792 Quippe
1400 734 1476 792 qui
1522 731 1582 777 sit
1631 746 1684 778 ea
1729 731 1863 778 animi
1910 731 2175 779 fortitudine
2210 738 2347 792 atque

215 809 485 856 constantia,
523 811 573 850 ut
611 804 773 850 infecto
813 818 949 863 opere
986 817 1213 862 nunquam
1252 804 1310 848 sit
1346 804 1544 863 receptui
1582 803 1834 854 caniturus,
1872 815 1923 848 ea
1960 803 2161 849 sollertia
2197 809 2242 848 et
2264 803 2347 848 hu-

216 877 439 927 manitate,
477 882 527 920 ut
563 889 654 920 non
691 874 777 920 nisi
814 874 1197 925 commodissime,
1250 875 1379 920 etiam
1417 873 1609 925 nostris,
1655 875 1732 919 isti
1769 873 1998 934 tragoediae
2036 875 2096 920 sit
2131 874 2348 934 colopho-

217 963 314 993 nem
354 947 659 1007 impositurus.
732 945 771 990 Is
809 958 916 1004 ergo
954 945 1022 990 bis
1060 945 1231 991 hastam
1269 944 1401 990 simul
1437 950 1483 990 et
1519 945 1760 991 caduceum
1796 946 1966 990 nostris
1992 944 2170 996 obtulit,
2208 944 2252 989 in
2281 956 2349 989 se-

217 1018 371 1065 cundis
411 1024 552 1062 tamen
591 1016 734 1062 literis
771 1016 911 1075 magis
949 1016 1003 1061 ad
1041 1016 1279 1062 caduceum
1318 1022 1386 1061 est
1431 1029 1510 1061 eos
1558 1016 1839 1067 exhortatus,
1888 1015 2088 1062 indicens
2124 1014 2405 1062 nihilomi-10

217 1105 300 1134 nus
339 1087 503 1134 bellum
542 1086 601 1138 si,
638 1087 869 1147 praeterito
907 1086 978 1132 die
1016 1087 1092 1147 qui
1129 1086 1448 1133 Innocentibus
1488 1100 1615 1133 sacer
1652 1091 1723 1133 est
1758 1085 1952 1138 habitus,
1990 1100 2090 1132 cum
2126 1086 2352 1146 Capnione

218 1160 412 1206 nondum
451 1158 495 1203 in
532 1159 719 1218 gratiam
757 1157 1059 1203 rediissemus.
1133 1157 1222 1204 Hac
1259 1172 1393 1204 causa
1430 1159 1474 1202 in
1513 1158 1630 1203 festo
1669 1156 1908 1218 Stephani,
1955 1158 2000 1202 ni
2048 1156 2204 1208 fallor,
2251 1170 2351 1203 cum

220 1237 373 1276 noster
408 1227 695 1275 Provincialis
733 1227 777 1272 in
814 1229 928 1274 Arce
964 1227 1097 1288 vulgo
1135 1229 1347 1275 Lanstein
1385 1227 1608 1290 appellata
1656 1229 1888 1280 convenit,
1936 1241 2089 1289 pacem
2142 1233 2354 1274 oraturus

218 1313 483 1360 causamque
520 1305 659 1345 totam
696 1301 741 1344 in
778 1314 915 1344 unum
952 1300 1226 1359 Hogstraten
1263 1300 1531 1351 reiecturus,
1570 1299 1625 1345 Ut
1661 1313 1713 1346 ea
1749 1299 1804 1345 ab
1842 1301 1941 1361 ipso
1981 1299 2103 1350 solo,
2142 1299 2354 1359 auspiciis

220 1380 363 1418 tamen
402 1378 535 1431 atque
570 1370 784 1431 impensis
810 1370 1143 1417 Coloniensium
1169 1369 1575 1430 Theologistarum‚
1613 1377 1710 1417 acta
1748 1377 1833 1417 est.
1907 1371 2044 1430 Atqui
2082 1370 2135 1415 ad
2171 1373 2409 1430 perver-15

219 1444 392 1489 sissima
428 1441 594 1487 rabulae
632 1440 765 1486 istius
803 1441 975 1493 studia,
1023 1443 1112 1487 imo
1163 1443 1382 1494 insanias,
1430 1441 1591 1503 quibus
1639 1455 1730 1487 non
1777 1441 1863 1487 iam
1912 1447 2085 1487 tantum
2124 1439 2354 1501 Capnioni,

218 1514 294 1559 sed
332 1518 376 1558 et
414 1512 557 1558 doctis
594 1512 816 1572 bonisque
852 1512 1073 1558 universis
1110 1512 1328 1559 molestus
1367 1513 1478 1566 fuit,
1517 1526 1657 1573 quare
1694 1519 1784 1558 tam
1821 1511 1897 1558 diu
1933 1512 2161 1559 connixit?
2209 1511 2355 1557 Potis-

218 1586 375 1630 simum
413 1598 437 1629 a
473 1585 562 1629 non
600 1584 938 1630 contemnendis
974 1583 1277 1630 monitoribus
1314 1585 1582 1635 admonitus,
1620 1583 1739 1629 inter
1775 1597 1890 1645 quos
1927 1584 2060 1629 etiam
2086 1581 2355 1643 Spiegellius

218 1661 373 1701 noster
410 1668 534 1700 suam
573 1654 710 1700 semel
747 1655 878 1701 nobis
917 1669 1099 1716 operam
1138 1653 1387 1701 collocavit.
1462 1653 1607 1709 Quare
1645 1654 1729 1701 hac
1764 1655 2035 1715 purgatione
2060 1655 2240 1700 minime
2268 1652 2357 1699 ela·

147 1778 164 1785 ἱ
218 1740 350 1786 psus,
398 1731 448 1770 ut
493 1725 566 1788 cui
613 1739 702 1770 non
751 1739 851 1771 cum
897 1725 1009 1772 Mida
1059 1726 1271 1787 quopiam
1311 1726 1389 1772 sed
1424 1739 1524 1772 cum
1562 1725 1800 1772 Francisco
1840 1724 2142 1786 Sickingensi,
2193 1726 2271 1786 qui
2308 1729 2411 1769 et2⁰

218 1795 400 1842 auribus
447 1795 565 1841 videt
613 1802 657 1841 et
704 1796 870 1848 oculis,
918 1799 1151 1856 negotium
1200 1797 1349 1842 fuerit.
1422 1797 1469 1843 Id
1506 1796 1627 1858 quod
1664 1796 1807 1858 probe
1843 1801 2054 1858 expertus
2092 1801 2176 1841 est.
2247 1794 2357 1841 Nam

216 1872 422 1928 prompte
460 1866 568 1913 adeo
607 1873 652 1912 et
688 1867 942 1914 luculenter
980 1868 1128 1914 omnia
1164 1868 1260 1914 fere
1297 1869 1568 1914 nostratium
1606 1867 1805 1914 facinora
1843 1882 1942 1928 quoe
1992 1865 2152 1912 abhinc
2197 1866 2358 1927 viginti

217 1939 342 1983 annis
381 1937 696 1997 designarunt,
745 1938 785 1984 ei
832 1940 1061 1985 recensuit
1098 1939 1426 2000 inculcavitque
1463 1952 1634 1985 summa
1671 1939 2063 1989 cumseveritate,
2100 1937 2157 1983 Ut
2192 1942 2358 1982 extem-

217 2009 406 2069 porariae
453 2009 734 2069 reponsionis
771 2009 889 2056 haud
925 2025 1120 2071 prorsus
1153 2010 1334 2071 inopem
1371 2016 1544 2056 mutum
1582 2009 1714 2071 plane
1750 2024 1802 2056 ac
1837 2009 2062 2071 elinguem
2099 2007 2355 2059 reddiderit,

216 2079 486 2139 minimoque
522 2082 706 2140 negotio
745 2080 942 2127 effecerit
978 2088 1029 2127 ut
1066 2082 1289 2128 facturum
1326 2096 1375 2128 se
1412 2082 1581 2133 omnia,
1631 2087 1846 2142 quantum
1882 2081 1928 2126 in
1967 2093 2014 2126 se
2050 2079 2193 2130 soret,
2232 2092 2354 2140 quae÷
2369 2082 2413 2116 2⁵

217 2163 392 2210 cunque
429 2151 474 2195 in
511 2150 594 2197 hac
628 2165 677 2197 re
714 2151 1020 2213 postulasset,
1058 2152 1363 2214 polliceretur.
1438 2153 1550 2199 Tum
1584 2151 1758 2213 Eques,
1804 2153 1983 2199 unicum
2021 2151 2219 2197 omnium
2257 2163 2359 2211 ger-

217 2235 450 2267 manorum
488 2220 688 2282 equitum
726 2223 861 2269 decus
899 2230 944 2269 et
981 2230 1316 2275 ornamentum,
1358 2230 1526 2276 testor,
1573 2224 1746 2284 inquit,
1793 2222 2017 2269 Christum
2053 2235 2125 2267 me
2160 2234 2242 2267 nec
2278 2235 2357 2267 vos

218 2306 363 2352 neque
399 2298 572 2339 vestros
610 2293 780 2347 odisse;
820 2294 899 2340 sed
934 2294 1127 2355 insignia
1165 2295 1239 2341 illa
1277 2295 1473 2356 flagitia,
1514 2308 1612 2355 quae
1649 2294 1788 2340 vestri
1825 2294 1911 2340 iam
1946 2307 2039 2339 non
2075 2306 2244 2353 paucos
2283 2305 2359 2337 an-

218 2377 302 2408 nos
340 2365 647 2416 committunt,
686 2379 785 2425 quae
823 2365 1005 2411 ferenda
1042 2380 1174 2412 nemo
1213 2366 1359 2412 bonus
1398 2372 1443 2412 et
1477 2380 1634 2427 aequus
1673 2371 1849 2417 censet,
1888 2365 1976 2411 huc
2012 2377 2082 2409 me
2118 2362 2358 2422 adigerunt

218 2440 269 2478 ut
304 2434 345 2478 vi
385 2435 559 2480 tandem
596 2435 650 2480 ad
687 2435 883 2482 salubria
919 2450 999 2482 vos
1046 2437 1232 2492 consilia
1280 2436 1610 2498 compellerem.
1683 2434 1812 2488 Vide,
1861 2437 1922 2481 mi
1955 2435 2112 2486 Beate,
2160 2448 2216 2479 an
2263 2447 2355 2479 non
2372 2437 2415 2471 30

221 2510 290 2549 ter
327 2510 573 2565 quaterque
610 2505 763 2552 felices
800 2507 1118 2567 praedicatores
1157 2523 1272 2569 quos
1309 2509 1444 2554 armis
1481 2508 1527 2553 in
1563 2506 1752 2569 gratiam
1789 2513 1835 2553 et
1881 2507 2117 2552 amicitiam
2165 2504 2358 2566 optimo-

221 2588 319 2619 rum
346 2575 398 2620 ad
424 2590 575 2635 pacem
615 2577 988 2638 concordiamque
1025 2579 1324 2630 utilissimam,
1363 2580 1451 2624 hoc
1487 2585 1559 2625 est
1581 2578 1726 2625 multo
1750 2579 1939 2625 maxima
1963 2576 2093 2627 bona,
2133 2577 2235 2635 cogi
2261 2581 2358 2621 tan-

222 2645 318 2690 dem
347 2647 550 2706 contigit.
624 2647 742 2707 Ergo
781 2650 983 2710 exigente
1014 2650 1252 2697 Francisco
1277 2650 1566 2696 Provincialis
1603 2655 1759 2695 noster
1795 2650 1911 2694 intra
1949 2661 2146 2694 mensem
2183 2644 2360 2707 pollici-

225 2722 297 2761 tus
323 2723 404 2766 est,
443 2719 578 2763 missa
603 2718 657 2763 ad
682 2718 952 2780 Capnionem
978 2721 1167 2766 honesta
1191 2721 1432 2781 legatione,
1469 2735 1553 2782 pro
1590 2719 1708 2767 virili
1745 2734 1824 2766 sua
1860 2719 2070 2780 portione
2096 2723 2356 2764 curaturum
2420 2738 2426 2742 ·

223 2801 270 2831 se
307 2786 428 2832 litem
464 2788 578 2834 hanc
614 2804 887 2851 componere
923 2805 974 2837 ac
1010 2805 1111 2837 cum
1147 2792 1248 2853 ipso
1297 2792 1342 2837 in
1381 2794 1569 2853 gratiam
1614 2791 1786 2844 redire;
1833 2790 1955 2852 quod
1999 2790 2038 2835 si
2075 2803 2163 2835 non
2203 2789 2415 2835 succe-³5

222 2857 308 2906 dat,
348 2871 459 2902 xm.
487 2859 629 2904 Martii
668 2861 784 2922 apud
809 2861 1062 2921 Vangiones
1099 2862 1371 2909 arbitrorum
1409 2863 1625 2925 utrinque
1660 2859 1999 2922 deligendorum
2037 2860 2272 2906 sententiae
2310 2871 2359 2903 se

223 2941 301 2986 per
339 2928 482 2974 omnia
521 2932 783 2989 pariturum.
859 2932 1013 2993 ltaque
1048 2947 1158 2980 v111.
1197 2934 1386 2980 Ianuarii
1423 2934 1529 2981 hinc
1565 2933 1702 2981 scolae
1738 2938 1908 2979 nostrae
1954 2944 2146 2993 praeses,
2193 2929 2360 2975 Doctor

223 2998 497 3057 Theologus,
537 3001 602 3045 vir
639 3004 783 3048 omnis
820 3005 1087 3063 arrogantiae
1126 3018 1177 3050 ex
1213 3005 1420 3066 professo
1458 3006 1627 3055 hostis,
1676 3016 1822 3065 eoque
1859 3003 2133 3063 Hogestrato
2169 3000 2359 3060 iniquis-

224 3066 386 3119 simus,
425 3077 638 3129 quantum
674 3075 871 3133 pertinet
908 3074 962 3120 ad
998 3075 1112 3122 hanc
1147 3090 1341 3126 causam,
1376 3075 1698 3136 In'golstadium
1733 3074 1967 3135 profectus
2004 3078 2088 3124 est,
2125 3076 2356 3131 assumpto

225 3143 270 3181 et
315 3138 400 3183 alio
449 3141 639 3199 quodam
676 3144 905 3204 Theologo
952 3145 1108 3191 Priore
1154 3146 1431 3206 Esslingensi
1479 3146 1638 3192 similis
1685 3145 1887 3205 suffragii
1933 3146 2052 3194 viro,
2099 3142 2252 3189 itidem
2300 3141 2354 3186 de
2370 3143 2414 3178 40

225 3222 331 3266 pace
368 3222 467 3253 cum
503 3211 726 3270 Capnione
766 3220 1050 3267 tractaturus,
1078 3216 1166 3277 ,qui
1204 3219 1334 3264 etiam
1372 3219 1550 3264 nomine
1588 3215 1873 3278 provincialis
1910 3214 2147 3276 promittat
2181 3214 2226 3258 in
2251 3226 2358 3273 pro-

226 3279 338 3322 xima
373 3285 630 3326 nostrorum
668 3283 846 3343 Synodo
885 3300 985 3331 eum
1033 3288 1295 3333 effecturum
1342 3294 1393 3333 ut
1436 3303 1526 3334 non
1573 3302 1653 3333 sua
1698 3287 1830 3332 modo
1868 3286 1947 3332 sed
1982 3283 2210 3346 pontificia
2247 3296 2358 3343 quo-

227 3362 313 3406 que
352 3349 623 3397 authoritate
661 3354 928 3413 Hogstratus
977 3365 1311 3418 compescatur,
1361 3374 1411 3405 ac
1457 3365 1727 3419 perpetuum
1773 3357 1894 3418 quod
1931 3361 2095 3403 vocant
2131 3354 2356 3400 silentium

227 3419 265 3462 ei
293 3418 533 3469 indicatur,
573 3422 685 3468 datis
712 3426 766 3470 ad
801 3426 887 3472 hoc
925 3428 978 3472 ad
1015 3428 1270 3488 pontificem
1306 3428 1451 3475 literis
1477 3429 1531 3475 ab
1568 3430 1775 3474 universa
1813 3427 1994 3489 Synodo
2031 3431 2188 3471 nostra
2225 3437 2356 3484 quam

338 3639 354 3664 ⁵
386 3655 440 3681 ex
468 3643 530 3683 sie
558 3657 629 3696 ap.
717 3642 750 3670 ¹¹
783 3644 872 3699 die]
905 3646 973 3686 28.
995 3649 1109 3692 Dec.
1216 3648 1250 3675 1²
1281 3650 1400 3690 festo
1433 3648 1515 3703 St.]
1549 3650 1589 3690 d.
1612 3649 1680 3690 26.
1703 3651 1817 3690 Dec.
1913 3647 1948 3675 1³
1978 3643 2218 3699 Lanstein]
2253 3651 2354 3698 puto

226 3711 501 3764 Landstuhl,
544 3728 638 3767 quoe
676 3721 717 3755 et
744 3716 1014 3757 Nannstein.
1134 3717 1167 3744 18
1206 3719 1464 3774 Spiegelius
1505 3724 1551 3759 et
1579 3721 1784 3760 Bucerus
1814 3718 2170 3761 Sletstadienses
2207 3719 2354 3756 erant.

225 3782 262 3808 ²⁰
291 3781 435 3837 Mida]
477 3783 679 3836 Apollini
717 3786 957 3827 victoriam
997 3787 1311 3839 abiudicante,
1361 3790 1556 3842 ideoque
1595 3790 1786 3830 asininis
1826 3787 2045 3830 auriculis
2084 3786 2354 3828 deformato.

227 3852 261 3878 ³⁶
292 3854 535 3905 sententia,
569 3867 617 3895 se
648 3869 718 3908 ap.
808 3854 842 3881 ⁴4
872 3858 957 3897 Hae
993 3857 1035 3897 ‘a
1066 3858 1220 3898 futura
1250 3858 1443 3911 Synodo'
1475 3860 1593 3900 datae
1625 3859 1771 3900 literae
1803 3859 1922 3900 diem
1951 3871 1994 3900 x.
2017 3858 2133 3898 Maii
2162 3871 2203 3898 a.
2229 3856 2352 3898 1520.
