2456 4264
241 294 361 353 410
817 319 1010 347 ORTVINI
1033 316 1196 346 GRATII
1219 316 1446 351 EPISTOLA
1465 317 1802 348 APOLOGE'HCA.

579 448 673 505 Oui
699 448 796 495 levi
830 447 963 494 venis
981 447 1181 508 precio,
1221 448 1450 507 laresque

908 530 1112 590 Linquis
1149 533 1349 579 amicos

572 613 796 662 Insolcns
829 617 954 663 recti
979 614 1151 675 fuqiat
1185 616 1409 664 decorem

577 699 967 759 Capniomastix,
1000 699 1126 747 nihil
1156 700 1273 748 binc
1307 702 1513 748 revellat

576 783 713 831 Exul
737 784 817 831 liic
844 786 1030 839 mentis,
1063 786 1137 832 vel
1165 785 1298 831 iners
1320 784 1546 843 Minerve
2403 803 2425 834 5
2452 810 2456 811 ff

914 868 1072 916 Sibila
1105 875 1302 917 musset.
1404 866 1410 934 Ι
1502 863 1524 935 Η
2447 872 2452 878 “

134 962 223 1015 hijb
580 954 789 1015 Empuat
822 955 1041 1013 quamvis
1074 953 1305 1000 rabidum
1336 952 1567 1012 furorem

139 1019 223 1073 fijb
586 1038 687 1086 Ora
726 1039 1032 1099 distorquens
1067 1039 1336 1086 sceleratus
1372 1051 1511 1100 erro,

576 1123 643 1171 Et
675 1125 815 1172 lacer
847 1136 955 1182 sevo
992 1124 1237 1171 iaculetur
1277 1135 1405 1170 ausu
2452 1179 2456 1183 ι

913 1207 1123 1256 Fulmen
1158 1208 1359 1255 inerme.
2409 1212 2456 1260 ιε

582 1292 647 1340 Te
685 1297 847 1340 tamen
884 1294 1071 1341 nullum
1098 1291 1327 1350 facinus,
1366 1291 1548 1352 libelle,
2451 1286 2454 1294 ’

583 1377 813 1440 Territet,
845 1378 977 1438 quod
1010 1382 1060 1426 tu
1091 1390 1296 1425 vereare
1333 1379 1508 1426 missus

576 1462 783 1511 Sedibus
818 1464 1011 1510 nostris,
1050 1466 1136 1510 tua
1174 1474 1389 1509 summus
1421 1466 1558 1523 optat

915 1547 1057 1594 Dona
1092 1547 1338 1594 sacerdos.

580 1631 867 1679 Barbarum
893 1633 1051 1692 parvi
1079 1631 1245 1690 facies
1275 1633 1526 1692 popellum
2412 1636 2454 1681 ιε

578 1716 643 1764 Et
671 1730 875 1776 qreqem
913 1717 1186 1775 nircosum,
1225 1717 1520 1776 lacerasque
1557 1717 1751 1776 turbas,

579 1802 680 1860 Que
714 1803 844 1849 viros
875 1813 1128 1860 nunquam
1155 1801 1341 1860 pietate
1370 1803 1535 1849 claros

618 1929 623 1944 ,
914 1885 1172 1933 Laudibus
1206 1893 1400 1933 ornant.

577 1972 681 2019 Hos
716 1971 868 2018 rudes
905 1972 1065 2030 turpis
1102 1970 1268 2018 docuit
1305 1971 1478 2030 Celeno
2451 2034 2454 2041 γ

575 2056 783 2103 Putrido
819 2056 999 2103 ventris
1034 2056 1282 2104 taminare
1312 2058 1486 2116 fluxu,
2411 2062 2456 2119 τῇ

583 2140 732 2189 Omne
767 2140 900 2201 quod
939 2140 1123 2188 Christi
1158 2142 1321 2189 titulos
1360 2141 1605 2202 decusque
2439 2129 2443 2131 ’

915 2225 1086 2273 Nobile
1120 2230 1300 2274 servat.

580 2311 683 2368 Quo
718 2324 862 2369 sacre
899 2310 1099 2358 tandem
1136 2311 1306 2372 sophie
1338 2312 1589 2370 maqis'tris

585 2395 649 2444 Te
681 2386 819 2456 pium
848 2399 1068 2456 prestes,
1107 2400 1155 2443 et
1189 2398 1520 2456 apostolorum
2434 2447 2438 2466 ,ι

581 2482 804 2529 Gratiam
839 2493 1029 2539 sumas,
1065 2493 1306 2528 venerare
1341 2483 1521 2529 summi
2411 2486 2455 2539 ιβ

913 2564 1104 2614 Numen
1135 2566 1330 2626 olympi.

581 2650 672 2697 Cui
700 2651 840 2697 velim
879 2649 1043 2705 dicas,
1083 2654 1194 2697 tuus
1222 2649 1312 2709 liec
1345 2651 1575 2698 decenter

583 2736 784 2783 Gratius
815 2734 1058 2794 scribens,
1095 2736 1217 2795 petit
1251 2740 1305 2782 ut
1331 2735 1524 2783 beatam

579 2821 797 2868 Nestoris
832 2822 1007 2879 vitam,
1048 2820 1339 2880 Pleriqiique
1368 2820 1519 2880 deqat

912 2904 1092 2964 Secula
1127 2907 1264 2954 vatis.
1411 2896 1413 2898 ¹
2411 2911 2455 2955 ’.Ι

243 3046 284 3092 (1
331 3046 563 3106 Sequitur
604 3047 876 3107 epiodium,
924 3047 1058 3108 quod
1093 3054 1294 3095 auctore
1328 3047 1499 3095 eodem
1537 3046 1730 3105 Colonie
1766 3049 1818 3094 in
1863 3048 2070 3096 ecclesia
2106 3049 2394 3109 predicato-
2440 3051 2443 3055 ’

241 3144 364 3187 rum,
405 3132 477 3179 ad
503 3132 757 3180 Glierardi
780 3132 1162 3193 Zutplzaniensis
1192 3131 1437 3190 Theoloqi‚
1468 3131 1657 3192 virique
1683 3131 1826 3190 (dum
1851 3133 1995 3194 vixit)
2027 3134 2293 3182 clarissimi
2314 3148 2396 3183 se—
2418 3157 2449 3200 ι,

233 3215 501 3275 pulchrum
533 3217 837 3277 dependens,
874 3219 925 3265 in
961 3218 1176 3279 epistolis
1219 3216 1545 3264 Obscurorum
1581 3215 2037 3265 Reucblinistarum
2071 3220 2292 3278 nequiter
2327 3224 2399 3268 est

488 3365 491 3368 ι
1154 3302 1473 3350 immutatum.
2418 3290 2430 3324 ⁵5

578 3385 686 3432 Hoc
722 3383 1172 3452 quicunquessvides
1205 3385 1678 3448 saxum,{subsiste,
1715 3387 1919 3450 viator,
2409 3392 2452 3446 [a

692 3468 758 3515 Et
789 3470 945 3517 subito
978 3472 1137 3531 larqis
1167 3470 1362 3530 fletibus
1396 3484 1490 3519 ora
1519 3473 1699 3531 fluant.

587 3552 731 3599 Urbis
766 3553 1039 3626 Aqrippine
1071 3568 1269 3615 casum,
1302 3556 1615 3616 lamentaque
1650 3562 1824 3605 noscat

698 3636 859 3695 Orbis,
894 3643 942 3685 et
969 3641 1235 3699 insurqant
1259 3646 1467 3701 postera
1504 3642 1638 3699 secla
1675 3641 1832 3700 queri.

585 3719 774 3769 Occidit
808 3726 921 3768 ante
958 3722 1084 3770 diem
1117 3723 1225 3781 fati
1256 3725 1540 3773 crudelibus
1572 3726 1708 3772 ausis

693 3805 898 3865 Doctor,
937 3807 987 3853 in
1021 3806 1119 3854 bac
1158 3808 1407 3866 quondam
1444 3810 1692 3856 maximus
1723 3809 1844 3857 urbe
1876 3809 2066 3869 sopboS.
2405 3818 2456 3856 ω

357 3929 395 3958 ³3
427 3929 496 3971 Cf.
522 3929 638 3985 Epp.
662 3930 722 3970 O:
739 3930 791 3970 V.
813 3931 849 3970 Ι.
878 3929 941 3972 19.
