<?xml version="1.0" encoding="UTF-8"?>
<!DOCTYPE html PUBLIC "-//W3C//DTD XHTML 1.0 Transitional//EN"
    "http://www.w3.org/TR/xhtml1/DTD/xhtml1-transitional.dtd">
<html xmlns="http://www.w3.org/1999/xhtml" xml:lang="en" lang="en">
 <head>
  <title>
</title>
<meta http-equiv="Content-Type" content="text/html;charset=utf-8" />
  <meta name='ocr-system' content='tesseract 3.04.00' />
  <meta name='ocr-capabilities' content='ocr_page ocr_carea ocr_par ocr_line ocrx_word'/>
</head>
<body>
  <div class='ocr_page' id='page_1' title='image "./supoperaquaerepe01huttuoft_0209.png"; bbox 0 0 2456 4264; ppageno 0'>
   <div class='ocr_carea' id='block_1_1' title="bbox 108 259 2265 319">
    <p class='ocr_par' dir='ltr' id='par_1_1' title="bbox 108 259 2265 319">
     <span class='ocr_line' id='line_1_1' title="bbox 108 259 2265 319; baseline 0.001 -8"><span class='ocrx_word' id='word_1_1' title='bbox 108 281 232 312; x_wconf 68' lang='lat' dir='ltr'><em>nunt</em></span> <span class='ocrx_word' id='word_1_2' title='bbox 252 281 354 310; x_wconf 79' lang='lat' dir='ltr'><em>mel</em></span> <span class='ocrx_word' id='word_1_3' title='bbox 375 280 737 310; x_wconf 67' lang='lat' dir='ltr'><em>nrnnroonnvu</em></span> <span class='ocrx_word' id='word_1_4' title='bbox 758 279 944 310; x_wconf 67' lang='lat' dir='ltr'>DIGNVM</span> <span class='ocrx_word' id='word_1_5' title='bbox 966 280 1059 310; x_wconf 68' lang='lat' dir='ltr'><em>NON</em></span> <span class='ocrx_word' id='word_1_6' title='bbox 1081 280 1193 310; x_wconf 69' lang='lat' dir='ltr'><em>888ss</em></span> <span class='ocrx_word' id='word_1_7' title='bbox 1216 280 1309 310; x_wconf 69' lang='lat' dir='ltr'><em>GVH</em></span> <span class='ocrx_word' id='word_1_8' title='bbox 1333 280 1424 315; x_wconf 78' lang='lat' dir='ltr'><em>Qvo</em></span> <span class='ocrx_word' id='word_1_9' title='bbox 1446 281 1741 311; x_wconf 70' lang='lat' dir='ltr'><em>ancnmnvs</em></span> <span class='ocrx_word' id='word_1_10' title='bbox 1764 282 1939 312; x_wconf 70' lang='lat' dir='ltr'><em>STARn&#39;r</em></span> <span class='ocrx_word' id='word_1_11' title='bbox 1962 285 2080 315; x_wconf 80' lang='lat' dir='ltr'>1VR1.</span> <span class='ocrx_word' id='word_1_12' title='bbox 2148 259 2265 319; x_wconf 82' lang='grc'><em>169</em></span> 
     </span>
    </p>
   </div>
   <div class='ocr_carea' id='block_1_2' title="bbox 0 411 2352 3965">
    <p class='ocr_par' dir='ltr' id='par_1_2' title="bbox 28 411 2271 649">
     <span class='ocr_line' id='line_1_2' title="bbox 28 411 2270 476; baseline 0 -11"><span class='ocrx_word' id='word_1_13' title='bbox 28 471 32 475; x_wconf 55' lang='grc'>,</span> <span class='ocrx_word' id='word_1_14' title='bbox 106 413 403 472; x_wconf 67' lang='lat' dir='ltr'><em>munientia,</em></span> <span class='ocrx_word' id='word_1_15' title='bbox 444 425 540 461; x_wconf 84' lang='lat' dir='ltr'><em>nec</em></span> <span class='ocrx_word' id='word_1_16' title='bbox 577 414 751 474; x_wconf 87' lang='lat' dir='ltr'><em>quovis</em></span> <span class='ocrx_word' id='word_1_17' title='bbox 785 413 933 461; x_wconf 88' lang='lat' dir='ltr'><em>modo</em></span> <span class='ocrx_word' id='word_1_18' title='bbox 970 414 1021 461; x_wconf 88' lang='lat' dir='ltr'><em>in</em></span> <span class='ocrx_word' id='word_1_19' title='bbox 1059 413 1159 461; x_wconf 79' lang='lat' dir='ltr'><em>hac</em></span> <span class='ocrx_word' id='word_1_20' title='bbox 1184 416 1358 461; x_wconf 90' lang='lat' dir='ltr'><em>nostra</em></span> <span class='ocrx_word' id='word_1_21' title='bbox 1384 411 1681 472; x_wconf 76' lang='lat' dir='ltr'><em>defensione</em></span> <span class='ocrx_word' id='word_1_22' title='bbox 1705 415 1922 476; x_wconf 86' lang='lat' dir='ltr'><em>offensos</em></span> <span class='ocrx_word' id='word_1_23' title='bbox 1946 416 2104 465; x_wconf 89' lang='lat' dir='ltr'><em>velim.</em></span> <span class='ocrx_word' id='word_1_24' title='bbox 2169 415 2270 466; x_wconf 88' lang='lat' dir='ltr'><em>Oro</em></span> 
     </span>
     <span class='ocr_line' id='line_1_3' title="bbox 105 497 2271 559; baseline 0.002 -13"><span class='ocrx_word' id='word_1_25' title='bbox 105 499 255 553; x_wconf 73' lang='lat' dir='ltr'><em>ctiam</em></span> <span class='ocrx_word' id='word_1_26' title='bbox 302 500 456 559; x_wconf 86' lang='lat' dir='ltr'><em>atque</em></span> <span class='ocrx_word' id='word_1_27' title='bbox 502 497 707 547; x_wconf 88' lang='lat' dir='ltr'><em>obsecro</em></span> <span class='ocrx_word' id='word_1_28' title='bbox 750 498 1007 547; x_wconf 74' lang='lat' dir='ltr'><em>humiliter</em></span> <span class='ocrx_word' id='word_1_29' title='bbox 1059 499 1390 547; x_wconf 85' lang='lat' dir='ltr'><em>reverentiam</em></span> <span class='ocrx_word' id='word_1_30' title='bbox 1441 499 1659 547; x_wconf 87' lang='lat' dir='ltr'><em>omnium</em></span> <span class='ocrx_word' id='word_1_31' title='bbox 1706 503 1921 548; x_wconf 86' lang='lat' dir='ltr'><em>vestram</em></span> <span class='ocrx_word' id='word_1_32' title='bbox 1968 505 2015 548; x_wconf 88' lang='lat' dir='ltr'><em>et</em></span> <span class='ocrx_word' id='word_1_33' title='bbox 2050 504 2271 550; x_wconf 70' lang='lat' dir='ltr'><em>maxime.</em></span> 
     </span>
     <span class='ocr_line' id='line_1_4' title="bbox 96 583 2268 649; baseline 0.002 -19"><span class='ocrx_word' id='word_1_34' title='bbox 96 597 199 648; x_wconf 71' lang='lat' dir='ltr'><em>per</em></span> <span class='ocrx_word' id='word_1_35' title='bbox 230 583 466 632; x_wconf 86' lang='lat' dir='ltr'><em>meritum</em></span> <span class='ocrx_word' id='word_1_36' title='bbox 496 584 751 644; x_wconf 80' lang='lat' dir='ltr'><em>passionis</em></span> <span class='ocrx_word' id='word_1_37' title='bbox 787 583 981 632; x_wconf 87' lang='lat' dir='ltr'><em>domini</em></span> <span class='ocrx_word' id='word_1_38' title='bbox 1014 585 1180 632; x_wconf 87' lang='lat' dir='ltr'><em>nostri</em></span> <span class='ocrx_word' id='word_1_39' title='bbox 1213 583 1329 632; x_wconf 90' lang='lat' dir='ltr'><em>Iesu</em></span> <span class='ocrx_word' id='word_1_40' title='bbox 1356 584 1554 643; x_wconf 80' lang='lat' dir='ltr'><em>Christi,</em></span> <span class='ocrx_word' id='word_1_41' title='bbox 1598 589 1652 632; x_wconf 89' lang='lat' dir='ltr'><em>ut</em></span> <span class='ocrx_word' id='word_1_42' title='bbox 1675 584 1800 633; x_wconf 77' lang='lat' dir='ltr'><em>milti</em></span> <span class='ocrx_word' id='word_1_43' title='bbox 1822 586 2121 647; x_wconf 90' lang='lat' dir='ltr'><em>iampridem</em></span> <span class='ocrx_word' id='word_1_44' title='bbox 2146 588 2268 649; x_wconf 90' lang='lat' dir='ltr'><em>bap-</em></span> 
     </span>
    </p>

    <p class='ocr_par' dir='ltr' id='par_1_3' title="bbox 31 667 2269 732">
     <span class='ocr_line' id='line_1_5' title="bbox 31 667 2269 732; baseline 0.001 -14"><span class='ocrx_word' id='word_1_45' title='bbox 31 700 35 708; x_wconf 87' lang='lat'><strong>·</strong></span> <span class='ocrx_word' id='word_1_46' title='bbox 105 669 266 719; x_wconf 70' lang='lat' dir='ltr'><em>tizato</em></span> <span class='ocrx_word' id='word_1_47' title='bbox 300 668 354 716; x_wconf 88' lang='lat' dir='ltr'><em>in</em></span> <span class='ocrx_word' id='word_1_48' title='bbox 389 667 470 716; x_wconf 76' lang='lat' dir='ltr'><em>bis</em></span> <span class='ocrx_word' id='word_1_49' title='bbox 506 669 779 717; x_wconf 80' lang='lat' dir='ltr'><em>dumtaxat</em></span> <span class='ocrx_word' id='word_1_50' title='bbox 807 667 994 728; x_wconf 85' lang='lat' dir='ltr'><em>favere</em></span> <span class='ocrx_word' id='word_1_51' title='bbox 1030 669 1216 728; x_wconf 87' lang='lat' dir='ltr'><em>velitis,</em></span> <span class='ocrx_word' id='word_1_52' title='bbox 1269 670 1320 717; x_wconf 90' lang='lat' dir='ltr'><em>in</em></span> <span class='ocrx_word' id='word_1_53' title='bbox 1368 669 1546 730; x_wconf 87' lang='lat' dir='ltr'><em>quibus</em></span> <span class='ocrx_word' id='word_1_54' title='bbox 1584 675 1673 718; x_wconf 86' lang='lat' dir='ltr'><em>aut</em></span> <span class='ocrx_word' id='word_1_55' title='bbox 1708 674 1846 718; x_wconf 85' lang='lat' dir='ltr'><em>recte</em></span> <span class='ocrx_word' id='word_1_56' title='bbox 1881 671 2022 732; x_wconf 84' lang='lat' dir='ltr'><em>loqui</em></span> <span class='ocrx_word' id='word_1_57' title='bbox 2056 677 2145 722; x_wconf 88' lang='lat' dir='ltr'><em>aut</em></span> <span class='ocrx_word' id='word_1_58' title='bbox 2181 674 2269 721; x_wconf 88' lang='lat' dir='ltr'><em>mi-</em></span> 
     </span>
    </p>

    <p class='ocr_par' dir='ltr' id='par_1_4' title="bbox 11 754 993 820">
     <span class='ocr_line' id='line_1_6' title="bbox 11 754 993 820; baseline 0 -18"><span class='ocrx_word' id='word_1_59' title='bbox 11 758 38 820; x_wconf 55' lang='lat' dir='ltr'><em>J,</em></span> <span class='ocrx_word' id='word_1_60' title='bbox 63 763 213 805; x_wconf 58' lang='lat' dir='ltr'><em>sm.</em></span> <span class='ocrx_word' id='word_1_61' title='bbox 234 754 421 803; x_wconf 86' lang='lat' dir='ltr'><em>iniuste</em></span> <span class='ocrx_word' id='word_1_62' title='bbox 454 754 666 802; x_wconf 82' lang='lat' dir='ltr'><em>sensisse</em></span> <span class='ocrx_word' id='word_1_63' title='bbox 701 754 993 814; x_wconf 72' lang='lat' dir='ltr'><em>diynoscar.</em></span> 
     </span>
    </p>

    <p class='ocr_par' dir='ltr' id='par_1_5' title="bbox 11 821 2271 1073">
     <span class='ocr_line' id='line_1_7' title="bbox 11 821 2269 905; baseline 0.003 -21"><span class='ocrx_word' id='word_1_64' title='bbox 11 821 38 905; x_wconf 18' lang='grc' dir='ltr'><em>,εἴ</em></span> <span class='ocrx_word' id='word_1_65' title='bbox 122 839 128 844; x_wconf 86' lang='grc'>’</span> <span class='ocrx_word' id='word_1_66' title='bbox 245 837 290 885; x_wconf 93' lang='grc' dir='ltr'><em>(Ι</em></span> <span class='ocrx_word' id='word_1_67' title='bbox 325 836 411 886; x_wconf 78' lang='lat' dir='ltr'><em>Aa</em></span> <span class='ocrx_word' id='word_1_68' title='bbox 436 840 757 900; x_wconf 85' lang='lat' dir='ltr'><em>propositum</em></span> <span class='ocrx_word' id='word_1_69' title='bbox 795 852 935 900; x_wconf 74' lang='lat' dir='ltr'><em>erqo.</em></span> <span class='ocrx_word' id='word_1_70' title='bbox 975 844 1093 888; x_wconf 89' lang='lat' dir='ltr'><em>sunt</em></span> <span class='ocrx_word' id='word_1_71' title='bbox 1129 841 1219 901; x_wconf 89' lang='lat' dir='ltr'><em>qui</em></span> <span class='ocrx_word' id='word_1_72' title='bbox 1252 841 1384 887; x_wconf 83' lang='lat' dir='ltr'><em>male</em></span> <span class='ocrx_word' id='word_1_73' title='bbox 1419 844 1604 887; x_wconf 88' lang='lat' dir='ltr'><em>contra</em></span> <span class='ocrx_word' id='word_1_74' title='bbox 1634 839 1930 898; x_wconf 80' lang='lat' dir='ltr'><em>fraternam</em></span> <span class='ocrx_word' id='word_1_75' title='bbox 1968 843 2269 891; x_wconf 77' lang='lat' dir='ltr'><em>charitatem</em></span> 
     </span>
     <span class='ocr_line' id='line_1_8' title="bbox 30 908 2271 985; baseline 0.003 -17"><span class='ocrx_word' id='word_1_76' title='bbox 30 908 66 970; x_wconf 65' lang='lat' dir='ltr'><em>F.</em></span> <span class='ocrx_word' id='word_1_77' title='bbox 102 923 440 982; x_wconf 53' lang='lat' dir='ltr'><em>fidamitmt,</em></span> <span class='ocrx_word' id='word_1_78' title='bbox 489 937 567 971; x_wconf 91' lang='lat' dir='ltr'><em>me</em></span> <span class='ocrx_word' id='word_1_79' title='bbox 602 937 702 973; x_wconf 91' lang='lat' dir='ltr'><em>non</em></span> <span class='ocrx_word' id='word_1_80' title='bbox 740 937 845 973; x_wconf 91' lang='lat' dir='ltr'><em>esse</em></span> <span class='ocrx_word' id='word_1_81' title='bbox 881 925 1114 985; x_wconf 72' lang='lat' dir='ltr'><em>diqnum,</em></span> <span class='ocrx_word' id='word_1_82' title='bbox 1165 937 1279 973; x_wconf 90' lang='lat' dir='ltr'><em>cum</em></span> <span class='ocrx_word' id='word_1_83' title='bbox 1318 937 1416 985; x_wconf 91' lang='lat' dir='ltr'><em>quo</em></span> <span class='ocrx_word' id='word_1_84' title='bbox 1452 924 1675 972; x_wconf 88' lang='lat' dir='ltr'><em>Ioannes</em></span> <span class='ocrx_word' id='word_1_85' title='bbox 1710 924 1958 973; x_wconf 82' lang='lat' dir='ltr'><em>Reucblin</em></span> <span class='ocrx_word' id='word_1_86' title='bbox 1997 928 2101 975; x_wconf 86' lang='lat' dir='ltr'><em>iuri</em></span> <span class='ocrx_word' id='word_1_87' title='bbox 2132 933 2271 975; x_wconf 83' lang='lat' dir='ltr'><em>stare</em></span> 
     </span>
     <span class='ocr_line' id='line_1_9' title="bbox 32 1005 2270 1073; baseline 0.002 -17"><span class='ocrx_word' id='word_1_88' title='bbox 32 1005 41 1059; x_wconf 70' lang='grc' dir='ltr'><strong>ξ</strong></span> <span class='ocrx_word' id='word_1_89' title='bbox 103 1007 297 1068; x_wconf 77' lang='lat' dir='ltr'><em>debeat,</em></span> <span class='ocrx_word' id='word_1_90' title='bbox 337 1012 442 1056; x_wconf 90' lang='lat' dir='ltr'><em>tam</em></span> <span class='ocrx_word' id='word_1_91' title='bbox 478 1010 655 1070; x_wconf 84' lang='lat' dir='ltr'><em>inepta</em></span> <span class='ocrx_word' id='word_1_92' title='bbox 692 1009 968 1058; x_wconf 90' lang='lat' dir='ltr'><em>obiectione</em></span> <span class='ocrx_word' id='word_1_93' title='bbox 1004 1010 1162 1070; x_wconf 90' lang='lat' dir='ltr'><em>ipsius</em></span> <span class='ocrx_word' id='word_1_94' title='bbox 1197 1010 1473 1070; x_wconf 79' lang='lat' dir='ltr'><em>nequitiam</em></span> <span class='ocrx_word' id='word_1_95' title='bbox 1510 1022 1763 1057; x_wconf 75' lang='lat' dir='ltr'><em>excusare</em></span> <span class='ocrx_word' id='word_1_96' title='bbox 1799 1011 2034 1059; x_wconf 86' lang='lat' dir='ltr'><em>volentes.</em></span> <span class='ocrx_word' id='word_1_97' title='bbox 2114 1010 2152 1059; x_wconf 82' lang='grc' dir='ltr'><em>Ο</em></span> <span class='ocrx_word' id='word_1_98' title='bbox 2186 1026 2270 1073; x_wconf 89' lang='lat' dir='ltr'><em>pe-</em></span> 
     </span>
    </p>

    <p class='ocr_par' dir='ltr' id='par_1_6' title="bbox 12 1074 2272 1156">
     <span class='ocr_line' id='line_1_10' title="bbox 12 1074 2272 1156; baseline -0.002 -8"><span class='ocrx_word' id='word_1_99' title='bbox 12 1074 49 1148; x_wconf 35' lang='grc' dir='ltr'><em>ΚῘὲ-</em></span> <span class='ocrx_word' id='word_1_100' title='bbox 102 1098 247 1144; x_wconf 71' lang='lat' dir='ltr'><em>viora</em></span> <span class='ocrx_word' id='word_1_101' title='bbox 281 1107 432 1154; x_wconf 77' lang='lat' dir='ltr'><em>ceca,</em></span> <span class='ocrx_word' id='word_1_102' title='bbox 485 1107 515 1142; x_wconf 94' lang='lat' dir='ltr'><em>o</em></span> <span class='ocrx_word' id='word_1_103' title='bbox 561 1096 860 1142; x_wconf 82' lang='lat' dir='ltr'><em>sententiam</em></span> <span class='ocrx_word' id='word_1_104' title='bbox 909 1095 1134 1143; x_wconf 91' lang='lat' dir='ltr'><em>omnibus</em></span> <span class='ocrx_word' id='word_1_105' title='bbox 1169 1094 1313 1143; x_wconf 90' lang='lat' dir='ltr'><em>bonis</em></span> <span class='ocrx_word' id='word_1_106' title='bbox 1350 1094 1717 1142; x_wconf 82' lang='lat' dir='ltr'><em>detestandam.</em></span> <span class='ocrx_word' id='word_1_107' title='bbox 1777 1096 1902 1156; x_wconf 90' lang='lat' dir='ltr'><em>quid</em></span> <span class='ocrx_word' id='word_1_108' title='bbox 1936 1096 2139 1144; x_wconf 90' lang='lat' dir='ltr'><em>obsecro</em></span> <span class='ocrx_word' id='word_1_109' title='bbox 2176 1097 2272 1144; x_wconf 78' lang='lat' dir='ltr'><em>hoc</em></span> 
     </span>
    </p>

    <p class='ocr_par' dir='ltr' id='par_1_7' title="bbox 0 1150 2276 1752">
     <span class='ocr_line' id='line_1_11' title="bbox 0 1150 2276 1252; baseline 0 -24"><span class='ocrx_word' id='word_1_110' title='bbox 0 1150 178 1252; x_wconf 43' lang='lat' dir='ltr'><em>&#39;‘fn-ai</em></span> <span class='ocrx_word' id='word_1_111' title='bbox 209 1179 258 1228; x_wconf 90' lang='lat' dir='ltr'><em>si</em></span> <span class='ocrx_word' id='word_1_112' title='bbox 288 1179 548 1228; x_wconf 82' lang='lat' dir='ltr'><em>iniusticia</em></span> <span class='ocrx_word' id='word_1_113' title='bbox 585 1192 686 1228; x_wconf 90' lang='lat' dir='ltr'><em>non</em></span> <span class='ocrx_word' id='word_1_114' title='bbox 724 1181 834 1228; x_wconf 83' lang='lat' dir='ltr'><em>est?</em></span> <span class='ocrx_word' id='word_1_115' title='bbox 871 1179 1028 1227; x_wconf 89' lang='lat' dir='ltr'><em>Nemo</em></span> <span class='ocrx_word' id='word_1_116' title='bbox 1065 1183 1169 1228; x_wconf 92' lang='lat' dir='ltr'><em>tam</em></span> <span class='ocrx_word' id='word_1_117' title='bbox 1207 1180 1380 1239; x_wconf 92' lang='lat' dir='ltr'><em>bonus,</em></span> <span class='ocrx_word' id='word_1_118' title='bbox 1423 1180 1512 1240; x_wconf 88' lang='lat' dir='ltr'><em>qui</em></span> <span class='ocrx_word' id='word_1_119' title='bbox 1545 1183 1719 1240; x_wconf 90' lang='lat' dir='ltr'><em>spreta</em></span> <span class='ocrx_word' id='word_1_120' title='bbox 1756 1181 1882 1228; x_wconf 86' lang='lat' dir='ltr'><em>iuris</em></span> <span class='ocrx_word' id='word_1_121' title='bbox 1910 1179 2144 1239; x_wconf 86' lang='lat' dir='ltr'><em>formula</em></span> <span class='ocrx_word' id='word_1_122' title='bbox 2179 1181 2276 1229; x_wconf 87' lang='lat' dir='ltr'><em>sibi</em></span> 
     </span>
     <span class='ocr_line' id='line_1_12' title="bbox 20 1255 2276 1328; baseline 0.001 -16"><span class='ocrx_word' id='word_1_123' title='bbox 20 1255 43 1323; x_wconf 72' lang='grc' dir='ltr'><em>’ξ</em></span> <span class='ocrx_word' id='word_1_124' title='bbox 100 1265 202 1328; x_wconf 77' lang='lat' dir='ltr'><em>ipsi</em></span> <span class='ocrx_word' id='word_1_125' title='bbox 233 1255 538 1313; x_wconf 82' lang='lat' dir='ltr'><em>adiudicare</em></span> <span class='ocrx_word' id='word_1_126' title='bbox 571 1265 841 1326; x_wconf 89' lang='lat' dir='ltr'><em>quicquam</em></span> <span class='ocrx_word' id='word_1_127' title='bbox 873 1265 1049 1326; x_wconf 82' lang='lat' dir='ltr'><em>possit.</em></span> <span class='ocrx_word' id='word_1_128' title='bbox 1125 1263 1254 1312; x_wconf 85' lang='lat' dir='ltr'><em>Sia</em></span> <span class='ocrx_word' id='word_1_129' title='bbox 1290 1278 1368 1312; x_wconf 92' lang='lat' dir='ltr'><em>me</em></span> <span class='ocrx_word' id='word_1_130' title='bbox 1403 1265 1532 1323; x_wconf 81' lang='lat' dir='ltr'><em>lesus</em></span> <span class='ocrx_word' id='word_1_131' title='bbox 1568 1269 1641 1312; x_wconf 92' lang='lat' dir='ltr'><em>est</em></span> <span class='ocrx_word' id='word_1_132' title='bbox 1675 1265 1896 1314; x_wconf 89' lang='lat' dir='ltr'><em>Ioannes</em></span> <span class='ocrx_word' id='word_1_133' title='bbox 1923 1266 2188 1326; x_wconf 81' lang='lat' dir='ltr'><em>Reuchlin,</em></span> <span class='ocrx_word' id='word_1_134' title='bbox 2230 1268 2276 1314; x_wconf 91' lang='lat' dir='ltr'><em>si</em></span> 
     </span>
     <span class='ocr_line' id='line_1_13' title="bbox 23 1339 2276 1413; baseline -0.002 -11"><span class='ocrx_word' id='word_1_135' title='bbox 23 1352 50 1402; x_wconf 62' lang='grc' dir='ltr'>ί</span> <span class='ocrx_word' id='word_1_136' title='bbox 102 1339 351 1401; x_wconf 65' lang='lat' dir='ltr'><em>occidtam</em></span> <span class='ocrx_word' id='word_1_137' title='bbox 385 1351 544 1412; x_wconf 86' lang='lat' dir='ltr'><em>ipsius</em></span> <span class='ocrx_word' id='word_1_138' title='bbox 579 1351 995 1399; x_wconf 82' lang='lat' dir='ltr'><em>consultationem</em></span> <span class='ocrx_word' id='word_1_139' title='bbox 1025 1350 1266 1411; x_wconf 87' lang='lat' dir='ltr'><em>prodidi,</em></span> <span class='ocrx_word' id='word_1_140' title='bbox 1320 1351 1370 1397; x_wconf 90' lang='lat' dir='ltr'><em>si</em></span> <span class='ocrx_word' id='word_1_141' title='bbox 1412 1351 1723 1398; x_wconf 86' lang='lat' dir='ltr'><em>contumeliis</em></span> <span class='ocrx_word' id='word_1_142' title='bbox 1767 1346 1953 1399; x_wconf 87' lang='lat' dir='ltr'><em>iniuste</em></span> <span class='ocrx_word' id='word_1_143' title='bbox 1997 1353 2177 1413; x_wconf 81' lang='lat' dir='ltr'><em>affeci,</em></span> <span class='ocrx_word' id='word_1_144' title='bbox 2230 1353 2276 1399; x_wconf 89' lang='lat' dir='ltr'><em>si</em></span> 
     </span>
     <span class='ocr_line' id='line_1_14' title="bbox 34 1423 2271 1498; baseline 0.001 -16"><span class='ocrx_word' id='word_1_145' title='bbox 34 1423 38 1482; x_wconf 71' lang='grc' dir='ltr'>ἶ</span> <span class='ocrx_word' id='word_1_146' title='bbox 99 1435 234 1487; x_wconf 68' lang='lat' dir='ltr'><em>nale</em></span> <span class='ocrx_word' id='word_1_147' title='bbox 265 1435 469 1496; x_wconf 75' lang='lat' dir='ltr'><em>scripsi,</em></span> <span class='ocrx_word' id='word_1_148' title='bbox 508 1436 555 1483; x_wconf 86' lang='lat' dir='ltr'><em>si</em></span> <span class='ocrx_word' id='word_1_149' title='bbox 589 1436 764 1496; x_wconf 88' lang='lat' dir='ltr'><em>quovis</em></span> <span class='ocrx_word' id='word_1_150' title='bbox 799 1435 948 1483; x_wconf 90' lang='lat' dir='ltr'><em>modo</em></span> <span class='ocrx_word' id='word_1_151' title='bbox 986 1435 1190 1496; x_wconf 81' lang='lat' dir='ltr'><em>deliqui,</em></span> <span class='ocrx_word' id='word_1_152' title='bbox 1234 1448 1395 1496; x_wconf 89' lang='lat' dir='ltr'><em>quare</em></span> <span class='ocrx_word' id='word_1_153' title='bbox 1430 1448 1508 1483; x_wconf 90' lang='lat' dir='ltr'><em>me</em></span> <span class='ocrx_word' id='word_1_154' title='bbox 1544 1448 1646 1483; x_wconf 91' lang='lat' dir='ltr'><em>non</em></span> <span class='ocrx_word' id='word_1_155' title='bbox 1675 1437 1872 1484; x_wconf 91' lang='lat' dir='ltr'><em>vocavit</em></span> <span class='ocrx_word' id='word_1_156' title='bbox 1898 1437 1948 1484; x_wconf 93' lang='lat' dir='ltr'><em>in</em></span> <span class='ocrx_word' id='word_1_157' title='bbox 1977 1438 2090 1485; x_wconf 84' lang='lat' dir='ltr'><em>ius?</em></span> <span class='ocrx_word' id='word_1_158' title='bbox 2134 1438 2271 1498; x_wconf 89' lang='lat' dir='ltr'><em>‘quia</em></span> 
     </span>
     <span class='ocr_line' id='line_1_15' title="bbox 35 1517 2271 1587; baseline -0.001 -15"><span class='ocrx_word' id='word_1_159' title='bbox 35 1524 41 1578; x_wconf 72' lang='grc' dir='ltr'><em>ξ</em></span> <span class='ocrx_word' id='word_1_160' title='bbox 100 1517 278 1573; x_wconf 77' lang='lat' dir='ltr'><em>laicus’</em></span> <span class='ocrx_word' id='word_1_161' title='bbox 314 1521 479 1582; x_wconf 84' lang='lat' dir='ltr'><em>inquit</em></span> <span class='ocrx_word' id='word_1_162' title='bbox 518 1521 582 1568; x_wconf 86' lang='lat' dir='ltr'><em>‘et</em></span> <span class='ocrx_word' id='word_1_163' title='bbox 617 1520 764 1569; x_wconf 79' lang='lat' dir='ltr'><em>homo</em></span> <span class='ocrx_word' id='word_1_164' title='bbox 801 1520 1037 1569; x_wconf 89' lang='lat' dir='ltr'><em>indoctus</em></span> <span class='ocrx_word' id='word_1_165' title='bbox 1073 1522 1274 1569; x_wconf 90' lang='lat' dir='ltr'><em>minime</em></span> <span class='ocrx_word' id='word_1_166' title='bbox 1311 1521 1497 1587; x_wconf 76' lang='lat' dir='ltr'><em>diqnus</em></span> <span class='ocrx_word' id='word_1_167' title='bbox 1522 1524 1594 1568; x_wconf 90' lang='lat' dir='ltr'><em>est</em></span> <span class='ocrx_word' id='word_1_168' title='bbox 1619 1521 1670 1568; x_wconf 91' lang='lat' dir='ltr'><em>in</em></span> <span class='ocrx_word' id='word_1_169' title='bbox 1698 1534 1841 1582; x_wconf 87' lang='lat' dir='ltr'><em>quem</em></span> <span class='ocrx_word' id='word_1_170' title='bbox 1868 1523 1979 1570; x_wconf 88' lang='lat' dir='ltr'><em>iure</em></span> <span class='ocrx_word' id='word_1_171' title='bbox 2004 1523 2271 1583; x_wconf 88' lang='lat' dir='ltr'><em>quicquam</em></span> 
     </span>
     <span class='ocr_line' id='line_1_16' title="bbox 20 1593 2274 1709; baseline -0.001 -52"><span class='ocrx_word' id='word_1_172' title='bbox 20 1597 278 1709; x_wconf 39' lang='lat' dir='ltr'><em>{unam</em></span> <span class='ocrx_word' id='word_1_173' title='bbox 353 1605 678 1656; x_wconf 74' lang='lat' dir='ltr'><em>Execrabilis</em></span> <span class='ocrx_word' id='word_1_174' title='bbox 711 1607 920 1667; x_wconf 90' lang='lat' dir='ltr'><em>inquam</em></span> <span class='ocrx_word' id='word_1_175' title='bbox 957 1606 1049 1665; x_wconf 75' lang='lat' dir='ltr'><em>bec</em></span> <span class='ocrx_word' id='word_1_176' title='bbox 1085 1593 1344 1668; x_wconf 80' lang='lat' dir='ltr'><em>responsio</em></span> <span class='ocrx_word' id='word_1_177' title='bbox 1380 1610 1467 1654; x_wconf 86' lang='lat' dir='ltr'><em>est.</em></span> <span class='ocrx_word' id='word_1_178' title='bbox 1545 1604 1630 1654; x_wconf 88' lang='lat' dir='ltr'><em>Sic</em></span> <span class='ocrx_word' id='word_1_179' title='bbox 1666 1607 1798 1654; x_wconf 91' lang='lat' dir='ltr'><em>enim</em></span> <span class='ocrx_word' id='word_1_180' title='bbox 1836 1609 2004 1656; x_wconf 88' lang='lat' dir='ltr'><em>omnia</em></span> <span class='ocrx_word' id='word_1_181' title='bbox 2040 1608 2183 1666; x_wconf 87' lang='lat' dir='ltr'><em>iura,</em></span> <span class='ocrx_word' id='word_1_182' title='bbox 2226 1611 2274 1655; x_wconf 88' lang='lat' dir='ltr'><em>et</em></span> 
     </span>
     <span class='ocr_line' id='line_1_17' title="bbox 100 1689 2271 1752; baseline 0 -12"><span class='ocrx_word' id='word_1_183' title='bbox 100 1691 276 1740; x_wconf 80' lang='lat' dir='ltr'><em>divina</em></span> <span class='ocrx_word' id='word_1_184' title='bbox 311 1695 362 1740; x_wconf 87' lang='lat' dir='ltr'><em>et</em></span> <span class='ocrx_word' id='word_1_185' title='bbox 393 1691 620 1741; x_wconf 76' lang='lat' dir='ltr'><em>humana</em></span> <span class='ocrx_word' id='word_1_186' title='bbox 657 1689 1113 1752; x_wconf 86' lang='lat' dir='ltr'><em>confunderentur,</em></span> <span class='ocrx_word' id='word_1_187' title='bbox 1154 1693 1228 1740; x_wconf 90' lang='lat' dir='ltr'><em>sic</em></span> <span class='ocrx_word' id='word_1_188' title='bbox 1265 1693 1407 1740; x_wconf 82' lang='lat' dir='ltr'><em>nulla</em></span> <span class='ocrx_word' id='word_1_189' title='bbox 1444 1697 1569 1739; x_wconf 88' lang='lat' dir='ltr'><em>esset</em></span> <span class='ocrx_word' id='word_1_190' title='bbox 1604 1695 1843 1740; x_wconf 90' lang='lat' dir='ltr'><em>constans</em></span> <span class='ocrx_word' id='word_1_191' title='bbox 1880 1693 2074 1751; x_wconf 79' lang='lat' dir='ltr'><em>iusticie</em></span> <span class='ocrx_word' id='word_1_192' title='bbox 2100 1693 2271 1740; x_wconf 86' lang='lat' dir='ltr'><em>volun-</em></span> 
     </span>
    </p>

    <p class='ocr_par' dir='ltr' id='par_1_8' title="bbox 98 1775 2271 1839">
     <span class='ocr_line' id='line_1_18' title="bbox 98 1775 2271 1839; baseline -0 -13"><span class='ocrx_word' id='word_1_193' title='bbox 98 1780 180 1826; x_wconf 75' lang='lat' dir='ltr'><em>tas</em></span> <span class='ocrx_word' id='word_1_194' title='bbox 213 1790 310 1839; x_wconf 80' lang='lat' dir='ltr'><em>que</em></span> <span class='ocrx_word' id='word_1_195' title='bbox 343 1778 615 1838; x_wconf 85' lang='lat' dir='ltr'><em>unicuique</em></span> <span class='ocrx_word' id='word_1_196' title='bbox 649 1777 890 1825; x_wconf 90' lang='lat' dir='ltr'><em>redderet</em></span> <span class='ocrx_word' id='word_1_197' title='bbox 926 1777 1064 1837; x_wconf 89' lang='lat' dir='ltr'><em>quod</em></span> <span class='ocrx_word' id='word_1_198' title='bbox 1099 1790 1242 1826; x_wconf 89' lang='lat' dir='ltr'><em>suum</em></span> <span class='ocrx_word' id='word_1_199' title='bbox 1280 1781 1367 1836; x_wconf 87' lang='lat' dir='ltr'><em>est,</em></span> <span class='ocrx_word' id='word_1_200' title='bbox 1410 1775 1496 1824; x_wconf 91' lang='lat' dir='ltr'><em>Sic</em></span> <span class='ocrx_word' id='word_1_201' title='bbox 1534 1789 1704 1824; x_wconf 91' lang='lat' dir='ltr'><em>omnes</em></span> <span class='ocrx_word' id='word_1_202' title='bbox 1739 1779 1954 1839; x_wconf 77' lang='lat' dir='ltr'><em>tyranni</em></span> <span class='ocrx_word' id='word_1_203' title='bbox 1986 1782 2034 1825; x_wconf 95' lang='lat' dir='ltr'><em>et</em></span> <span class='ocrx_word' id='word_1_204' title='bbox 2070 1778 2149 1825; x_wconf 89' lang='lat' dir='ltr'><em>rei</em></span> <span class='ocrx_word' id='word_1_205' title='bbox 2174 1790 2271 1838; x_wconf 88' lang='lat' dir='ltr'><em>pu-</em></span> 
     </span>
    </p>

    <p class='ocr_par' dir='ltr' id='par_1_9' title="bbox 40 1861 2273 1925">
     <span class='ocr_line' id='line_1_19' title="bbox 40 1861 2273 1925; baseline 0 -16"><span class='ocrx_word' id='word_1_206' title='bbox 40 1897 45 1902; x_wconf 82' lang='lat'><em>.</em></span> <span class='ocrx_word' id='word_1_207' title='bbox 97 1861 227 1921; x_wconf 74' lang='lat' dir='ltr'><em>blice</em></span> <span class='ocrx_word' id='word_1_208' title='bbox 263 1874 588 1925; x_wconf 81' lang='lat' dir='ltr'><em>oppressores</em></span> <span class='ocrx_word' id='word_1_209' title='bbox 622 1862 722 1910; x_wconf 89' lang='lat' dir='ltr'><em>sibi</em></span> <span class='ocrx_word' id='word_1_210' title='bbox 754 1863 877 1923; x_wconf 88' lang='lat' dir='ltr'><em>ipsis</em></span> <span class='ocrx_word' id='word_1_211' title='bbox 914 1863 1088 1922; x_wconf 87' lang='lat' dir='ltr'><em>inique</em></span> <span class='ocrx_word' id='word_1_212' title='bbox 1125 1864 1292 1910; x_wconf 91' lang='lat' dir='ltr'><em>omnia</em></span> <span class='ocrx_word' id='word_1_213' title='bbox 1331 1862 1688 1910; x_wconf 89' lang='lat' dir='ltr'><em>adiudicantes</em></span> <span class='ocrx_word' id='word_1_214' title='bbox 1724 1862 2041 1910; x_wconf 87' lang='lat' dir='ltr'><em>minimorum</em></span> <span class='ocrx_word' id='word_1_215' title='bbox 2077 1876 2273 1923; x_wconf 89' lang='lat' dir='ltr'><em>semper</em></span> 
     </span>
    </p>

    <p class='ocr_par' dir='ltr' id='par_1_10' title="bbox 39 1945 2272 2008">
     <span class='ocr_line' id='line_1_20' title="bbox 39 1945 2272 2008; baseline 0 -12"><span class='ocrx_word' id='word_1_216' title='bbox 39 1968 43 1983; x_wconf 56' lang='grc' dir='ltr'><strong><em>ι</em></strong></span> <span class='ocrx_word' id='word_1_217' title='bbox 97 1947 393 2008; x_wconf 70' lang='lat' dir='ltr'><em>sanquinem</em></span> <span class='ocrx_word' id='word_1_218' title='bbox 438 1960 664 2007; x_wconf 72' lang='lat' dir='ltr'><em>exuqere</em></span> <span class='ocrx_word' id='word_1_219' title='bbox 709 1951 890 1995; x_wconf 90' lang='lat' dir='ltr'><em>contra</em></span> <span class='ocrx_word' id='word_1_220' title='bbox 927 1951 1165 1995; x_wconf 90' lang='lat' dir='ltr'><em>naturam</em></span> <span class='ocrx_word' id='word_1_221' title='bbox 1199 1950 1418 2008; x_wconf 86' lang='lat' dir='ltr'><em>possent.</em></span> <span class='ocrx_word' id='word_1_222' title='bbox 1495 1945 1731 1994; x_wconf 88' lang='lat' dir='ltr'><em>Secundo</em></span> <span class='ocrx_word' id='word_1_223' title='bbox 1767 1948 1901 1995; x_wconf 88' lang='lat' dir='ltr'><em>male</em></span> <span class='ocrx_word' id='word_1_224' title='bbox 1935 1945 2164 2005; x_wconf 85' lang='lat' dir='ltr'><em>infertur</em></span> <span class='ocrx_word' id='word_1_225' title='bbox 2198 1949 2272 1996; x_wconf 90' lang='lat' dir='ltr'><em>sic</em></span> 
     </span>
    </p>

    <p class='ocr_par' dir='ltr' id='par_1_11' title="bbox 0 2015 2352 2178">
     <span class='ocr_line' id='line_1_21' title="bbox 0 2015 2269 2110; baseline 0 -30"><span class='ocrx_word' id='word_1_226' title='bbox 0 2095 14 2101; x_wconf 64' lang='lat'><em>‚-</em></span> <span class='ocrx_word' id='word_1_227' title='bbox 38 2015 412 2110; x_wconf 27' lang='lat' dir='ltr'><em>&amp;disputando</em></span> <span class='ocrx_word' id='word_1_228' title='bbox 441 2031 680 2080; x_wconf 87' lang='lat' dir='ltr'><em>‘Ioannes</em></span> <span class='ocrx_word' id='word_1_229' title='bbox 705 2031 954 2080; x_wconf 80' lang='lat' dir='ltr'><em>Reuclzlin</em></span> <span class='ocrx_word' id='word_1_230' title='bbox 980 2036 1053 2080; x_wconf 89' lang='lat' dir='ltr'><em>est</em></span> <span class='ocrx_word' id='word_1_231' title='bbox 1076 2033 1156 2080; x_wconf 90' lang='lat' dir='ltr'><em>vir</em></span> <span class='ocrx_word' id='word_1_232' title='bbox 1182 2036 1381 2093; x_wconf 86' lang='lat' dir='ltr'><em>potens,</em></span> <span class='ocrx_word' id='word_1_233' title='bbox 1423 2044 1546 2091; x_wconf 74' lang='lat' dir='ltr'><em>erqo</em></span> <span class='ocrx_word' id='word_1_234' title='bbox 1575 2035 1746 2092; x_wconf 87' lang='lat' dir='ltr'><em>potest</em></span> <span class='ocrx_word' id='word_1_235' title='bbox 1782 2032 1832 2078; x_wconf 89' lang='lat' dir='ltr'><em>in</em></span> <span class='ocrx_word' id='word_1_236' title='bbox 1870 2032 2055 2080; x_wconf 86' lang='lat' dir='ltr'><em>laicum</em></span> <span class='ocrx_word' id='word_1_237' title='bbox 2093 2036 2141 2079; x_wconf 89' lang='lat' dir='ltr'><em>et</em></span> <span class='ocrx_word' id='word_1_238' title='bbox 2166 2033 2218 2080; x_wconf 91' lang='lat' dir='ltr'><em>in</em></span> <span class='ocrx_word' id='word_1_239' title='bbox 2247 2028 2269 2096; x_wconf 78' lang='grc' dir='ltr'><em>ΙΙ</em></span> 
     </span>
     <span class='ocr_line' id='line_1_22' title="bbox 40 2113 2352 2178; baseline -0.001 -12"><span class='ocrx_word' id='word_1_240' title='bbox 40 2114 44 2154; x_wconf 68' lang='grc' dir='ltr'><strong>ἱ</strong></span> <span class='ocrx_word' id='word_1_241' title='bbox 97 2117 284 2177; x_wconf 73' lang='lat' dir='ltr'><em>exique</em></span> <span class='ocrx_word' id='word_1_242' title='bbox 329 2116 635 2166; x_wconf 86' lang='lat' dir='ltr'><em>conditionis</em></span> <span class='ocrx_word' id='word_1_243' title='bbox 679 2117 925 2165; x_wconf 81' lang='lat' dir='ltr'><em>hominem</em></span> <span class='ocrx_word' id='word_1_244' title='bbox 966 2130 1066 2178; x_wconf 87' lang='lat' dir='ltr'><em>pro</em></span> <span class='ocrx_word' id='word_1_245' title='bbox 1101 2130 1196 2165; x_wconf 91' lang='lat' dir='ltr'><em>sua</em></span> <span class='ocrx_word' id='word_1_246' title='bbox 1246 2117 1549 2165; x_wconf 90' lang='lat' dir='ltr'><em>crudelitate</em></span> <span class='ocrx_word' id='word_1_247' title='bbox 1586 2113 1931 2165; x_wconf 73' lang='lat' dir='ltr'><em>debacchari.</em></span> <span class='ocrx_word' id='word_1_248' title='bbox 2009 2115 2123 2164; x_wconf 88' lang='lat' dir='ltr'><em>Non</em></span> <span class='ocrx_word' id='word_1_249' title='bbox 2166 2130 2260 2178; x_wconf 86' lang='lat' dir='ltr'><em>pu·</em></span> <span class='ocrx_word' id='word_1_250' title='bbox 2286 2124 2352 2171; x_wconf 62' lang='grc' dir='ltr'><em>ωδ</em></span> 
     </span>
    </p>

    <p class='ocr_par' dir='ltr' id='par_1_12' title="bbox 94 2202 2269 2432">
     <span class='ocr_line' id='line_1_23' title="bbox 94 2202 2269 2263; baseline -0.001 -12"><span class='ocrx_word' id='word_1_251' title='bbox 94 2206 291 2263; x_wconf 72' lang='lat' dir='ltr'><em>quatur</em></span> <span class='ocrx_word' id='word_1_252' title='bbox 325 2202 410 2251; x_wconf 72' lang='lat' dir='ltr'><em>laic</em></span> <span class='ocrx_word' id='word_1_253' title='bbox 441 2202 647 2262; x_wconf 70' lang='lat' dir='ltr'><em>yladio,</em></span> <span class='ocrx_word' id='word_1_254' title='bbox 690 2215 791 2250; x_wconf 87' lang='lat' dir='ltr'><em>non</em></span> <span class='ocrx_word' id='word_1_255' title='bbox 830 2203 1042 2261; x_wconf 88' lang='lat' dir='ltr'><em>viribus,</em></span> <span class='ocrx_word' id='word_1_256' title='bbox 1086 2215 1186 2251; x_wconf 92' lang='lat' dir='ltr'><em>non</em></span> <span class='ocrx_word' id='word_1_257' title='bbox 1223 2202 1399 2261; x_wconf 81' lang='lat' dir='ltr'><em>hasta,</em></span> <span class='ocrx_word' id='word_1_258' title='bbox 1442 2215 1541 2250; x_wconf 91' lang='lat' dir='ltr'><em>non</em></span> <span class='ocrx_word' id='word_1_259' title='bbox 1572 2202 1912 2262; x_wconf 80' lang='lat' dir='ltr'><em>proqreditur</em></span> <span class='ocrx_word' id='word_1_260' title='bbox 1948 2202 2000 2249; x_wconf 89' lang='lat' dir='ltr'><em>in</em></span> <span class='ocrx_word' id='word_1_261' title='bbox 2037 2215 2269 2263; x_wconf 87' lang='lat' dir='ltr'><em>campum</em></span> 
     </span>
     <span class='ocr_line' id='line_1_24' title="bbox 99 2286 2268 2349; baseline -0 -13"><span class='ocrx_word' id='word_1_262' title='bbox 99 2286 265 2349; x_wconf 80' lang='lat' dir='ltr'><em>(quod</em></span> <span class='ocrx_word' id='word_1_263' title='bbox 306 2286 540 2349; x_wconf 78' lang='lat' dir='ltr'><em>superbie</em></span> <span class='ocrx_word' id='word_1_264' title='bbox 585 2288 776 2336; x_wconf 82' lang='lat' dir='ltr'><em>crimen</em></span> <span class='ocrx_word' id='word_1_265' title='bbox 822 2291 918 2347; x_wconf 88' lang='lat' dir='ltr'><em>est)</em></span> <span class='ocrx_word' id='word_1_266' title='bbox 967 2300 1079 2336; x_wconf 90' lang='lat' dir='ltr'><em>cum</em></span> <span class='ocrx_word' id='word_1_267' title='bbox 1124 2301 1246 2349; x_wconf 73' lang='lat' dir='ltr'><em>reqe</em></span> <span class='ocrx_word' id='word_1_268' title='bbox 1291 2288 1454 2346; x_wconf 89' lang='lat' dir='ltr'><em>miles,</em></span> <span class='ocrx_word' id='word_1_269' title='bbox 1505 2287 1595 2334; x_wconf 90' lang='lat' dir='ltr'><em>sed</em></span> <span class='ocrx_word' id='word_1_270' title='bbox 1643 2287 1707 2334; x_wconf 94' lang='lat' dir='ltr'><em>de</em></span> <span class='ocrx_word' id='word_1_271' title='bbox 1754 2287 2024 2347; x_wconf 77' lang='lat' dir='ltr'><em>reliqione,</em></span> <span class='ocrx_word' id='word_1_272' title='bbox 2085 2287 2148 2334; x_wconf 90' lang='lat' dir='ltr'><em>de</em></span> <span class='ocrx_word' id='word_1_273' title='bbox 2197 2287 2268 2335; x_wconf 87' lang='lat' dir='ltr'><em>iu-</em></span> 
     </span>
     <span class='ocr_line' id='line_1_25' title="bbox 96 2370 2266 2432; baseline -0 -11"><span class='ocrx_word' id='word_1_274' title='bbox 96 2372 270 2432; x_wconf 85' lang='lat' dir='ltr'><em>sticia,</em></span> <span class='ocrx_word' id='word_1_275' title='bbox 312 2371 377 2420; x_wconf 85' lang='lat' dir='ltr'><em>de</em></span> <span class='ocrx_word' id='word_1_276' title='bbox 411 2373 626 2421; x_wconf 90' lang='lat' dir='ltr'><em>veritate</em></span> <span class='ocrx_word' id='word_1_277' title='bbox 660 2385 836 2421; x_wconf 91' lang='lat' dir='ltr'><em>coram</em></span> <span class='ocrx_word' id='word_1_278' title='bbox 875 2373 969 2421; x_wconf 92' lang='lat' dir='ltr'><em>deo</em></span> <span class='ocrx_word' id='word_1_279' title='bbox 1006 2376 1054 2420; x_wconf 91' lang='lat' dir='ltr'><em>et</em></span> <span class='ocrx_word' id='word_1_280' title='bbox 1092 2373 1233 2420; x_wconf 88' lang='lat' dir='ltr'><em>iustis</em></span> <span class='ocrx_word' id='word_1_281' title='bbox 1269 2372 1549 2420; x_wconf 79' lang='lat' dir='ltr'><em>bominibus</em></span> <span class='ocrx_word' id='word_1_282' title='bbox 1584 2371 1919 2420; x_wconf 85' lang='lat' dir='ltr'><em>contenditur.</em></span> <span class='ocrx_word' id='word_1_283' title='bbox 1998 2370 2039 2418; x_wconf 99' lang='grc' dir='ltr'><em>(Ι</em></span> <span class='ocrx_word' id='word_1_284' title='bbox 2082 2371 2266 2420; x_wconf 75' lang='lat' dir='ltr'><em>Tertio,</em></span> 
     </span>
    </p>

    <p class='ocr_par' dir='ltr' id='par_1_13' title="bbox 40 2455 2273 2603">
     <span class='ocr_line' id='line_1_26' title="bbox 40 2455 2273 2518; baseline -0.001 -11"><span class='ocrx_word' id='word_1_285' title='bbox 40 2455 163 2515; x_wconf 55' lang='lat' dir='ltr'><em>”Si</em></span> <span class='ocrx_word' id='word_1_286' title='bbox 180 2456 406 2507; x_wconf 84' lang='lat' dir='ltr'><em>Ioannes</em></span> <span class='ocrx_word' id='word_1_287' title='bbox 429 2456 681 2506; x_wconf 81' lang='lat' dir='ltr'><em>Reuclzlin</em></span> <span class='ocrx_word' id='word_1_288' title='bbox 719 2458 854 2506; x_wconf 82' lang='lat' dir='ltr'><em>ultro</em></span> <span class='ocrx_word' id='word_1_289' title='bbox 891 2462 939 2505; x_wconf 93' lang='lat' dir='ltr'><em>et</em></span> <span class='ocrx_word' id='word_1_290' title='bbox 974 2470 1068 2506; x_wconf 87' lang='lat' dir='ltr'><em>sua</em></span> <span class='ocrx_word' id='word_1_291' title='bbox 1103 2461 1283 2518; x_wconf 90' lang='lat' dir='ltr'><em>sponte</em></span> <span class='ocrx_word' id='word_1_292' title='bbox 1307 2471 1412 2505; x_wconf 91' lang='lat' dir='ltr'><em>rem</em></span> <span class='ocrx_word' id='word_1_293' title='bbox 1439 2458 1600 2518; x_wconf 89' lang='lat' dir='ltr'><em>ipsam</em></span> <span class='ocrx_word' id='word_1_294' title='bbox 1625 2469 1815 2504; x_wconf 90' lang='lat' dir='ltr'><em>mecum</em></span> <span class='ocrx_word' id='word_1_295' title='bbox 1842 2457 2045 2518; x_wconf 88' lang='lat' dir='ltr'><em>incepit,</em></span> <span class='ocrx_word' id='word_1_296' title='bbox 2087 2458 2273 2517; x_wconf 73' lang='lat' dir='ltr'><em>diqnus</em></span> 
     </span>
     <span class='ocr_line' id='line_1_27' title="bbox 98 2540 2268 2603; baseline -0.001 -12"><span class='ocrx_word' id='word_1_297' title='bbox 98 2543 252 2592; x_wconf 82' lang='lat' dir='ltr'><em>etiam</em></span> <span class='ocrx_word' id='word_1_298' title='bbox 285 2542 554 2603; x_wconf 89' lang='lat' dir='ltr'><em>censebor,</em></span> <span class='ocrx_word' id='word_1_299' title='bbox 605 2556 718 2591; x_wconf 90' lang='lat' dir='ltr'><em>cum</em></span> <span class='ocrx_word' id='word_1_300' title='bbox 770 2556 868 2603; x_wconf 86' lang='lat' dir='ltr'><em>quo</em></span> <span class='ocrx_word' id='word_1_301' title='bbox 916 2543 1129 2591; x_wconf 90' lang='lat' dir='ltr'><em>eandem</em></span> <span class='ocrx_word' id='word_1_302' title='bbox 1168 2541 1343 2601; x_wconf 76' lang='lat' dir='ltr'><em>officio</em></span> <span class='ocrx_word' id='word_1_303' title='bbox 1381 2544 1611 2590; x_wconf 89' lang='lat' dir='ltr'><em>terminet</em></span> <span class='ocrx_word' id='word_1_304' title='bbox 1647 2542 1899 2602; x_wconf 80' lang='lat' dir='ltr'><em>equitatis.</em></span> <span class='ocrx_word' id='word_1_305' title='bbox 1978 2540 2020 2587; x_wconf 95' lang='grc' dir='ltr'><em>(Ι</em></span> <span class='ocrx_word' id='word_1_306' title='bbox 2061 2541 2268 2599; x_wconf 75' lang='lat' dir='ltr'><em>Quarto.</em></span> 
     </span>
    </p>

    <p class='ocr_par' dir='ltr' id='par_1_14' title="bbox 43 2623 2275 2861">
     <span class='ocr_line' id='line_1_28' title="bbox 43 2623 2273 2689; baseline -0 -13"><span class='ocrx_word' id='word_1_307' title='bbox 43 2623 59 2659; x_wconf 64' lang='lat' dir='ltr'>t</span> <span class='ocrx_word' id='word_1_308' title='bbox 99 2625 161 2677; x_wconf 88' lang='lat' dir='ltr'><em>Si</em></span> <span class='ocrx_word' id='word_1_309' title='bbox 190 2626 413 2679; x_wconf 84' lang='lat' dir='ltr'><em>Ioannes</em></span> <span class='ocrx_word' id='word_1_310' title='bbox 447 2627 698 2676; x_wconf 81' lang='lat' dir='ltr'><em>Reuchlin</em></span> <span class='ocrx_word' id='word_1_311' title='bbox 734 2641 813 2676; x_wconf 90' lang='lat' dir='ltr'><em>me</em></span> <span class='ocrx_word' id='word_1_312' title='bbox 849 2627 1055 2689; x_wconf 77' lang='lat' dir='ltr'><em>diqnum</em></span> <span class='ocrx_word' id='word_1_313' title='bbox 1093 2641 1198 2676; x_wconf 89' lang='lat' dir='ltr'><em>esse</em></span> <span class='ocrx_word' id='word_1_314' title='bbox 1234 2627 1535 2689; x_wconf 89' lang='lat' dir='ltr'><em>iampridem</em></span> <span class='ocrx_word' id='word_1_315' title='bbox 1583 2627 1721 2675; x_wconf 91' lang='lat' dir='ltr'><em>domi</em></span> <span class='ocrx_word' id='word_1_316' title='bbox 1763 2640 1847 2685; x_wconf 79' lang='lat' dir='ltr'><em>sue</em></span> <span class='ocrx_word' id='word_1_317' title='bbox 1895 2627 2164 2686; x_wconf 89' lang='lat' dir='ltr'><em>iudicavit,</em></span> <span class='ocrx_word' id='word_1_318' title='bbox 2218 2632 2273 2675; x_wconf 88' lang='lat' dir='ltr'><em>ut</em></span> 
     </span>
     <span class='ocr_line' id='line_1_29' title="bbox 99 2711 2270 2776; baseline -0.001 -14"><span class='ocrx_word' id='word_1_319' title='bbox 99 2714 247 2764; x_wconf 71' lang='lat' dir='ltr'><em>iuxta</em></span> <span class='ocrx_word' id='word_1_320' title='bbox 283 2713 444 2775; x_wconf 85' lang='lat' dir='ltr'><em>ipsius</em></span> <span class='ocrx_word' id='word_1_321' title='bbox 478 2713 896 2776; x_wconf 76' lang='lat' dir='ltr'><em>chyroqraphum</em></span> <span class='ocrx_word' id='word_1_322' title='bbox 935 2726 998 2762; x_wconf 87' lang='lat' dir='ltr'><em>ac</em></span> <span class='ocrx_word' id='word_1_323' title='bbox 1026 2715 1318 2775; x_wconf 88' lang='lat' dir='ltr'><em>petitionem</em></span> <span class='ocrx_word' id='word_1_324' title='bbox 1357 2726 1486 2761; x_wconf 91' lang='lat' dir='ltr'><em>novo</em></span> <span class='ocrx_word' id='word_1_325' title='bbox 1524 2713 1687 2774; x_wconf 77' lang='lat' dir='ltr'><em>ipsum</em></span> <span class='ocrx_word' id='word_1_326' title='bbox 1733 2711 2142 2761; x_wconf 80' lang='lat' dir='ltr'><em>christianissimi</em></span> <span class='ocrx_word' id='word_1_327' title='bbox 2184 2713 2270 2760; x_wconf 91' lang='lat' dir='ltr'><em>im-</em></span> 
     </span>
     <span class='ocr_line' id='line_1_30' title="bbox 97 2798 2275 2861; baseline -0.001 -13"><span class='ocrx_word' id='word_1_328' title='bbox 97 2800 354 2861; x_wconf 82' lang='lat' dir='ltr'><em>peratoris</em></span> <span class='ocrx_word' id='word_1_329' title='bbox 397 2799 643 2848; x_wconf 89' lang='lat' dir='ltr'><em>mandato</em></span> <span class='ocrx_word' id='word_1_330' title='bbox 687 2812 792 2847; x_wconf 88' lang='lat' dir='ltr'><em>una</em></span> <span class='ocrx_word' id='word_1_331' title='bbox 838 2813 952 2849; x_wconf 92' lang='lat' dir='ltr'><em>cum</em></span> <span class='ocrx_word' id='word_1_332' title='bbox 999 2800 1178 2848; x_wconf 90' lang='lat' dir='ltr'><em>ceteris</em></span> <span class='ocrx_word' id='word_1_333' title='bbox 1230 2798 1641 2848; x_wconf 84' lang='lat' dir='ltr'><em>universitatibus</em></span> <span class='ocrx_word' id='word_1_334' title='bbox 1697 2811 1851 2859; x_wconf 90' lang='lat' dir='ltr'><em>super</em></span> <span class='ocrx_word' id='word_1_335' title='bbox 1905 2798 2275 2846; x_wconf 85' lang='lat' dir='ltr'><em>consultatione</em></span> 
     </span>
    </p>

    <p class='ocr_par' dir='ltr' id='par_1_15' title="bbox 44 2878 2272 3031">
     <span class='ocr_line' id='line_1_31' title="bbox 44 2878 2272 2946; baseline -0.002 -11"><span class='ocrx_word' id='word_1_336' title='bbox 44 2884 322 2946; x_wconf 51' lang='lat' dir='ltr'><em>§quadam</em></span> <span class='ocrx_word' id='word_1_337' title='bbox 357 2888 541 2934; x_wconf 89' lang='lat' dir='ltr'><em>contra</em></span> <span class='ocrx_word' id='word_1_338' title='bbox 578 2885 847 2933; x_wconf 85' lang='lat' dir='ltr'><em>nonnullos</em></span> <span class='ocrx_word' id='word_1_339' title='bbox 873 2878 1149 2943; x_wconf 69' lang='lat' dir='ltr'><em>lude-orum</em></span> <span class='ocrx_word' id='word_1_340' title='bbox 1186 2884 1341 2933; x_wconf 87' lang='lat' dir='ltr'><em>libros</em></span> <span class='ocrx_word' id='word_1_341' title='bbox 1377 2884 1614 2932; x_wconf 74' lang='lat' dir='ltr'><em>habenda</em></span> <span class='ocrx_word' id='word_1_342' title='bbox 1643 2896 1743 2943; x_wconf 89' lang='lat' dir='ltr'><em>per</em></span> <span class='ocrx_word' id='word_1_343' title='bbox 1779 2896 1940 2931; x_wconf 92' lang='lat' dir='ltr'><em>meam</em></span> <span class='ocrx_word' id='word_1_344' title='bbox 1964 2883 2272 2930; x_wconf 86' lang='lat' dir='ltr'><em>sollicitatio·</em></span> 
     </span>
     <span class='ocr_line' id='line_1_32' title="bbox 99 2967 2271 3031; baseline -0.002 -12"><span class='ocrx_word' id='word_1_345' title='bbox 99 2982 210 3019; x_wconf 85' lang='lat' dir='ltr'><em>nem</em></span> <span class='ocrx_word' id='word_1_346' title='bbox 246 2969 459 3020; x_wconf 84' lang='lat' dir='ltr'><em>inscribi</em></span> <span class='ocrx_word' id='word_1_347' title='bbox 485 2968 746 3029; x_wconf 86' lang='lat' dir='ltr'><em>facerem,</em></span> <span class='ocrx_word' id='word_1_348' title='bbox 799 2983 960 3031; x_wconf 85' lang='lat' dir='ltr'><em>quare</em></span> <span class='ocrx_word' id='word_1_349' title='bbox 998 2970 1201 3018; x_wconf 87' lang='lat' dir='ltr'><em>obsecro</em></span> <span class='ocrx_word' id='word_1_350' title='bbox 1239 2984 1375 3018; x_wconf 89' lang='lat' dir='ltr'><em>nunc</em></span> <span class='ocrx_word' id='word_1_351' title='bbox 1413 2969 1675 3029; x_wconf 77' lang='lat' dir='ltr'><em>indiqnum</em></span> <span class='ocrx_word' id='word_1_352' title='bbox 1713 2981 1790 3016; x_wconf 92' lang='lat' dir='ltr'><em>me</em></span> <span class='ocrx_word' id='word_1_353' title='bbox 1837 2967 2106 3025; x_wconf 85' lang='lat' dir='ltr'><em>iudicabit,</em></span> <span class='ocrx_word' id='word_1_354' title='bbox 2158 2980 2271 3016; x_wconf 84' lang='lat' dir='ltr'><em>cum</em></span> 
     </span>
    </p>

    <p class='ocr_par' dir='ltr' id='par_1_16' title="bbox 48 3050 2270 3199">
     <span class='ocr_line' id='line_1_33' title="bbox 48 3050 2268 3117; baseline -0.002 -13"><span class='ocrx_word' id='word_1_355' title='bbox 48 3107 50 3109; x_wconf 72' lang='grc'><strong>,</strong></span> <span class='ocrx_word' id='word_1_356' title='bbox 99 3067 198 3117; x_wconf 84' lang='lat' dir='ltr'><em>quo</em></span> <span class='ocrx_word' id='word_1_357' title='bbox 220 3055 347 3104; x_wconf 88' lang='lat' dir='ltr'><em>iuris</em></span> <span class='ocrx_word' id='word_1_358' title='bbox 383 3054 682 3104; x_wconf 89' lang='lat' dir='ltr'><em>decisionem</em></span> <span class='ocrx_word' id='word_1_359' title='bbox 720 3056 983 3117; x_wconf 69' lang='lat' dir='ltr'><em>expectet?</em></span> <span class='ocrx_word' id='word_1_360' title='bbox 1032 3055 1197 3103; x_wconf 87' lang='lat' dir='ltr'><em>Verba</em></span> <span class='ocrx_word' id='word_1_361' title='bbox 1234 3060 1352 3103; x_wconf 89' lang='lat' dir='ltr'><em>sunt</em></span> <span class='ocrx_word' id='word_1_362' title='bbox 1388 3068 1479 3103; x_wconf 89' lang='lat' dir='ltr'><em>nec</em></span> <span class='ocrx_word' id='word_1_363' title='bbox 1517 3054 1696 3102; x_wconf 90' lang='lat' dir='ltr'><em>auditu</em></span> <span class='ocrx_word' id='word_1_364' title='bbox 1734 3053 1911 3113; x_wconf 73' lang='lat' dir='ltr'><em>diqna.</em></span> <span class='ocrx_word' id='word_1_365' title='bbox 1988 3051 2029 3098; x_wconf 96' lang='grc' dir='ltr'><em>(Ι</em></span> <span class='ocrx_word' id='word_1_366' title='bbox 2070 3050 2268 3109; x_wconf 74' lang='lat' dir='ltr'><em>Quinto.</em></span> 
     </span>
     <span class='ocr_line' id='line_1_34' title="bbox 101 3138 2270 3199; baseline -0.002 -10"><span class='ocrx_word' id='word_1_367' title='bbox 101 3138 160 3189; x_wconf 80' lang='lat' dir='ltr'><em>Si</em></span> <span class='ocrx_word' id='word_1_368' title='bbox 190 3139 415 3190; x_wconf 87' lang='lat' dir='ltr'><em>Ioannes</em></span> <span class='ocrx_word' id='word_1_369' title='bbox 451 3140 699 3189; x_wconf 78' lang='lat' dir='ltr'><em>Reuchlin</em></span> <span class='ocrx_word' id='word_1_370' title='bbox 746 3153 824 3188; x_wconf 90' lang='lat' dir='ltr'><em>me</em></span> <span class='ocrx_word' id='word_1_371' title='bbox 871 3141 1022 3189; x_wconf 77' lang='lat' dir='ltr'><em>nihili</em></span> <span class='ocrx_word' id='word_1_372' title='bbox 1063 3141 1212 3189; x_wconf 88' lang='lat' dir='ltr'><em>modo</em></span> <span class='ocrx_word' id='word_1_373' title='bbox 1254 3138 1441 3199; x_wconf 85' lang='lat' dir='ltr'><em>facere</em></span> <span class='ocrx_word' id='word_1_374' title='bbox 1487 3139 1642 3187; x_wconf 88' lang='lat' dir='ltr'><em>voluit</em></span> <span class='ocrx_word' id='word_1_375' title='bbox 1687 3143 1735 3185; x_wconf 92' lang='lat' dir='ltr'><em>et</em></span> <span class='ocrx_word' id='word_1_376' title='bbox 1763 3138 1969 3198; x_wconf 89' lang='lat' dir='ltr'><em>penitus</em></span> <span class='ocrx_word' id='word_1_377' title='bbox 2008 3138 2270 3196; x_wconf 73' lang='lat' dir='ltr'><em>indiqnum</em></span> 
     </span>
    </p>

    <p class='ocr_par' dir='ltr' id='par_1_17' title="bbox 50 3222 2270 3292">
     <span class='ocr_line' id='line_1_35' title="bbox 50 3222 2270 3292; baseline -0.003 -17"><span class='ocrx_word' id='word_1_378' title='bbox 50 3259 54 3268; x_wconf 46' lang='grc' dir='ltr'>ι</span> <span class='ocrx_word' id='word_1_379' title='bbox 83 3237 318 3292; x_wconf 60' lang='lat' dir='ltr'><em>pensem,</em></span> <span class='ocrx_word' id='word_1_380' title='bbox 358 3227 414 3274; x_wconf 88' lang='lat' dir='ltr'><em>in</em></span> <span class='ocrx_word' id='word_1_381' title='bbox 450 3238 594 3286; x_wconf 90' lang='lat' dir='ltr'><em>quem</em></span> <span class='ocrx_word' id='word_1_382' title='bbox 625 3238 727 3286; x_wconf 87' lang='lat' dir='ltr'><em>pro</em></span> <span class='ocrx_word' id='word_1_383' title='bbox 765 3226 1016 3274; x_wconf 88' lang='lat' dir='ltr'><em>tribunali</em></span> <span class='ocrx_word' id='word_1_384' title='bbox 1050 3227 1318 3286; x_wconf 90' lang='lat' dir='ltr'><em>quicquam</em></span> <span class='ocrx_word' id='word_1_385' title='bbox 1356 3229 1496 3284; x_wconf 78' lang='lat' dir='ltr'><em>aqat,</em></span> <span class='ocrx_word' id='word_1_386' title='bbox 1540 3223 1786 3271; x_wconf 82' lang='lat' dir='ltr'><em>debuisset</em></span> <span class='ocrx_word' id='word_1_387' title='bbox 1822 3227 1872 3269; x_wconf 89' lang='lat' dir='ltr'><em>et</em></span> <span class='ocrx_word' id='word_1_388' title='bbox 1907 3223 2015 3283; x_wconf 85' lang='lat' dir='ltr'><em>ipse</em></span> <span class='ocrx_word' id='word_1_389' title='bbox 2044 3223 2194 3283; x_wconf 85' lang='lat' dir='ltr'><em>prius</em></span> <span class='ocrx_word' id='word_1_390' title='bbox 2219 3222 2270 3269; x_wconf 90' lang='lat' dir='ltr'><em>in</em></span> 
     </span>
    </p>

    <p class='ocr_par' dir='ltr' id='par_1_18' title="bbox 46 3307 2273 3377">
     <span class='ocr_line' id='line_1_36' title="bbox 46 3307 2273 3377; baseline -0.003 -18"><span class='ocrx_word' id='word_1_391' title='bbox 46 3313 198 3377; x_wconf 52' lang='lat' dir='ltr'><em>§sua</em></span> <span class='ocrx_word' id='word_1_392' title='bbox 231 3310 605 3360; x_wconf 82' lang='lat' dir='ltr'><em>consultatione</em></span> <span class='ocrx_word' id='word_1_393' title='bbox 641 3311 786 3372; x_wconf 89' lang='lat' dir='ltr'><em>apud</em></span> <span class='ocrx_word' id='word_1_394' title='bbox 823 3310 1092 3369; x_wconf 76' lang='lat' dir='ltr'><em>Cesaream</em></span> <span class='ocrx_word' id='word_1_395' title='bbox 1132 3310 1451 3358; x_wconf 89' lang='lat' dir='ltr'><em>Maiestatem</em></span> <span class='ocrx_word' id='word_1_396' title='bbox 1490 3308 1617 3357; x_wconf 75' lang='lat' dir='ltr'><em>nihil</em></span> <span class='ocrx_word' id='word_1_397' title='bbox 1653 3313 1831 3355; x_wconf 86' lang='lat' dir='ltr'><em>contra</em></span> <span class='ocrx_word' id='word_1_398' title='bbox 1878 3320 1955 3354; x_wconf 89' lang='lat' dir='ltr'><em>me</em></span> <span class='ocrx_word' id='word_1_399' title='bbox 1983 3307 2273 3368; x_wconf 76' lang='lat' dir='ltr'><em>proditorie</em></span> 
     </span>
    </p>

    <p class='ocr_par' dir='ltr' id='par_1_19' title="bbox 97 3394 2271 3457">
     <span class='ocr_line' id='line_1_37' title="bbox 97 3394 2271 3457; baseline -0.003 -13"><span class='ocrx_word' id='word_1_400' title='bbox 97 3394 380 3457; x_wconf 70' lang='lat' dir='ltr'><em>scripsisse,</em></span> <span class='ocrx_word' id='word_1_401' title='bbox 433 3408 525 3443; x_wconf 91' lang='lat' dir='ltr'><em>nec</em></span> <span class='ocrx_word' id='word_1_402' title='bbox 562 3396 791 3456; x_wconf 78' lang='lat' dir='ltr'><em>perfidos</em></span> <span class='ocrx_word' id='word_1_403' title='bbox 828 3395 1013 3453; x_wconf 79' lang='lat' dir='ltr'><em>Iudeos</em></span> <span class='ocrx_word' id='word_1_404' title='bbox 1059 3397 1113 3443; x_wconf 93' lang='lat' dir='ltr'><em>in</em></span> <span class='ocrx_word' id='word_1_405' title='bbox 1161 3395 1366 3452; x_wconf 76' lang='lat' dir='ltr'><em>ecclesie</em></span> <span class='ocrx_word' id='word_1_406' title='bbox 1412 3394 1710 3442; x_wconf 86' lang='lat' dir='ltr'><em>scandatum</em></span> <span class='ocrx_word' id='word_1_407' title='bbox 1748 3397 1932 3440; x_wconf 87' lang='lat' dir='ltr'><em>contra</em></span> <span class='ocrx_word' id='word_1_408' title='bbox 1970 3405 2047 3439; x_wconf 91' lang='lat' dir='ltr'><em>me</em></span> <span class='ocrx_word' id='word_1_409' title='bbox 2082 3397 2271 3439; x_wconf 81' lang='lat' dir='ltr'><em>secreto</em></span> 
     </span>
    </p>

    <p class='ocr_par' dir='ltr' id='par_1_20' title="bbox 79 3477 2272 3542">
     <span class='ocr_line' id='line_1_38' title="bbox 79 3477 2272 3542; baseline -0.003 -14"><span class='ocrx_word' id='word_1_410' title='bbox 79 3477 183 3537; x_wconf 58' lang='lat' dir='ltr'><em>&#39;lut</em></span> <span class='ocrx_word' id='word_1_411' title='bbox 215 3480 324 3542; x_wconf 92' lang='lat' dir='ltr'><em>ipse</em></span> <span class='ocrx_word' id='word_1_412' title='bbox 359 3480 460 3540; x_wconf 88' lang='lat' dir='ltr'><em>ait)</em></span> <span class='ocrx_word' id='word_1_413' title='bbox 499 3480 718 3540; x_wconf 91' lang='lat' dir='ltr'><em>turpiter</em></span> <span class='ocrx_word' id='word_1_414' title='bbox 754 3477 1058 3539; x_wconf 82' lang='lat' dir='ltr'><em>defendisse.</em></span> <span class='ocrx_word' id='word_1_415' title='bbox 1136 3478 1178 3525; x_wconf 94' lang='grc' dir='ltr'><em>(Ι</em></span> <span class='ocrx_word' id='word_1_416' title='bbox 1215 3478 1392 3526; x_wconf 67' lang='lat' dir='ltr'><em>Sexta</em></span> <span class='ocrx_word' id='word_1_417' title='bbox 1431 3479 1477 3526; x_wconf 86' lang='lat' dir='ltr'><em>si</em></span> <span class='ocrx_word' id='word_1_418' title='bbox 1511 3479 1564 3525; x_wconf 90' lang='lat' dir='ltr'><em>in</em></span> <span class='ocrx_word' id='word_1_419' title='bbox 1601 3478 1704 3525; x_wconf 89' lang='lat' dir='ltr'><em>suis</em></span> <span class='ocrx_word' id='word_1_420' title='bbox 1742 3477 2001 3525; x_wconf 82' lang='lat' dir='ltr'><em>invectivis</em></span> <span class='ocrx_word' id='word_1_421' title='bbox 2036 3482 2083 3523; x_wconf 86' lang='lat' dir='ltr'><em>et</em></span> <span class='ocrx_word' id='word_1_422' title='bbox 2107 3477 2272 3523; x_wconf 82' lang='lat' dir='ltr'><em>multis</em></span> 
     </span>
    </p>

    <p class='ocr_par' dir='ltr' id='par_1_21' title="bbox 25 3561 2272 3624">
     <span class='ocr_line' id='line_1_39' title="bbox 25 3561 2272 3624; baseline -0.003 -13"><span class='ocrx_word' id='word_1_423' title='bbox 25 3564 41 3576; x_wconf 82' lang='grc'><strong>“</strong></span> <span class='ocrx_word' id='word_1_424' title='bbox 99 3562 215 3613; x_wconf 73' lang='lat' dir='ltr'><em>aliis</em></span> <span class='ocrx_word' id='word_1_425' title='bbox 249 3565 303 3613; x_wconf 87' lang='lat' dir='ltr'><em>in</em></span> <span class='ocrx_word' id='word_1_426' title='bbox 338 3565 464 3614; x_wconf 89' lang='lat' dir='ltr'><em>locis</em></span> <span class='ocrx_word' id='word_1_427' title='bbox 500 3564 754 3624; x_wconf 75' lang='lat' dir='ltr'><em>diqnatur</em></span> <span class='ocrx_word' id='word_1_428' title='bbox 790 3569 973 3613; x_wconf 89' lang='lat' dir='ltr'><em>contra</em></span> <span class='ocrx_word' id='word_1_429' title='bbox 1010 3577 1088 3611; x_wconf 88' lang='lat' dir='ltr'><em>me</em></span> <span class='ocrx_word' id='word_1_430' title='bbox 1132 3563 1354 3612; x_wconf 89' lang='lat' dir='ltr'><em>scribere</em></span> <span class='ocrx_word' id='word_1_431' title='bbox 1400 3567 1447 3610; x_wconf 91' lang='lat' dir='ltr'><em>et</em></span> <span class='ocrx_word' id='word_1_432' title='bbox 1497 3562 1782 3610; x_wconf 79' lang='lat' dir='ltr'><em>execrabili</em></span> <span class='ocrx_word' id='word_1_433' title='bbox 1826 3562 2028 3610; x_wconf 84' lang='lat' dir='ltr'><em>calamo</em></span> <span class='ocrx_word' id='word_1_434' title='bbox 2072 3561 2272 3621; x_wconf 67' lang='lat' dir='ltr'><em>publice</em></span> 
     </span>
    </p>

    <p class='ocr_par' dir='ltr' id='par_1_22' title="bbox 100 3644 2270 3709">
     <span class='ocr_line' id='line_1_40' title="bbox 100 3644 2270 3709; baseline -0.004 -12"><span class='ocrx_word' id='word_1_435' title='bbox 100 3646 365 3709; x_wconf 75' lang='lat' dir='ltr'><em>insectari,</em></span> <span class='ocrx_word' id='word_1_436' title='bbox 416 3661 580 3709; x_wconf 89' lang='lat' dir='ltr'><em>quare</em></span> <span class='ocrx_word' id='word_1_437' title='bbox 616 3649 821 3698; x_wconf 90' lang='lat' dir='ltr'><em>obsecro</em></span> <span class='ocrx_word' id='word_1_438' title='bbox 859 3650 912 3696; x_wconf 88' lang='lat' dir='ltr'><em>id</em></span> <span class='ocrx_word' id='word_1_439' title='bbox 948 3649 1128 3709; x_wconf 77' lang='lat' dir='ltr'><em>linqua</em></span> <span class='ocrx_word' id='word_1_440' title='bbox 1166 3661 1261 3696; x_wconf 90' lang='lat' dir='ltr'><em>sua</em></span> <span class='ocrx_word' id='word_1_441' title='bbox 1298 3660 1473 3696; x_wconf 90' lang='lat' dir='ltr'><em>coram</em></span> <span class='ocrx_word' id='word_1_442' title='bbox 1512 3648 1640 3695; x_wconf 91' lang='lat' dir='ltr'><em>iusto</em></span> <span class='ocrx_word' id='word_1_443' title='bbox 1679 3647 1845 3694; x_wconf 88' lang='lat' dir='ltr'><em>iudice</em></span> <span class='ocrx_word' id='word_1_444' title='bbox 1882 3661 1979 3694; x_wconf 78' lang='lat' dir='ltr'><em>non</em></span> <span class='ocrx_word' id='word_1_445' title='bbox 2022 3644 2270 3691; x_wconf 78' lang='lat' dir='ltr'><em>absolvit?</em></span> 
     </span>
    </p>

    <p class='ocr_par' dir='ltr' id='par_1_23' title="bbox 106 3727 2270 3795">
     <span class='ocr_line' id='line_1_41' title="bbox 106 3727 2270 3795; baseline -0.006 -12"><span class='ocrx_word' id='word_1_446' title='bbox 106 3744 219 3783; x_wconf 81' lang='lat' dir='ltr'><em>cum</em></span> <span class='ocrx_word' id='word_1_447' title='bbox 261 3734 393 3783; x_wconf 84' lang='lat' dir='ltr'><em>illud</em></span> <span class='ocrx_word' id='word_1_448' title='bbox 434 3734 500 3782; x_wconf 87' lang='lat' dir='ltr'><em>sit</em></span> <span class='ocrx_word' id='word_1_449' title='bbox 546 3734 853 3795; x_wconf 88' lang='lat' dir='ltr'><em>iniquitatis,</em></span> <span class='ocrx_word' id='word_1_450' title='bbox 904 3734 1000 3783; x_wconf 80' lang='lat' dir='ltr'><em>boc</em></span> <span class='ocrx_word' id='word_1_451' title='bbox 1047 3747 1166 3782; x_wconf 93' lang='lat' dir='ltr'><em>vero</em></span> <span class='ocrx_word' id='word_1_452' title='bbox 1204 3733 1398 3791; x_wconf 79' lang='lat' dir='ltr'><em>iusticie</em></span> <span class='ocrx_word' id='word_1_453' title='bbox 1434 3733 1605 3780; x_wconf 89' lang='lat' dir='ltr'><em>solius.</em></span> <span class='ocrx_word' id='word_1_454' title='bbox 1683 3730 1724 3777; x_wconf 94' lang='grc' dir='ltr'><em>(Ι</em></span> <span class='ocrx_word' id='word_1_455' title='bbox 1763 3731 2001 3792; x_wconf 82' lang='lat' dir='ltr'><em>Septimo.</em></span> <span class='ocrx_word' id='word_1_456' title='bbox 2052 3727 2270 3775; x_wconf 83' lang='lat' dir='ltr'><em>Ioannes</em></span> 
     </span>
    </p>

    <p class='ocr_par' dir='ltr' id='par_1_24' title="bbox 129 3812 2266 3879">
     <span class='ocr_line' id='line_1_42' title="bbox 129 3812 2266 3879; baseline -0.004 -14"><span class='ocrx_word' id='word_1_457' title='bbox 129 3870 135 3878; x_wconf 64' lang='grc'><strong><em>,</em></strong></span> <span class='ocrx_word' id='word_1_458' title='bbox 240 3816 347 3866; x_wconf 77' lang='lat' dir='ltr'><em>Min</em></span> <span class='ocrx_word' id='word_1_459' title='bbox 377 3817 555 3877; x_wconf 84' lang='lat' dir='ltr'><em>fertur</em></span> <span class='ocrx_word' id='word_1_460' title='bbox 591 3831 695 3867; x_wconf 91' lang='lat' dir='ltr'><em>esse</em></span> <span class='ocrx_word' id='word_1_461' title='bbox 729 3819 897 3879; x_wconf 75' lang='lat' dir='ltr'><em>lequm</em></span> <span class='ocrx_word' id='word_1_462' title='bbox 935 3818 1128 3867; x_wconf 88' lang='lat' dir='ltr'><em>doctor.</em></span> <span class='ocrx_word' id='word_1_463' title='bbox 1171 3818 1310 3879; x_wconf 85' lang='lat' dir='ltr'><em>quod</em></span> <span class='ocrx_word' id='word_1_464' title='bbox 1343 3818 1389 3866; x_wconf 90' lang='lat' dir='ltr'><em>si</em></span> <span class='ocrx_word' id='word_1_465' title='bbox 1423 3818 1496 3865; x_wconf 89' lang='lat' dir='ltr'><em>ita</em></span> <span class='ocrx_word' id='word_1_466' title='bbox 1533 3822 1620 3875; x_wconf 87' lang='lat' dir='ltr'><em>est,</em></span> <span class='ocrx_word' id='word_1_467' title='bbox 1662 3817 1840 3863; x_wconf 91' lang='lat' dir='ltr'><em>merito</em></span> <span class='ocrx_word' id='word_1_468' title='bbox 1877 3815 2118 3872; x_wconf 67' lang='lat' dir='ltr'><em>leaentcm</em></span> <span class='ocrx_word' id='word_1_469' title='bbox 2147 3812 2266 3857; x_wconf 84' lang='lat' dir='ltr'><em>iuri-</em></span> 
     </span>
    </p>

    <p class='ocr_par' dir='ltr' id='par_1_25' title="bbox 101 3894 2268 3965">
     <span class='ocr_line' id='line_1_43' title="bbox 101 3894 2268 3965; baseline -0.005 -15"><span class='ocrx_word' id='word_1_470' title='bbox 101 3897 214 3950; x_wconf 73' lang='lat' dir='ltr'><em>dice</em></span> <span class='ocrx_word' id='word_1_471' title='bbox 247 3903 412 3962; x_wconf 74' lang='lat' dir='ltr'><em>maqis</em></span> <span class='ocrx_word' id='word_1_472' title='bbox 449 3915 600 3964; x_wconf 92' lang='lat' dir='ltr'><em>quam</em></span> <span class='ocrx_word' id='word_1_473' title='bbox 630 3916 731 3964; x_wconf 89' lang='lat' dir='ltr'><em>per</em></span> <span class='ocrx_word' id='word_1_474' title='bbox 767 3905 865 3951; x_wconf 90' lang='lat' dir='ltr'><em>vim</em></span> <span class='ocrx_word' id='word_1_475' title='bbox 905 3904 1194 3965; x_wconf 86' lang='lat' dir='ltr'><em>opprimere</em></span> <span class='ocrx_word' id='word_1_476' title='bbox 1231 3903 1456 3951; x_wconf 85' lang='lat' dir='ltr'><em>debebat.</em></span> <span class='ocrx_word' id='word_1_477' title='bbox 1522 3913 1691 3949; x_wconf 90' lang='lat' dir='ltr'><em>verum</em></span> <span class='ocrx_word' id='word_1_478' title='bbox 1730 3900 1849 3959; x_wconf 86' lang='lat' dir='ltr'><em>quia</em></span> <span class='ocrx_word' id='word_1_479' title='bbox 1895 3897 1990 3945; x_wconf 76' lang='lat' dir='ltr'><em>boc</em></span> <span class='ocrx_word' id='word_1_480' title='bbox 2036 3897 2088 3943; x_wconf 90' lang='lat' dir='ltr'><em>in</em></span> <span class='ocrx_word' id='word_1_481' title='bbox 2135 3894 2268 3941; x_wconf 79' lang='lat' dir='ltr'><em>hune</em></span> 
     </span>
    </p>
   </div>
   <div class='ocr_carea' id='block_1_3' title="bbox 46 3379 101 3903">
    <p class='ocr_par' dir='ltr' id='par_1_26' title="bbox 46 3379 101 3903">
     <span class='ocr_line' id='line_1_44' title="bbox 48 3379 95 3655; baseline 0 -81"><span class='ocrx_word' id='word_1_482' title='bbox 48 3379 95 3655; x_wconf 95' lang='lat' dir='ltr'><em>   </em></span> 
     </span>
     <span class='ocr_line' id='line_1_45' title="bbox 46 3655 99 3741; baseline 0 523"><span class='ocrx_word' id='word_1_483' title='bbox 46 3655 99 3741; x_wconf 95' lang='lat' dir='ltr'><em> </em></span> 
     </span>
     <span class='ocr_line' id='line_1_46' title="bbox 46 3741 101 3903; baseline 0 0"><span class='ocrx_word' id='word_1_484' title='bbox 46 3741 101 3903; x_wconf 95' lang='lat' dir='ltr'><em>  </em></span> 
     </span>
    </p>
   </div>
  </div>
 </body>
</html>
