2456 4264
492 326 887 357 &Auamma-nonas
909 328 1221 359 OBSCVBOBVB
1242 330 1691 363 Rssvcnmms'rARvn
1712 332 1862 364 NOVAE·

600 458 645 509 (Ι
684 459 1087 521 Querimonia
1115 459 1295 522 fidei
1327 463 1409 537 ad
1444 464 1747 515 obscuros

924 547 1421 598 Reuchlinistas.

349 659 481 708 Gens
516 660 726 709 inimica
763 662 872 722 dei,
914 676 1010 724 quc
1045 666 1094 711 te
1129 665 1338 713 vesania
1374 667 1609 727 torquet?

478 743 597 802 Quis
627 743 791 804 furor
825 760 981 809 usque
1016 748 1147 797 adeo
1182 750 1344 798 corda
1374 751 1656 812 prophana
1693 754 1869 815 rapit?

348 828 611 892 Sparqitis
647 833 700 880 in
738 832 930 882 Christi
955 831 1189 892 famulos
1225 834 1488 884 Mavortia
1525 836 1652 896 tela,

474 915 685 966 Nectitis
720 922 771 965 et
804 918 895 967 leti
926 919 1059 967 retia
1094 932 1213 979 seva
1250 921 1425 969 trucis.
1519 954 1522 957 -

349 999 483 1059 Quid
515 1002 658 1050 iuvat
693 1003 914 1052 insontes
949 1004 1024 1052 sic
1063 1003 1236 1053 Marte
1270 1005 1522 1053 lacessere
1560 1005 1691 1055 duro

473 1086 858 1147 Christiqenas?
894 1088 1020 1151 quid
1052 1088 1126 1137 sic
1163 1100 1255 1138 nos
1291 1091 1527 1150 iuqulare
1562 1093 1739 1141 iuvat?

263 1156 266 1158 v
354 1170 455 1231 Vos
488 1172 655 1221 colitis
688 1186 873 1234 spurce
908 1177 1038 1232 secte
1073 1173 1299 1222 ludibria
1341 1172 1521 1236 Turci,

476 1254 784 1306 Tartareum
821 1259 986 1307 colitis
1021 1262 1070 1308 et
1105 1259 1215 1307 sine
1248 1272 1416 1308 merce
1449 1260 1636 1311 Iovem.

345 1337 488 1390 Tura
524 1343 660 1392 datis
692 1343 925 1392 manibus
958 1342 1069 1392 Diti
1100 1356 1201 1393 non
1239 1345 1375 1393 iusta
1401 1347 1720 1408 prophanis,

370 1411 385 1420 ⁹
466 1425 632 1489 Atque
666 1432 854 1477 vorant
888 1426 1060 1492 Styqii
1092 1431 1268 1491 turpia
1302 1431 1408 1479 liba
1444 1444 1614 1482 canes.
1677 1458 1686 1464 ·

339 1511 569 1573 Ecclesie
603 1525 809 1562 sacram
845 1514 1001 1563 nolite
1035 1515 1284 1564 lacessere
1319 1517 1512 1577 sedem,

465 1598 620 1647 Hanc
659 1598 886 1648 Christus
920 1602 1121 1662 statuit,
1162 1600 1255 1660 hec
1289 1602 1399 1650 sine
1429 1604 1537 1676 sine(
1566 1609 1751 1655 manet.

342 1683 516 1734 Pellite
550 1684 875 1745 barbaricos,
916 1699 1004 1734 vos
1044 1685 1225 1747 Turci,
1268 1701 1419 1749 queso
1448 1687 1687 1751 furores,

464 1768 722 1832 Nosseque
755 1784 1046 1833 supremum
1083 1772 1260 1822 discite
1296 1786 1450 1848 queso
1488 1776 1652 1825 deum.

336 1854 476 1904 Heus
510 1860 702 1905 vestros
736 1857 932 1906 animos
967 1858 1166 1907 seducit
1190 1860 1390 1920 pseudo
1417 1861 1704 1922 propheta,

463 1939 619 1999 Quem
655 1941 1038 2003 Phleqetlzontei
1065 1945 1287 2006 ‚qurqitis
1323 1947 1464 1995 unda
1500 1953 1661 1996 vorat.

345 2026 498 2076 Vana
528 2027 658 2086 fides
692 2031 861 2076 vestra
897 2033 996 2088 est,
1019 2029 1138 2091 ‚non
1174 2035 1248 2079 est
1283 2033 1486 2080 ratione
1515 2034 1766 2094 probata,

465 2110 721 2162 Adversus
755 2126 998 2163 summum
1025 2119 1234 2176 puqnat
1268 2117 1445 2178 iniqua
1482 2118 1667 2167 Iovem.

332 2186 551 2260 Sculpta
586 2197 716 2246 nihil
748 2203 939 2248 vestros
966 2205 1183 2261 possunt
1217 2203 1530 2252 simulachra
1567 2205 1744 2253 iuvare

463 2281 699 2346 Optatus,
740 2283 869 2334 nilzil
903 2289 953 2333 et
985 2286 1139 2334 stulta
1174 2287 1472 2337 ministeria.

334 2367 379 2418 Α
413 2381 493 2419 me
525 2369 780 2419 veridicas
815 2370 951 2431 leqes
987 2371 1161 2420 audite
1187 2385 1494 2435 precamur,

255 2445 282 2451 ⁹
461 2451 647 2520 Eterni
670 2456 879 2517 pariter
914 2470 1051 2506 nunc
1086 2459 1393 2507 monimenta
1430 2460 1529 2509 dei.

332 2538 420 2590 Aa
449 2553 564 2590 mea
600 2541 740 2590 dicta
778 2554 930 2590 aures
966 2543 1258 2604 animosque
1294 2545 1537 2594 intendite
1574 2551 1790 2606 vestros,

463 2625 563 2685 Qui
594 2627 783 2689 cupitis
810 2631 1053 2690 prompto
1091 2642 1302 2678 noscere
1336 2631 1494 2679 corde
1530 2633 1692 2681 deum.

332 2709 525 2761 Contra
561 2713 653 2773 qui
683 2717 893 2761 sanctas
929 2714 1064 2774 leqes
1100 2717 1442 2777 contemnitis,
1483 2717 1604 2766 hinc
1641 2733 1751 2780 vos,

457 2795 719 2862 Effugite,
760 2802 809 2847 et
844 2811 1026 2848 sacras
1061 2801 1276 2862 linquite
1311 2815 1465 2876 queso
1503 2803 1689 2853 domos.

813 2906 1034 2980 [Τελοσ.
1074 2927 1168 2961 και
1204 2914 1321 2963 θεω
1360 2910 1511 2975 δοξα.

19 2982 68 3061 ᾧ
861 2998 1006 3049 Finis
1041 3003 1090 3048 et
1126 3000 1220 3049 deo
1253 2995 1471 3068 qratia]
1606 2997 1627 3069 ΙΙ
1686 3056 1688 3058 ,

2140 270 2261 371 393

33 3195 59 3284 ὲ
187 3215 225 3246 ¹¹
252 3219 384 3273 stigii
413 3223 454 3263 1.
545 3220 581 3248 ¹⁵
611 3223 750 3278 quqso
781 3227 822 3266 2.
921 3224 956 3252 ¹⁸
979 3225 1307 3281 phlegetontei
1337 3230 1380 3268 2.
1491 3225 1524 3254 ²¹
1559 3226 1767 3277 Quattuor
1796 3242 1943 3270 versus
1974 3228 2166 3285 sculpta

15 3342 17 3346 ι
50 3285 165 3332 '‘dd-
182 3293 302 3334 omis.
322 3294 366 3336 2.
451 3292 490 3320 2⁶
518 3294 760 3338 intendere
790 3299 833 3337 2.
