2456 4264
217 246 334 304 170
508 269 602 298 10A.
626 268 940 297 PEPEBICORNI
962 267 1193 296 DEFENSIO
1215 265 1398 295 CONTRA
1418 254 1626 293 FAKOSAS
1649 266 1692 293 Ο.
1715 266 1759 295 V.
1780 264 2303 363 EPISTOL½

211 416 364 464 usque
400 404 529 450 diem
566 411 822 460 nunquam
852 396 1006 456 fecit,
1055 411 1142 455 sue
1176 395 1494 459 professioni
1536 394 1871 455 degenerans,
1921 395 2355 466 seductorpotius

211 501 359 549 quam
396 487 572 534 doctor
606 484 701 531 erit
737 482 1086 542 appellandus.
1163 480 1205 527 (Ι
1245 479 1446 529 Octavo.
1487 492 1588 527 non
1623 491 1730 526 sum
1767 461 2197 538 reiicienaus‘e‘qo
2233 482 2355 540 quia

209 575 384 630 laicus,
425 583 517 617 nec
543 571 824 628 propterea
849 565 1252 624 contemnendus,
1294 566 1413 625 quia
1438 565 1510 612 sic
1545 564 1770 611 maxima
1797 563 2195 612 Christianorum
2226 577 2355 625 pars

210 654 483 703 reiicienda
514 651 670 710 foret.
746 651 812 697 Et
845 651 892 698 si
925 650 1109 709 aliquis
1146 649 1379 696 obiecerit
1420 649 1481 696 ‘si
1514 648 1746 695 indoctus
1781 659 1848 706 es,
1890 660 2050 708 quare
2074 652 2120 695 te
2144 649 2356 709 opponis

208 743 370 800 lequm
417 737 614 785 doctori
657 739 705 782 et
748 738 893 795 poete
905 732 944 781 ?’
993 733 1292 793 Respondeo
1339 733 1580 780 Ioannem
1618 731 1865 780 Reucblin
1903 731 2185 780 theutonice
2228 733 2350 781 scri·
2367 749 2388 781 5

203 827 360 887 psisse
396 827 442 870 et
479 821 723 869 articulos
759 823 926 876 nostre
961 818 1291 866 contentionis
1325 817 1467 865 nulla
1503 816 1732 876 indiqere
1756 816 2008 876 doctrina,
2049 829 2227 877 eosque
2249 803 2354 865 tam

208 924 311 959 esse
346 905 642 965 manifestos
678 908 724 952 et
761 904 966 951 veritati
988 906 1089 949 tam
1114 903 1256 949 clare
1291 903 1648 961 repuqnantes,
1692 903 1745 947 ut
1779 901 1931 948 etiam
1968 901 2031 948 ab
2056 914 2220 949 uxore
2242 914 2354 948 mea
2410 929 2415 934 -

203 994 436 1054 faciliter
473 990 708 1039 convinci
736 991 951 1049 possent.
1032 985 1353 1047 Quapropter
1387 985 1434 1032 si
1477 997 1696 1045 unquam
1742 985 1815 1032 ad
1856 997 1948 1033 nos
1985 984 2239 1033 Coloniam
2276 999 2352 1034 ve-

209 1079 355 1138 nerit,
395 1075 658 1124 schedulas
693 1074 806 1134 ipsa
844 1072 1067 1120 omnibus
1102 1073 1424 1119 ecclesiarum
1461 1069 1619 1118 valvis
1655 1067 1876 1129 affiqens
1894 1069 2149 1130 publicam
2173 1075 2355 1118 contra

211 1165 370 1224 ipsum
407 1160 788 1221 disputationem
825 1157 991 1215 inibit,
1043 1160 1099 1203 ut
1141 1157 1188 1203 si
1221 1157 1381 1204 virum
1418 1155 1717 1213 detestatur,
1764 1153 1951 1215 fortem
1988 1155 2214 1215 offendat
2248 1167 2351 1203 mu·
2370 1169 2413 1202 ιο

115 1248 196 1303 (vij
215 1249 401 1295 lierem.
431 1239 453 1311 Η
513 1243 555 1290 (Ι
592 1242 753 1291 Nono.
794 1242 854 1290 Si
874 1242 1093 1289 Ioannes
1117 1240 1363 1289 Beucblin
1400 1240 1656 1288 iactitaret
1689 1252 1742 1286 se
1775 1239 2028 1287 meliorem
2064 1251 2168 1287 esse
2203 1238 2355 1300 Pepe-

213 1333 442 1390 ricorn0,
484 1342 576 1389 eqo
613 1328 668 1375 id
697 1325 921 1386 fortasse
956 1338 1210 1386 neqarem.
1288 1323 1419 1373 Nam
1456 1326 1561 1385 ipse
1586 1336 1691 1385 pro
1726 1323 1896 1382 Iudeis
1925 1322 2199 1382 falsissime
2232 1324 2360 1372 scri·

207 1398 325 1477 psit,
369 1415 735 1475 Pepericornus
772 1415 937 1460 autem
974 1423 1088 1459 vere
1123 1413 1303 1458 contra
1328 1410 1526 1468 Iudeos‘.
1604 1407 1645 1455 (Ι
1683 1408 1901 1456 Decimo.
1941 1409 2178 1456 mentitur
2201 1408 2355 1456 Ioan-

212 1514 297 1548 nes
334 1498 579 1547 Reucblin
615 1510 691 1545 me
726 1498 917 1545 lanium
949 1494 1113 1554 fuisse
1149 1496 1281 1542 inter
1317 1494 1517 1552 Iudeos.
1558 1493 1695 1554 quod
1727 1494 1773 1540 si
1815 1493 1889 1540 ita
1936 1497 2082 1552 esset,
2134 1505 2234 1540 non
2282 1496 2354 1540 ta-

211 1597 320 1632 men
357 1596 449 1644 eqo
487 1583 563 1630 ob-
583 1582 796 1643 idipsum
833 1579 1244 1629 contemnendus:
1289 1579 1461 1627 beatus
1504 1579 1632 1627 enim
1669 1577 1849 1625 Petrus
1883 1578 2116 1639 piscator
2154 1575 2261 1635 suit
2306 1580 2412 1628 et1⁶
2454 1635 2456 1638 ⁴

212 1670 370 1716 ceteri
402 1667 620 1728 apostoli
642 1667 927 1727 piscatores
962 1665 1042 1712 vel
1077 1664 1275 1712 omnino
1311 1664 1516 1712 indocti.
1594 1662 1636 1709 (Ι
1677 1661 1962 1710 Undecimo,
2001 1675 2103 1710 non
2140 1666 2213 1709 est
2243 1659 2356 1720 forn

212 1757 343 1800 tasse
386 1753 563 1799 melior
600 1750 940 1810 Pepericorno
976 1748 1199 1796 Ioannes
1235 1748 1482 1796 Reuclzlin
1529 1748 1652 1808 quia
1698 1747 1875 1794 doctus
1911 1745 2044 1793 Nam
2088 1746 2361 1795 doctissimi

209 1849 326 1899 sepe
368 1837 470 1883 viri
511 1839 560 1881 et
605 1837 908 1893 arroqantes
953 1837 1068 1880 sunt
1112 1837 1160 1879 et
1196 1834 1416 1893 pessimi.
1493 1831 1607 1879 Non
1645 1830 1819 1890 arquit
1855 1830 2092 1879 doctrina
2119 1831 2355 1892 pravita-

210 1926 330 1980 tem,
372 1919 510 1979 quod
543 1930 693 1978 quam
730 1919 794 1965 sit
829 1930 999 1965 verum
1035 1916 1245 1974 heretici
1279 1929 1446 1964 omnes
1476 1916 1701 1976 probant
1736 1915 1826 1976 qui
1856 1928 2051 1976 semper
2087 1916 2360 1964 doctissimi

202 2004 370 2063 suere.
448 2001 490 2048 (Ι
526 2002 832 2050 Duodecimo
869 2000 929 2049 Si
962 2002 1025 2048 de
1060 2002 1320 2049 nobilitate
1351 2001 1552 2061 qeneris
1595 2005 1668 2048 est
1714 2000 2097 2062 disputandum,
2148 2013 2241 2059 690
2285 2013 2352 2047 ex
2369 2014 2414 2050 20
2452 2047 2456 2054 Δ

208 2088 454 2137 laudabili
487 2086 620 2134 tribu
648 2085 901 2146 Neptalim
934 2087 1158 2145 qenitus,
1202 2099 1304 2146 qua
1341 2099 1459 2134 vero
1483 2085 1731 2134 Reuchlin
1769 2086 1966 2145 iqnoro.
2042 2084 2152 2132 Hoc
2191 2088 2357 2132 autem
2451 2082 2456 2086 ”

208 2187 274 2221 ex
311 2173 425 2220 aliis
461 2171 637 2219 audivi
660 2174 864 2231 patrem
901 2171 1058 2232 ipsius
1084 2171 1459 2231 pauperculum
1492 2169 1652 2228 fuisse
1696 2174 1745 2218 et
1791 2170 2116 2230 antiquarum
2162 2169 2354 2229 caliqa-

207 2271 318 2305 rum
364 2257 802 2304 resarcinatorem.
879 2254 921 2301 (Ι
967 2255 1238 2303 Postremo,
1287 2268 1379 2315 690
1415 2254 1639 2316 probavi
1681 2254 1924 2303 Ioannem
1959 2253 2208 2302 Reuchlin
2253 2266 2358 2301 esse

208 2342 493 2390 mendacem
530 2341 581 2388 in
618 2353 711 2388 sua
748 2338 1039 2398 defensione
1074 2344 1121 2387 et
1157 2353 1389 2388 verorum
1425 2343 1788 2387 temeratorem.

349 2426 415 2474 Et
441 2429 679 2487 preterea
709 2422 983 2482 falsissime
1017 2424 1148 2472 idem
1182 2424 1291 2485 ipse
1323 2424 1541 2485 scripsit,
1583 2429 1637 2472 ut
1669 2435 1828 2485 supra
1858 2423 2126 2484 probatum
2151 2427 2237 2482 est,
2277 2435 2355 2471 me
2368 2439 2415 2475 π
2438 2439 2453 2466 z»

207 2523 345 2559 suam
373 2509 663 2570 prodidisse
696 2510 1123 2557 consultationem.
1201 2508 1311 2569 Ε90
1347 2513 1512 2557 autem
1548 2509 1676 2557 duce
1711 2508 1924 2556 veritate
1959 2509 2073 2556 dico
2107 2520 2218 2556 eum
2254 2521 2358 2556 esse

206 2595 514 2656 proditorem
561 2594 645 2641 dei
687 2598 734 2641 et
777 2594 1030 2642 bominum
1078 2597 1126 2641 et
1165 2593 1373 2652 Cesaree
1409 2594 1686 2642 maiestatis
1717 2593 1968 2654 perfidum
2004 2593 2350 2641 consultorem.

210 2679 357 2727 Addo
394 2691 587 2739 quoque
621 2678 799 2726 multos
829 2678 1036 2739 publica
1073 2682 1230 2726 morte
1267 2679 1613 2740 interemptos,
1655 2679 1746 2739 qui
1777 2691 1878 2727 non
1915 2682 2019 2726 tam
2055 2677 2179 2725 bene
2214 2677 2353 2725 illam
2428 2666 2437 2671 ’

200 2767 594 2824 promeruerunt
629 2763 758 2810 sicut
793 2763 914 2824 ipse,
957 2763 1076 2823 quia
1114 2776 1213 2811 non
1249 2768 1320 2810 est
1347 2774 1568 2823 parvum
1604 2764 1794 2811 crimen
1822 2763 1996 2821 Cesari
2029 2763 2213 2823 optimo
2248 2774 2352 2808 ma·
2437 2815 2439 2818 .

208 2850 346 2896 ximo
382 2848 664 2896 voluntarie
709 2850 758 2894 et
801 2847 1019 2895 scienter
1060 2845 1255 2905 falsum
1301 2849 1575 2896 consulere.
1652 2849 1932 2896 Facessant
1977 2848 2133 2908 iqitur
2168 2847 2349 2894 blacte-
2366 2859 2430 2895 30·

208 2936 378 2980 rantes
413 2945 489 2980 me
524 2945 623 2980 non
659 2945 764 2979 esse
799 2932 1003 2991 diqnum
1038 2945 1152 2980 cum
1189 2945 1286 2992 quo
1310 2931 1532 2980 Ioannes
1556 2931 1802 2980 Reucblin
1840 2932 2054 2980 iuridice
2089 2932 2354 2992 quicquam

210 3020 347 3076 aqa't.
425 3015 701 3063 Christiani
733 3017 864 3063 enim
901 3029 1065 3063 omnes
1099 3029 1292 3076 sumus,
1343 3029 1436 3064 nec
1481 3017 1532 3063 in
1570 3017 1979 3064 administranda
2015 3017 2215 3065 iusticia
2252 3028 2355 3063 esse

210 3101 350 3160 apud
394 3113 689 3160 quemquam
736 3101 877 3148 debet
913 3113 1256 3161 personarum
1304 3102 1547 3162 acceptia
1623 3101 1845 3161 Itemque
1891 3105 1946 3149 ut
1990 3102 2139 3149 sem-el
2180 3102 2353 3159 finiam

210 3184 312 3230 Fui
343 3184 571 3231 honestus
605 3188 653 3231 et
685 3185 873 3244 probus
908 3188 1128 3246 tempore
1151 3185 1413 3244 Iudaismi,
1454 3186 1595 3234 cuius
1618 3187 1933 3234 contrarium
1958 3198 2212 3246 nunquam
2228 3197 2350 3246 pro—

209 3267 325 3315 bari
350 3269 564 3327 poterit,
605 3269 732 3316 sicut
758 3270 1039 3329 pauloante
1073 3270 1199 3317 satis
1234 3270 1432 3329 copiose
1467 3273 1539 3317 est
1573 3271 1897 3331 explicatum.
2364 3281 2422 3317 δι’

461 3420 546 3467 De
594 3424 986 3482 capitalibus
1031 3423 1405 3483 quibusdam
1451 3425 1800 3473 mendaciis
1835 3425 2101 3473 Ioannis

462 3503 729 3553 Reucbli
737 3520 769 3553 n
815 3511 863 3554 et
907 3508 1137 3556 articulis
1182 3509 1373 3569 aliquot
1418 3514 1747 3568 sacrosancte
1792 3510 1919 3568 fidei
1966 3509 2098 3558 cbri-

987 3592 1151 3650 stiane
1185 3593 1563 3641 contumeliosis

349 3685 406 3732 (Ι.
432 3684 471 3733 0
505 3685 781 3734 beatissime
811 3692 962 3746 pater
999 3687 1039 3735 Ο
1075 3702 1158 3737 vos
1194 3691 1597 3738 reverendissimi
1633 3691 1931 3740 Cardinales
1970 3692 2010 3740 0
2041 3692 2349 3741 christianis·
2410 3672 2430 3695 ⁹

205 3771 326 3819 sime
361 3759 660 3832 imperator,
703 3771 999 3819 intueamini
1032 3773 1232 3820 obsecro
1263 3775 1445 3833 paucis
1480 3786 1630 3833 quam
1666 3774 1816 3836 impie
1849 3776 2067 3824 Ioannes
2101 3775 2406 3825 Reuemtnco

208 3869 309 3905 non
344 3855 491 3904 modo
527 3855 579 3903 in
624 3867 702 3903 me
738 3854 1038 3917 Neopbitum
1082 3857 1173 3906 sed
1216 3858 1269 3906 in
1317 3858 1461 3906 deum
1508 3871 1571 3906 ac
1616 3863 1844 3907 sanctam
1890 3860 2150 3909 ecclesiam
2193 3859 2351 3910 multa
