2456 4264
286 257 363 313 50
936 275 1175 304 EPISTOLAE
1200 274 1505 303 OBSCVRORVM
1527 273 1752 304 VIRORVM.

282 408 341 457 ad
370 407 674 455 doctoratum
716 411 763 453 ct
798 404 903 453 fieri
942 405 1172 467 magister
1210 408 1403 458 noster;
1444 402 1559 450 estis
1597 401 1740 449 etiam
1779 399 2156 450 fundamentalis
2195 407 2242 449 et
2269 400 2434 455 bonus-

283 491 521 540 scholaris
559 495 606 538 et
644 490 737 537 iam
778 489 917 550 quasi
964 487 1129 536 valetis
1177 502 1328 536 unum
1379 486 1656 534 doctorem:
1710 484 1796 532 sed
1845 500 1935 548 ego
1983 499 2091 532 sum
2138 484 2334 533 timidus
2381 491 2429 533 et

283 591 380 623 non
432 588 628 638 possum
681 571 844 620 dicere
891 585 1049 619 meam
1098 570 1445 618 infirmitatem.
1522 569 1624 632 Ego
1674 568 1782 631 lego
1831 566 2056 616 Ovidium
2102 568 2162 616 de
2210 569 2456 617 remedio·

281 659 460 707 amoris
499 671 641 719 quem
682 654 881 716 Colonie
920 653 1104 716 glosavi
1143 669 1167 702 a
1206 659 1366 702 vestra
1405 654 1637 716 dignitate
1675 667 1785 700 cum
1835 651 1999 700 multis
2046 652 2343 701 notabilibus
2382 659 2429 702 et

281 739 631 790 moralitatihus
682 740 731 787 in
779 739 1021 801 margine:
1081 752 1249 786 verum
1296 752 1395 785 non
1445 738 1601 792 iuvat,
1659 738 1772 800 quia
1820 736 1910 785 iste
1948 751 2086 784 amor
2124 736 2340 799 quotidie
2377 737 2456 786 fit-t

280 827 450 874 maior.
525 823 694 888 Nuper
733 823 971 871 chorisavi
1010 837 1119 870 cum
1158 837 1212 870 ea
1251 828 1326 871 ter
1364 823 1414 869 in
1453 821 1632 869 chorea
1671 818 1919 868 serotinali
1956 821 2008 867 in
2047 820 2194 868 domo
2220 819 2427 877 sculteti,

283 918 397 959 tunc
435 908 671 957 fistulator
708 906 931 956 fistulavit
968 905 1255 955 cantilenam
1294 905 1354 954 de
1392 910 1588 968 pastore
1627 904 1686 953 de
1733 919 1856 952 nova
1906 905 2122 962 civitate,
2174 909 2221 954 et
2269 907 2430 954 statim

283 1009 452 1043 omnes
491 993 815 1042 chorisatores
853 990 1257 1054 amplexabantur
1294 1004 1406 1039 suas
1435 990 1646 1051 virgines
1672 989 1797 1037 sicut
1822 1003 1928 1037 mos
1955 993 2050 1044 est;
2092 994 2139 1037 et
2166 1002 2257 1051 ego
2285 990 2430 1038 etiam

284 1095 440 1127 meam
489 1077 624 1127 valde
674 1075 993 1124 amicabiliter
1044 1075 1312 1137 compressi
1358 1073 1418 1121 ad
1466 1080 1637 1136 pectus
1684 1087 1848 1122 meum
1888 1088 1999 1121 cum
2037 1074 2138 1122 suis
2175 1072 2427 1130 mamillis:

284 1178 375 1211 nec
413 1177 510 1209 non
549 1160 681 1224 tetigi
720 1159 909 1208 fortiter
946 1173 1118 1207 manus
1157 1160 1287 1207 eius:
1330 1163 1444 1206 tunc
1482 1157 1587 1221 ipsa
1625 1157 1732 1205 risit
1758 1163 1805 1206 et
1831 1157 1979 1206 dixit:
2021 1158 2087 1205 ‘in
2114 1158 2271 1206 anima
2300 1155 2456 1213 mea,i

284 1247 478 1296 domine
517 1245 760 1309 magister,
803 1258 885 1292 vos
925 1245 1036 1292 estis
1075 1241 1372 1292 delectabilis
1397 1242 1484 1298 vir,
1525 1248 1572 1290 et
1596 1241 1786 1290 habetis
1811 1240 2060 1290 molliores
2084 1256 2259 1291 manus
2286 1257 2430 1306 quam

282 1331 386 1386 alii;
426 1345 524 1378 uon
563 1328 749 1378 debetis
787 1328 1016 1377 sacerdos
1053 1329 1182 1384 fieri,
1221 1327 1307 1377 sed
1347 1342 1551 1376 uxorem
1589 1324 1858 1390 accipere’:
1899 1331 1946 1374 et
1984 1327 2194 1390 inspexit
2230 1341 2310 1375 me
2347 1327 2431 1375 de-

282 1414 594 1471 lectabiliter,
645 1411 774 1477 quod
823 1426 912 1475 ego
959 1411 1107 1461 credo
1155 1412 1286 1476 quod
1333 1427 1412 1460 me
1463 1412 1607 1460 etiam
1657 1409 1846 1459 occulte
1884 1415 2039 1458 amat:
2088 1426 2260 1460 verum
2301 1411 2456 1460 oculi-<¹

284 1500 386 1548 eius
426 1513 510 1547 cor
548 1513 711 1547 meum
759 1497 828 1545 sic
873 1496 1091 1560 leserunt
1138 1497 1263 1545 sicut
1310 1511 1407 1544 una
1455 1496 1627 1559 sagitta
1667 1495 2026 1559 pertransisset.
2104 1502 2151 1544 et
2188 1496 2331 1544 etiam
2369 1497 2432 1544 ivi

284 1582 343 1630 ad
383 1582 580 1631 domum
620 1596 730 1630 cum
770 1580 949 1629 famulo
988 1596 1114 1636 meO,
1156 1587 1202 1629 et
1239 1581 1378 1644 posui
1418 1595 1495 1628 me
1535 1579 1595 1628 ad
1634 1578 1840 1628 lectum:
1882 1586 1996 1627 tunc
2023 1585 2180 1628 mater
2207 1595 2311 1628 mea
2340 1579 2456 1644 ile-1

283 1669 374 1723 vit,
423 1668 533 1730 quia
581 1667 742 1714 timuit
790 1665 917 1729 quod
967 1664 1199 1713 haberem
1238 1663 1591 1729 pestilentiam,
1641 1679 1697 1712 ac
1737 1664 1955 1712 cucurrit
1993 1680 2102 1713 cum
2146 1665 2281 1712 urina
2323 1679 2430 1713 mea

283 1750 342 1798 ad
370 1750 620 1799 doctorem
648 1749 930 1798 Brunellum
972 1749 1211 1797 clamans:
1254 1749 1473 1798 ‘Domine
1513 1748 1702 1804 doctor,
1741 1762 1864 1811 rogo
1905 1764 1987 1796 vos
2026 1753 2230 1812 propter
2269 1735 2454 1809 deumsi,

283 1836 441 1883 iuvate
479 1834 630 1882 filium
669 1849 857 1889 meum,
898 1833 1005 1881 volo
1047 1832 1180 1881 vobis
1219 1833 1336 1881 dare
1374 1833 1433 1881 ad
1474 1832 1731 1896 propinam
1769 1847 1918 1880 unam
1956 1832 2134 1881 honam
2164 1831 2456 1894 camisiam]

283 1921 393 1982 quia
434 1919 636 1982 promisi
675 1917 803 1980 quod
844 1916 989 1966 dehet
1027 1916 1257 1965 sacerdos
1294 1917 1430 1965 fieri’.
1507 1916 1646 1965 Tunc
1683 1917 1905 1966 medicus
1954 1917 2070 1965 vidit
2117 1918 2334 1973 urinam,
2385 1922 2434 1966 et

282 2003 421 2051 dixit:
464 2002 558 2050 ‘ille
596 2004 786 2065 patiens
823 2017 913 2065 pro
952 2006 1091 2064 parte
1131 2007 1203 2050 est
1240 2000 1514 2050 cholericus
1552 2006 1600 2049 et
1636 2016 1726 2065 pro
1772 2007 1912 2065 parte
1949 2000 2275 2064 flegmaticus,
2326 2003 2456 2066 ipsein

280 2086 428 2135 habet
463 2088 635 2136 timere
674 2087 733 2141 de
771 2100 947 2148 magno
986 2091 1180 2134 vtumore
1220 2087 1347 2134 circa
1386 2101 1532 2134 renes
1569 2090 1774 2150 propter
1811 2085 2082 2134 inflationes
2109 2102 2165 2134 ac
2193 2075 2456 2151 tormenta?

282 2170 556 2219 ventricalia
599 2187 656 2219 ex
695 2170 817 2218 mala
859 2170 1155 2232 digestione;
1210 2169 1355 2218 dehet
1401 2185 1598 2219 sumere
1636 2169 1927 2219 medicinam
1969 2172 2310 2220 extractivam:
2360 2158 2448 2233 est}

282 2271 377 2303 una
416 2254 568 2302 herba
622 2270 714 2318 que
763 2253 986 2304 videlicet
1035 2253 1209 2302 dicitur
1248 2255 1384 2317 gyni‚
1435 2268 1643 2302 nascens
1690 2255 1739 2302 in
1786 2253 1907 2303 locis
1953 2254 2192 2311 humidis,
2220 2234 2456 2320 haben&—

283 2354 479 2401 gravem
519 2339 738 2394 odorem,
778 2340 903 2387 sicut
940 2338 1083 2386 docet
1120 2337 1413 2393 Herbarius;
1454 2337 1580 2387 illius
1618 2337 1770 2401 herbe
1808 2343 1972 2401 partes
1998 2340 2257 2389 inferiores
2283 2322 2454 2404 debe-{3³55

282 2424 342 2470 tis
379 2428 661 2478 conterere,
711 2429 757 2470 et
796 2437 906 2470 cum
944 2437 1032 2471 suo
1071 2437 1219 2470 succo
1259 2422 1422 2470 facere
1459 2437 1612 2471 unum
1650 2421 1852 2485 longum
1901 2422 2247 2486 emplastrum,
2298 2431 2345 2472 et
2383 2411 2456 2492 effi

284 2521 469 2569 ponere
508 2507 564 2554 ad
606 2512 758 2555 totum
798 2512 1017 2554 ventrem
1057 2521 1200 2555 suum
1238 2506 1358 2554 hora
1399 2512 1656 2563 consueta,
1697 2513 1746 2556 et
1783 2506 1929 2556 debet
1953 2508 2112 2558 iacere
2139 2524 2288 2572 super
2314 2492 2443 2558 veno?

283 2596 410 2639 trem
447 2606 586 2639 suum
627 2590 752 2639 hene
790 2590 846 2638 ad
886 2605 1033 2638 unam
1073 2590 1245 2638 horam
1284 2589 1489 2639 multum
1537 2590 1785 2640 sudando:
1835 2593 1904 2640 sic
1943 2594 2048 2642 sine
2086 2593 2235 2642 dubio
2273 2606 2441 2653 cessas,

284 2674 406 2723 hunt
444 2674 520 2723 illa
558 2680 800 2723 tormenta
837 2673 1116 2723 ventricalia
1156 2690 1266 2723 cum
1305 2676 1404 2723 suis
1441 2674 1785 2733 inflationihuS,
1826 2678 1938 2740 quia
1978 2692 2074 2725 non
2114 2685 2186 2727 est
2212 2677 2300 2727 alia
2329 2654 2449 2745 111&ss

286 2758 442 2807 dicina
480 2763 575 2806 tam
615 2758 784 2806 efficax
823 2758 883 2806 ad
920 2758 1058 2806 istam
1097 2758 1427 2808 infirmitatem
1467 2761 1591 2808 sicut
1627 2758 1721 2817 illa,
1765 2767 1816 2810 ut
1842 2768 1916 2810 est
1942 2761 2203 2824 probatum
2228 2764 2278 2811 in
2305 2743 2451 2820 muli·

283 2843 344 2889 tis
383 2842 691 2905 patientibus,
765 2841 944 2890 Verum
987 2847 1118 2890 certe
1156 2841 1339 2891 honum
1379 2845 1451 2892 es't
1487 2850 1540 2892 ut
1577 2844 1680 2908 ipse
1719 2846 1855 2908 prius
1893 2847 2099 2909 accipiat
2135 2843 2456 2913 unampurfa

286 2927 528 2987 gationem
555 2926 615 2976 de
641 2925 751 2974 albo
778 2941 922 2989 greco
963 2942 1072 2974 cum
1111 2942 1259 2975 succo
1297 2927 1503 2991 raphani
1540 2943 1630 2977 ana
1668 2928 1928 2978 drachmas
1955 2930 2053 2995 aiij.
2081 2936 2129 2980 et
2154 2930 2280 2980 bene
2307 2928 2434 2989 eritis>

286 3009 423 3058 Tunc
459 3016 615 3060 mater
651 3010 780 3059 venit
806 3015 850 3058 et
877 3009 1008 3059 dedit
1034 3011 1151 3058 mihi
1176 3010 1322 3060 talem
1350 3013 1694 3075 purgationem
1722 3019 1890 3063 contra
1917 3014 2214 3064 voluntatem
2241 3015 2433 3080 meam}

287 3099 334 3141 et
371 3093 517 3142 habui
554 3096 602 3142 in
640 3093 718 3142 illa
757 3099 899 3143 nocte
938 3094 1153 3158 quinque
1192 3095 1332 3144 sedes
1370 3110 1571 3159 magnas
1607 3103 1752 3162 atque
1790 3098 1911 3147 nihil
1947 3099 2170 3157 dormivi,
2211 3103 2446 3174 sempera&

287 3191 381 3239 que
423 3178 626 3239 cogitavi
665 3178 909 3241 quomodo
948 3177 1078 3227 illam
1117 3179 1163 3226 in
1205 3179 1384 3229 chorea
1424 3183 1693 3243 compressi
1732 3198 1841 3232 cum
1880 3184 1980 3233 suis
2005 3183 2231 3234 mamillis
2256 3184 2316 3232 ad
2340 3180 2426 3248 μί

286 3265 391 3307 ctus
428 3275 607 3316 meum,
647 3276 703 3309 ac
741 3262 984 3325 quomodo
1024 3262 1106 3311 illa
1142 3279 1220 3311 me
1259 3266 1459 3328 aspexit.
1532 3265 1718 3315 Precor
1754 3283 1839 3316 vos
1877 3273 2079 3332 propter
2119 3283 2313 3318 omnem
2338 3267 2456 3338 boga

286 3344 483 3391 nitatem
522 3359 668 3407 quam
705 3346 755 3392 in
793 3345 929 3395 vobis
966 3345 1180 3404 habetis,
1231 3348 1361 3410 quod
1407 3348 1562 3398 velitis
1611 3350 1729 3400 mihi
1775 3351 1893 3401 dare
1931 3367 2083 3401 unum
2122 3353 2426 3417 experimen?

284 3432 386 3475 tum
425 3427 484 3476 de
522 3443 688 3476 amore
726 3445 783 3478 ex
821 3435 981 3479 vestro
1019 3446 1167 3495 parvo
1205 3431 1347 3490 libro,
1387 3434 1434 3481 in
1474 3449 1570 3498 quo
1608 3439 1701 3484 stat
1737 3438 1973 3501 scriptum
2013 3436 2288 3501 ‘probatum
2324 3419 2424 3498 esst

2387 3550 2415 3583 -l'

396 3649 413 3675 ³
444 3649 535 3702 legi
567 3654 606 3692 2.
682 3649 700 3676 ⁴
730 3653 1011 3694 notabilibus
1033 3657 1074 3697 2.
1152 3651 1349 3709 ⁵?1ttidie
1383 3658 1424 3698 3.
1503 3656 1520 3682 ⁶
1551 3656 1724 3699 rtulteti
1747 3662 1790 3703 3.
1868 3660 1884 3686 9
1916 3694 1926 3704 .
1949 3663 2009 3702 Et
2031 3665 2149 3707 1...3.
2232 3660 2265 3687 ¹⁰
2295 3693 2306 3703 .
2328 3644 2423 3703 Nee

287 3722 402 3762 1...3.
508 3751 521 3771 ‚
543 3724 650 3760 tunc
684 3724 775 3762 1.2.
894 3722 925 3749 ¹¹
959 3724 1240 3764 dilectabilis
1275 3729 1315 3768 3.
1433 3725 1466 3751 ¹²
1497 3741 1621 3778 ‚non
1653 3732 1691 3769 1.
1810 3732 1919 3771 :sed
1951 3735 1990 3775 1.
2107 3731 2140 3758 ¹³
2174 3727 2234 3785 qb
2267 3744 2351 3784 ego
2378 3728 2432 3773 2:

282 3788 301 3814 ²
341 3821 351 3840 ,
375 3789 512 3829 debet
544 3793 583 3830 1.
713 3792 788 3841 ,ἃς
822 3795 861 3834 2.
977 3792 1012 3818 ²³
1052 3787 1197 3847 γυνή,
1239 3796 1555 3836 Reuchlinicae
1599 3801 2001 3850 pronuntiationis.
2120 3802 2157 3828 ²⁷
2195 3833 2206 3853 ‚
2231 3802 2294 3842 sic
2326 3800 2416 3843 1.2.

282 3854 320 3882 ²⁰
350 3858 505 3898 :versi
538 3861 576 3901 1.
663 3857 695 3885 ³¹
731 3859 798 3900 aii.
818 3872 852 3912 3.
874 3861 939 3913 iij.
963 3865 1055 3906 1.3.
1088 3861 1191 3914 afi.;.
1216 3868 1255 3907 2.
1344 3864 1379 3891 ³²
1411 3865 1594 3907 mamill'
1616 3871 1658 3910 2·
1745 3869 1780 3895 ³⁰
1813 3865 1872 3923 qb
1904 3874 1944 3912 2·
