2456 4264
475 299 869 332 LARRNTATIONES
891 303 1202 334 OBSGVBOBVH
1222 304 1674 336 BRVCRLINISTARVM
1695 306 1845 336 ROVAE.
2124 281 2246 340 375

753 434 801 481 si
833 438 890 482 tu
925 434 1051 496 quid
1072 436 1217 491 :tosti
1248 437 1437 485 rectius
1473 438 1603 498 istis,

489 517 753 567 Candidus
790 520 1024 581 imperti:
1059 521 1107 569 si
1140 533 1267 579 non,
1308 520 1388 570 his
1423 526 1567 571 utere
1601 537 1807 573 mecum.

80 603 239 663 Vale,
279 615 348 652 ex
383 615 508 651 rure
541 603 858 664 suburbano,
900 605 987 653 ubi
1019 607 1097 654 me'
1131 606 1319 655 culices
1355 611 1403 655 el
1421 609 1619 669 pulices
1644 610 1813 659 animo
1840 610 2118 671 tranquillo
2143 623 2248 658 esse

78 701 178 737 non
213 689 400 737 sinunt.

24 835 64 897 ξε
709 889 715 894 .
1122 840 1208 898 18.

454 970 497 1018 (Ι
563 958 651 1015 Co
662 960 750 1015 dr
762 962 827 1016 ia
841 979 877 1017 n
891 978 927 1015 u
937 979 967 1016 s
1012 959 1472 1036 philosophorum
1517 940 1888 1039 philosophus

22 1099 33 1142 j·
485 1070 728 1120 Ioanni
764 1072 936 1135 Grap
974 1070 1227 1135 Apollinis
1262 1078 1311 1123 et
1336 1075 1603 1125 Musarum
1641 1077 1847 1126 alumno

22 1195 58 1252 3..
405 1229 408 1231 ,
1042 1170 1110 1220 .S.
1138 1171 1195 1221 P.
1221 1173 1285 1221 D.

21 1249 53 1329 ..f
238 1306 245 1310 .
401 1267 443 1318 O
477 1283 633 1319 curas
666 1270 954 1320 hominum!
991 1284 1021 1320 o
1057 1276 1303 1332 quantum
1341 1273 1393 1321 in
1430 1274 1579 1323 rebus
1615 1275 1767 1324 inane
1803 1279 1907 1343 est!

38 1361 63 1398 o
79 1353 214 1413 Quid
246 1354 454 1404 obsecro
498 1357 633 1404 tanti
669 1354 813 1416 facis
846 1356 1149 1418 philosophi
1191 1359 1244 1406 in
1282 1358 1514 1421 physicis
1560 1361 1844 1422 eniqmata,
1895 1375 1989 1422 que
2030 1360 2241 1423 Oedipo-

72 1440 160 1489 des
212 1440 321 1503 ipse
372 1453 475 1490 non
520 1442 752 1490 solveret.
827 1442 1101 1490 Famosum
1138 1441 1382 1504 profecto
1428 1446 1797 1508 rancidumque
1838 1447 2043 1495 lardum
2089 1449 2240 1508 sapit,

19 1522 163 1588 qm·
192 1530 419 1594 veterum
453 1528 618 1588 mayis
656 1527 1083 1589 philosophorum
1130 1541 1282 1589 quam
1319 1533 1594 1590 poetarum
1640 1533 1896 1581 sententiis
1945 1533 2242 1581 delectatur.

40 1591 333 1673 {plumalis
373 1616 650 1686 scommata
694 1616 745 1661 et
793 1611 1032 1661 Ouidiani
1074 1611 1285 1662 Amores
1331 1627 1435 1663 una
1480 1625 1597 1664 cum
1641 1616 1913 1680 Propertio
1959 1623 2112 1678 atque
2162 1617 2241 1666 Ti-

40 1695 205 1746 bullo
239 1700 435 1747 tantum
469 1678 652 1747 ceteris
677 1697 1005 1760 philosophie
1054 1699 1367 1748 documentis
1403 1704 1643 1762 prestare
1688 1703 1947 1763 videntur,
1999 1706 2242 1764 quantum

8 1772 60 1847 ’ξφ
71 1781 239 1831 mulus
274 1782 418 1832 asino
454 1784 725 1833 antecellit.
801 1783 894 1831 De
912 1783 992 1832 his
1028 1797 1122 1844 eqo
1150 1784 1473 1846 philosophis
1508 1786 1719 1848 loquor,
1762 1801 1886 1849 quos
1921 1801 2069 1846 sacre
2106 1788 2240 1836 theo-

17 1851 43 1926 {ss
67 1866 201 1928 loaie
236 1867 472 1917 doctores
506 1873 558 1917 et
592 1869 688 1917 alii
719 1869 1007 1917 liberalium
1045 1862 1446 1932 disciplinarum
1482 1864 1723 1941 mayistri
1753 1874 1877 1936 plus
1922 1887 2049 1934 equo
2095 1887 2238 1922 vene-

18 1930 28 2005 Ξ
67 1956 271 2002 rantur.
343 1952 424 2002 Ne
455 1957 626 2002 tamen
663 1954 738 2002 ad
760 1955 1015 2015 parietem
1050 1968 1139 2004 seu
1170 1957 1344 2017 potius
1381 1956 1454 2004 ad
1486 1962 1737 2006 mortuum
1774 1959 1928 2007 verba
1959 1957 2147 2018 fecisse
2171 1960 2239 2008 vi-

0 2037 269 2102 ndearis,
320 2043 414 2088 aut
445 2039 606 2088 surdo
636 2037 877 2098 fabulam
913 2041 968 2089 in
1005 2042 1104 2090 tuis
1140 2041 1213 2089 ad
1246 2054 1325 2088 me
1359 2042 1540 2091 litteris
1587 2043 1850 2101 recitasse,
1902 2044 2063 2091 Errat
2099 2044 2238 2092 vehe-

66 2127 261 2200 menter
293 2123 616 2207 Aristoteles,
668 2126 961 2186 materiam,
1011 2127 1349 2188 privationem
1393 2131 1444 2175 et
1482 2125 1712 2186 formam
1749 2129 1855 2177 tria
1883 2129 2124 2190 ponendo
2161 2141 2240 2177 re-

9 2205 56 2252 2'0
70 2222 183 2259 rtem
207 2194 684 2284 principia.qu
711 2211 888 2287 potius
925 2225 1119 2272 aerem,
1162 2215 1355 2260 terram
1381 2217 1430 2260 et
1452 2226 1598 2261 mare
1620 2215 1952 2263 collocavero.
2009 2214 2094 2263 Ex
2119 2227 2241 2262 aere

64 2284 197 2345 enim
232 2284 418 2358 pluvia
465 2296 520 2345 in
554 2284 762 2345 terram
807 2285 974 2358 cadit,
1025 2311 1121 2358 que
1170 2296 1289 2345 iam
1317 2298 1498 2347 iterum
1545 2303 1698 2360 atque
1744 2299 1924 2348 iterum
1963 2299 2234 2360 inebriata,

65 2381 257 2442 leones,
297 2393 481 2444 apros,
531 2394 647 2431 oves
682 2386 733 2431 et
767 2382 937 2443 boves,
990 2383 1257 2444 omniaque
1292 2383 1434 2432 nobis
1469 2385 1749 2446 ceterisque
1783 2385 1933 2433 mutis
1968 2385 2239 2433 animanti-

65 2466 157 2516 bus
190 2467 484 2516 necessaria
509 2467 771 2528 producit.
847 2468 1001 2517 Mare
1037 2481 1156 2517 vero
1181 2469 1352 2530 pisces
1387 2470 1638 2530 larqitur‚
1679 2483 1744 2518 ne
1780 2470 2237 2531 quadraqesimali-

41 2551 158 2601 rbus
191 2549 366 2602 diebus
393 2552 455 2601 in
490 2552 575 2601 via
611 2552 918 2613 deficiamus.
993 2552 1160 2603 Solem
1195 2541 1371 2603 *autem*
1401 2559 1450 2604 et
1493 2555 1741 2604 hominem
1785 2568 2039 2616 cenerare
2083 2555 2236 2604 homi-

9 2646 54 2682 η
68 2650 207 2698 nem,
238 2633 561 2700 ‘impossibile
604 2642 702 2699 est,
757 2640 850 2688 sed
893 2640 1082 2689 rectius
1117 2641 1282 2690 virum
1319 2645 1369 2703 et
1403 2642 1662 2691 mulierem
1700 2642 1754 2690 in
1789 2641 1987 2702 qeniali
2018 2641 2148 2705 lecto
2185 2642 2251 2690 id-

61 2719 247 2783 facere
279 2723 453 2773 solitos
487 2723 811 2774 crediderim.
885 2724 996 2784 Hec
1031 2726 1162 2774 enim
1192 2724 1384 2785 facilia
1421 2727 1684 2776 intellectu
1729 2731 1873 2787 sunt,
1926 2741 2021 2787 que
2059 2726 2238 2776 Scotus

22 2841 25 2843 -
63 2808 197 2870 ipse,
237 2821 384 2871 quem
420 2808 516 2858 alii
547 2794 777 2863 subtilem
814 2811 1105 2873 appellant,
1157 2815 1206 2860 et
1241 2811 1481 2861 Albertus
1516 2811 1742 2874 Maqnus
1788 2824 2046 2873 nunquam
2093 2813 2236 2864 intel-

19 2911 47 2938 ·.·
65 2893 252 2944 lexere.
283 2956 287 2960 .
338 2894 467 2944 Vale
501 2908 569 2945 ex
604 2895 862 2946 montibus·
887 2895 1099 2960 Ripheis
1123 2898 1437 2959 octoqesimo
1475 2911 1608 2947 nono
1646 2898 1762 2948 idus
1796 2896 2143 2960 Septembres·

139 3130 142 3133 Δ
286 3128 292 3133 ¹
657 3132 659 3134 q
1108 3046 1194 3107 19.
1263 3051 1265 3053 ’

9 3131 72 3223 κ.
375 3246 378 3249 ¹
639 3176 643 3181 ’
764 3133 1143 3241 Adrianus·
1182 3139 1555 3226 Sz'nlcensi‘s

508 3291 551 3340 S
558 3294 580 3342 i
588 3306 636 3342 m
648 3306 677 3342 e
689 3307 718 3343 o
729 3308 761 3343 n
773 3294 794 3343 i
826 3293 869 3343 L
880 3274 973 3344 ull
982 3295 1003 3343 i
1010 3308 1043 3343 a
1052 3309 1086 3344 n
1099 3309 1127 3344 o
1155 3300 1307 3357 poete
1343 3296 1509 3346 decies
1543 3296 1779 3344 laureato

829 3391 1056 3455 Salutem
1092 3395 1286 3444 nullam
1323 3395 1462 3445 dicit.

32 3476 57 3562 Ξ
260 3509 265 3513 “
317 3504 432 3553 Νοη
469 3505 595 3554 mihi
626 3506 673 3554 si
705 3509 903 3555 centum
938 3507 1110 3568 linque
1145 3507 1270 3569 sint,
1313 3508 1504 3569 oraque
1538 3512 1762 3569 centum,

316 3590 514 3638 Ferrea
552 3603 671 3653 vox,
712 3604 881 3639 omnes
916 3591 1162 3640 scelerum
1199 3593 1627 3655 comprehendere
1656 3592 1887 3654 formas

0 3594 151 3731 εἰ
320 3674 499 3723 Omnia
526 3688 783 3737 penarum
801 3690 1125 3738 percurrere
1159 3679 1366 3727 nomina
1394 3691 1608 3740 possem.

32 3738 184 3818 [bonas
234 3773 456 3821 unquam
511 3762 834 3823 credidisset,
894 3762 967 3811 mi
1017 3762 1313 3815 charissime
1367 3762 1597 3824 Simeon,
1651 3769 1854 3826 poetam
1903 3770 2078 3826 poeto,
2140 3769 2229 3811 aut

175 3883 189 3912 ¹
225 3884 401 3939 ‘Siquid
431 3886 601 3928 novisti
632 3889 806 3929 rectius
838 3888 955 3930 istis'
986 3893 1067 3930 etc.
1087 3889 1214 3944 sior.
1242 3903 1311 3943 ep.
1335 3889 1371 3930 Ι.
1395 3889 1437 3930 6.
1462 3890 1492 3931 i.
1518 3890 1550 3931 f.
1610 3889 1627 3916 ⁹
1660 3891 1784 3931 Pers.
1810 3892 1898 3932 sat.
1923 3890 1959 3929 Ι.
1988 3889 2023 3928 1,
2087 3886 2121 3912 ³⁸
2144 3887 2226 3927 lin-

66 3965 168 4007 guae
199 3959 382 3998 centum
418 3959 551 4011 Very.
573 3957 687 3999 Aen.
719 3957 799 4010 (ex
827 3959 1026 4012 Fausto).
1134 3957 1171 3986 ⁸⁴
1204 3960 1534 4015 comprendere
1573 3962 1703 4013 Vera.
1814 3958 1850 3985 ³5
1880 3958 2066 4013 possim.
2095 3958 2225 4009 Vera.
