2456 4264
237 305 504 337 'fluctuve
525 305 757 338 unmucvs
778 307 836 336 DE
858 306 1151 354 wnunmnm
1170 307 1512 339 DISPVTATIORE
1534 308 1575 337 1².
1598 307 1854 339 Avovs'rml
1875 307 2116 337 Anvnnnn.
2150 282 2267 342 511

455 439 551 487 Imo
588 441 845 489 mendacem
881 448 1063 503 poetam
1099 456 1351 504 vanumque
1388 442 1651 505 Grecistam.

393 524 436 558 25
459 510 601 558 Credo
639 519 813 565 tamen,
853 513 975 574 quod
1010 513 1246 576 Philippus
1285 514 1372 576 scit
1406 515 1512 577 plus
1548 516 1594 561 in
1632 514 1864 576 theologia

456 581 596 638 Quam
633 584 926 646 Marquardus
962 585 1018 631 de
1053 599 1135 632 sua
1171 585 1412 633 Scotistria

457 654 606 716 Atque
642 656 696 701 de
734 663 832 703 tota
871 670 951 703 sua
988 657 1194 704 merdosa
1231 658 1493 719 sophistria.

454 725 572 773 Dicit
605 726 801 789 Philippi
840 727 1037 774 studium
1075 728 1460 790 pulverulentum,

453 797 502 843 ln
540 812 631 858 quo
669 798 770 859 ipse
805 813 897 845 non
935 798 1149 860 intelligit
1185 800 1368 846 unicum
1405 799 1701 852 elementum,

391 881 435 915 30
458 868 629 929 Dignus
666 876 720 915 ut
755 869 962 917 comedat
997 871 1218 918 rusticum
1255 871 1561 933 pulmentum;

455 939 511 986 Et
547 940 602 987 de
639 940 787 987 literis
824 941 982 1002 Grecis
1018 942 1285 1004 Marquardo
1325 941 1447 988 nulla
1486 949 1557 989 est
1593 943 1856 993 contencio.

453 1009 565 1068 Quia
603 1013 649 1057 in
687 1011 825 1059 Scoto
863 1013 919 1058 de
955 1012 1047 1059 illis
1085 1013 1209 1059 nulla
1246 1012 1299 1059 fit
1334 1013 1530 1067 mentio;

450 1082 555 1129 Ideo
593 1082 702 1129 dicit
739 1083 861 1144 quod
897 1083 1072 1130 inutilis
1109 1090 1181 1130 est
1216 1085 1418 1146 ipsarum
1455 1084 1668 1131 inventio.

450 1153 680 1200 Alveldius
718 1161 866 1201 autem
904 1160 976 1201 est
1013 1157 1227 1217 egregius
1263 1155 1522 1217 disputator

384 1237 428 1277 35
453 1224 733 1287 Grandisque
771 1232 818 1272 et
853 1226 1127 1273 horrisonus
1161 1226 1406 1281 clamator,

446 1296 509 1342 'Et
543 1298 589 1342 in
626 1296 781 1343 Parvis
817 1296 1087 1358 logicalibus
1125 1297 1359 1359 gloriosus
1395 1299 1725 1360 triumphator:

454 1367 489 1414 Ο
527 1381 700 1414 summe
738 1368 875 1420 deus,
915 1383 1050 1429 quam
1089 1371 1275 1430 egregie
1311 1369 1397 1416 scit
1433 1369 1627 1417 clamare

453 1438 753 1501 Brachiaque,
791 1453 951 1485 nasum
989 1446 1036 1485 et
1074 1440 1234 1487 oculos
1271 1440 1378 1487 hinc
1413 1441 1515 1488 inde
1554 1440 1724 1494 levare,

451 1509 508 1556 Et
542 1510 780 1557 veritatem
817 1524 903 1572 pro
942 1510 1142 1558 falsitate
1178 1526 1370 1573 negare,

389 1594 434 1628 40
455 1579 512 1627 Et
547 1581 738 1628 adducta
773 1595 857 1643 per
893 1596 996 1629 eum
1032 1583 1145 1629 nihil
1182 1583 1354 1631 faciunt
1390 1584 1446 1631 ad
1482 1585 1794 1646 propositum,

452 1651 541 1699 Sed
578 1651 732 1714 'potius
769 1653 1010 1700 intendunt
1047 1654 1092 1700 in
1130 1657 1409 1703 contrarium
1447 1663 1494 1702 et
1531 1659 1821 1718 oppositum;

450 1723 506 1771 Et
541 1724 663 1772 hunc
697 1725 854 1772 dicunt
890 1727 1041 1788 ipsum
1078 1726 1242 1774 habere
1279 1741 1451 1775 morem
1490 1728 1690 1775 solitum.

452 1795 619 1844 Contra
642 1795 881 1844 Martinum
907 1797 1157 1845 Lutherum
1196 1799 1380 1860 scripsit
1414 1799 1654 1861 pulchrum
1693 1807 2021 1853 commentum,

451 1867 623 1916 Revera
659 1868 835 1915 aridum
872 1869 1088 1931 Malagma
1125 1876 1171 1916 et
1207 1870 1367 1917 inutile
1403 1871 1810 1932 predicamentum,

392 1939 507 1986 451n
546 1954 636 2001 quo
672 1940 805 2002 ponit
843 1954 924 2003 sue
962 1941 1195 2003 theologie
1233 1942 1599 1996 fundamentum;

452 2011 663 2074 Disputat
698 2014 746 2058 in
784 2026 837 2060 eo
876 2013 931 2059 de
968 2026 1174 2074 congruo
1212 2020 1258 2060 et
1294 2012 1546 2076 condigno,

453 2082 509 2130 Et
544 2098 601 2130 an
636 2082 829 2131 liberum
865 2083 1101 2131 arbitrium
1141 2085 1201 2131 sit
1236 2086 1283 2131 in
1321 2085 1445 2133 arido
1484 2085 1631 2147 ligno.

452 2155 522 2200 An
558 2169 746 2203 noverca
782 2158 1018 2203 conveniat
1053 2171 1156 2203 cum
1192 2158 1423 2218 privigno;

455 2227 604 2288 Atque
641 2227 697 2274 de
732 2227 997 2275 Antichristi
1033 2228 1222 2275 Romani
1257 2224 1560 2282 monarchia,'

390 2310 434 2345 50
458 2297 599 2355 Quam
635 2299 802 2361 probat
838 2314 892 2346 ex
929 2306 1027 2347 arte
1062 2301 1198 2347 vetita
1234 2300 1326 2347 sive
1363 2300 1681 2352 nicromantia.

455 2368 571 2427 Quia
604 2371 719 2418 nihil
755 2371 811 2418 de
846 2371 935 2419 hoc
970 2371 1201 2433 reperitur
1236 2374 1283 2418 in
1320 2386 1425 2419 vera
1462 2373 1716 2433 theologia;

456 2441 505 2487 ln
543 2457 635 2504 quo
674 2442 873 2490 ostendit
910 2456 1042 2490 suum
1081 2443 1221 2490 altum
1258 2443 1514 2505 ingenium,

455 2511 513 2559 Ut
548 2514 754 2562 videatur
790 2528 1006 2577 superare
1041 2513 1274 2562 Erasmum
1311 2521 1357 2561 et
1392 2514 1687 2567 Frobenium‚

456 2583 513 2631 Et
547 2593 601 2632 ut
636 2588 737 2648 ipse
773 2594 904 2648 putat
940 2587 1245 2647 Augustinum
1281 2579 1529 2634 Aurelium.

394 2669 436 2703 55
460 2654 591 2712 Quod
627 2664 776 2705 tamen
814 2657 1034 2705 Martinus
1071 2672 1162 2705 non
1199 2658 1409 2721 permisit
1443 2658 1660 2712 inultum,

456 2726 569 2784 Quia
604 2731 778 2777 vexavit
814 2729 962 2791 ipsum
1001 2737 1215 2791 tanquam
1252 2729 1427 2777 fatuum
1464 2738 1510 2777 et
1548 2730 1763 2782 stultum,

457 2798 566 2846 Cum
604 2800 716 2847 nihil
754 2802 1002 2863 scripserat
1038 2801 1161 2863 quod
1198 2810 1322 2849 esset
1358 2808 1530 2849 rectum
1569 2810 1613 2848 et
1649 2802 1844 2855 cultum,

457 2870 507 2917 ln
544 2871 851 2935 disputatione
890 2873 976 2920 scit
1013 2873 1211 2935 allegare
1248 2872 1413 2920 multas
1451 2873 1725 2936 scripturas,

460 2941 581 2999 Quas
618 2958 701 3006 per
737 2944 1016 3006 impossibile
1056 2945 1195 2992 trahit
1230 2950 1277 2992 et
1312 2944 1506 3007 figuras,

396 3028 439 3062 co
463 3014 550 3062 Sed
587 3029 688 3062 mox
727 3030 828 3063 cum
867 3016 1021 3063 sonitu
1057 3017 1298 3078 perituras.

460 3086 646 3145 Quando
685 3087 848 3149 aliquis
886 3102 977 3135 non
1014 3088 1157 3136 credit
1194 3090 1288 3135 suis
1326 3087 1674 3150 allegationibus

461 3158 655 3221 Suisque
692 3159 859 3221 ineptis
897 3165 943 3206 et
981 3158 1167 3207 insulsis
1205 3160 1486 3213 racionibuS.

458 3230 551 3278 Imo
588 3232 684 3278 suis
719 3231 977 3278 criminosis
1014 3231 1384 3294 probationibus,

460 3302 608 3364 Rogat
643 3303 750 3365 poni
788 3302 926 3350 biblia
965 3303 1018 3350 ad
1055 3309 1309 3356 certamen,

394 3387 437 3422 65
461 3375 518 3422 Ut
555 3387 636 3437 sue
672 3374 933 3437 ignorancie
970 3381 1132 3437 querat
1166 3373 1441 3430 relevamen;

462 3446 548 3493 Sed
585 3448 630 3492 in
668 3460 718 3493 ea
756 3446 810 3492 ad
848 3460 979 3493 suum
1016 3448 1303 3509 propositum
1342 3461 1433 3494 non
1472 3445 1639 3493 invenit
1674 3460 1813 3494 unum
1851 3461 2051 3509 gramen.

461 3518 662 3565 Extraxit
698 3531 750 3564 ex
786 3532 927 3580 cappa
965 3517 1090 3564 valde
1126 3532 1287 3565 novum
1326 3516 1512 3571 librum,

463 3589 601 3647 Quem
639 3588 793 3636 multis
831 3591 948 3637 ossis
984 3589 1182 3635 nondum
1220 3588 1328 3637 fecit
1352 3591 1603 3652 integrum,

465 3660 593 3718 Quod
631 3660 828 3708 ostendit
864 3662 1012 3722 ipsum
1051 3662 1095 3707 in
1136 3660 1366 3723 theologia
1403 3661 1528 3709 valde
1565 3663 1761 3724 pigrum.

307 3776 312 3780 .
399 3743 442 3779 ἰο
465 3732 565 3796 lpse
592 3731 723 3780 scivit
747 3745 829 3794 per
854 3733 1103 3789 orationem
1129 3732 1452 3795 disputationis
1477 3747 1560 3797 per
1585 3732 1794 3797 diapente
1819 3740 1999 3782 cantare

240 3885 278 3915 ⁸⁴
307 3885 492 3931 Alveldt
519 3900 653 3942 supra
681 3900 719 3929 υ.
741 3884 810 3929 34.
831 3886 926 3929 hab.
949 3885 1007 3928 K.
1123 3885 1159 3914 ⁶⁸
1189 3886 1457 3942 Frobenius,
1492 3887 1688 3931 celebris
1718 3886 1990 3930 Basiliensis
2020 3881 2270 3938 bibliopola

130 3958 207 4014 qui
225 3958 462 4004 Erasmum
494 3957 613 4014 apud
634 3971 683 4002 ee
705 3962 961 4013 receperat.
1020 3955 1056 3986 ⁶¹
1086 3958 1132 4001 S.
1154 3959 1472 4014 Augustinum.
1532 3959 1569 3987 ⁶⁸
1599 3959 1706 4002 ossis
1728 3958 1783 4001 K.
1843 3956 1880 3984 ⁷⁰
1909 3953 2049 4010 diap.]
2086 3953 2267 4000 Quinte.
