2456 4264
597 268 741 297 INDEX
760 264 919 296 EORVM
942 266 1044 301 QVAE
1066 266 1157 295 HOC
1179 263 1420 295 VOLVMINE
1443 262 1788 292 CONTINENTVR.

250 463 320 509 ita*
350 476 497 523 nuper
534 459 758 521 quendam
797 472 848 504 ex
885 462 1124 519 poetarum
1162 470 1378 507 numero,
1420 457 1496 516 qui
1537 462 1638 502 ‘non
1668 454 1930 516 intelligunt
1957 454 2063 500 alle-

249 533 403 594 gorias
429 539 476 579 et
500 531 810 593 expositiones
838 528 1127 591 spirituales’,
1167 528 1273 590 quid
1303 534 1458 574 esseut
1483 526 1682 579 Mavors,
1723 542 1882 573 novem
1910 526 2061 579 Musae,

248 605 512 656 Mercurius,
551 605 834 663 ignorantem
859 601 1030 650 docuit.
1105 600 1205 661 lpse
1243 599 1359 646 libro
1386 599 1569 645 Thomae
1594 599 1647 645 de
1674 599 1860 645 Walleis
1888 599 1966 645 has
1994 614 2064 645 ar-

252 683 320 723 tes
345 689 395 722 se
419 675 584 722 debere
608 674 876 736 profitetur,
917 673 995 733 qui
1033 686 1166 732 quam
1193 672 1325 718 docte
1363 671 1721 718 ‘concordantias
1748 671 1866 717 inter
1892 685 2063 716 sacram

250 749 522 809 scripturam
569 753 615 793 et
661 744 837 792 fabulas
875 739 1093 805 poetales’
1132 743 1416 804 scripsisset,
1467 743 1669 804 exempla
1706 743 1974 788 adferuntur
2011 743 2065 789 de

247 819 442 866 Pbitone
481 824 719 880 serpente,
758 817 812 863 de
851 816 1070 868 Saturno,
1111 815 1165 861 de
1202 815 1363 867 Diana,
1403 815 1457 860 de
1494 814 1597 860 Iove
1635 830 1687 861 ac
1725 814 1968 866 Calistone‚
2008 815 2062 860 de

247 890 475 951 Aglauro,
514 889 568 936 de
603 889 810 950 Europa,
848 887 903 933 de
939 886 1135 938 Cadmo,
1188 887 1243 933 de
1280 887 1520 937 Actaeone,
1568 887 1623 932 de
1659 886 1855 938 Baccho,
1903 885 1957 931 de
1994 886 2064 931 Pi-

247 976 372 1009 ramo
411 968 458 1008 et
496 961 686 1013 Thisbe,
732 960 788 1006 de
825 958 1039 1005 Vulcano.
1114 958 1173 1004 De
1210 958 1485 1008 Reuchlino,
1536 957 1643 1018 quid
1689 963 1817 1018 agat,
1867 956 1943 1002 ubi
1983 972 2064 1017 per

247 1032 563 1096 Tubingenses
599 1038 760 1079 auctor
797 1030 967 1078 certior
1005 1030 1151 1077 faetus
1189 1029 1354 1081 fuerit,
1395 1042 1497 1075 sese
1522 1030 1799 1090 scripturum
1827 1027 2061 1088 significat.

105 1143 188 1194 29.
231 1137 533 1207 Tilmannus
558 1134 788 1200 Lumplin
828 1134 1029 1184 Ortvino
1068 1133 1251 1183 Gratio.
1400 1132 1714 1198 (Tubinqffl)
1780 1173 1790 1183 .
1868 1172 1878 1181 .
1958 1171 1968 1182 .

247 1212 458 1260 Ortvinus
485 1211 607 1273 quod
632 1217 791 1258 contra
816 1209 1114 1256 Reuchlinum
1143 1207 1344 1255 scribere
1369 1222 1460 1254 non
1485 1214 1670 1269 pergat,
1711 1208 1875 1255 aeriter
1912 1223 2065 1270 repre—

248 1283 474 1336 henditur,
500 1289 547 1330 et
573 1289 731 1330 contra
755 1280 1042 1329 defensorem
1068 1280 1338 1331 Iudaeorum,
1367 1271 1502 1342 queri]
1529 1286 1813 1341 peccatorem
1842 1287 1966 1327 recte
1984 1281 2087 1334 Per

247 1357 514 1418 pericornus
541 1354 758 1416 increpat,
790 1352 1026 1400 ecclesiam
1058 1352 1313 1414 famamque
1342 1366 1469 1398 suam
1502 1351 1744 1398 defendere
1775 1358 2064 1413 provocatur.

108 1457 191 1509 30.
231 1452 436 1503 Ortvino
474 1451 643 1503 Gratio
680 1450 890 1501 loannes
930 1448 1349 1500 Schnarholtzius.
1499 1466 1557 1499 ex
1595 1449 1803 1500 Basilea.
1872 1490 1882 1500 .
1960 1489 1970 1499 .
2049 1489 2059 1499 .

245 1526 513 1593 Adulatoria
550 1525 807 1573 humilitate
833 1524 1242 1573 celebratissimum
1269 1525 1538 1585 magistrum
1565 1525 1659 1572 adit
1684 1524 1934 1586 theologiae
1961 1540 2063 1572 can-

247 1599 451 1651 didatus,
489 1605 540 1645 ut
578 1598 620 1645 ei
658 1597 885 1645 describat
921 1597 1292 1660 praedicationem
1330 1610 1479 1658 nuper
1524 1611 1547 1643 a
1593 1597 1787 1658 quodam
1822 1596 2064 1644 Parisiensi

246 1672 302 1718 de
338 1669 604 1718 ascensione
643 1670 814 1716 domini
852 1668 1152 1717 iubilantibus
1190 1669 1413 1731 apostolis
1450 1668 1674 1730 beataque
1711 1668 1885 1729 virgine
1932 1669 2063 1721 facta,

248 1749 295 1789 et
342 1743 398 1790 de
443 1742 784 1789 resurrectione
827 1742 875 1788 in
912 1741 1192 1788 Hierusalem
1230 1740 1408 1793 habita,
1458 1740 1637 1802 sibique
1684 1740 1827 1787 libros
1876 1740 2063 1788 indicari

246 1814 365 1868 vult,
405 1813 499 1862 ‘ubi
536 1814 624 1861 ista
655 1815 845 1861 materia
881 1809 1105 1866 habetur’,
1144 1819 1196 1859 ut
1233 1826 1383 1859 emere
1420 1814 1582 1874 possit.

107 1923 189 1974 31.
230 1917 593 1970 Bartholomaeo
632 1917 801 1983 Colpio
839 1916 1186 1967 Willibrordus
1223 1916 1395 1967 Niceti.
1547 1916 1797 1982 (FuldoeJ)
1863 1956 1875 1967 .
1953 1956 1963 1966 .

247 1992 460 2040 Laudatis
496 1993 839 2040 carmelitarum
878 1993 1037 2039 ordine
1075 1993 1208 2054 eique
1246 1991 1477 2039 concessis
1525 1991 1845 2052 indulgentiis,
1895 1994 2064 2053 pietate

248 2080 300 2113 ac
336 2065 542 2113 doctrina
580 2063 749 2126 Colpii,
788 2064 1066 2111 bibliotheca
1105 2065 1240 2111 variis
1279 2063 1408 2110 libris
1447 2063 1824 2114 instructissima,
1864 2063 2064 2125 Tungari

249 2150 459 2199 quoque.
498 2135 740 2185 laudabilis
778 2136 882 2187 viri,
923 2137 1127 2197 quamvis
1153 2134 1429 2182 Reuchlinus
1469 2149 1571 2182 eum
1612 2141 1823 2196 spernat,
1864 2141 1910 2181 et
1946 2150 2063 2197 prae-

247 2210 382 2271 cipue
419 2208 545 2256 valde
582 2207 773 2254 notabili
811 2207 943 2259 libro,
985 2207 1060 2268 qui
1089 2207 1256 2254 dicitur
1282 2206 1695 2258 Combibilationes,
1736 2209 1929 2267 quaestio
1957 2222 2063 2268 pro-

246 2281 447 2342 ponitur,
486 2287 642 2327 utrum
667 2279 880 2326 Lolhardi
916 2286 963 2325 et
987 2279 1193 2340 Beguttae
1231 2278 1472 2326 saeculares
1509 2293 1564 2324 an
1602 2277 1833 2326 clericales
1858 2293 2064 2339 personae

247 2351 362 2404 sint,
412 2352 561 2414 iisque
619 2353 908 2399 matrimonia
945 2351 1218 2398 contrahere
1255 2347 1391 2398 liceat
1423 2363 1595 2402 necne:
1644 2350 1699 2396 de
1738 2365 1825 2411 qua
1874 2365 1924 2396 re
1970 2352 2064 2397 fru-

247 2430 342 2470 stra
389 2429 479 2470 tam
528 2422 673 2470 libros
723 2437 856 2484 quam
907 2422 1189 2470 sacerdotem
1227 2422 1496 2468 Fuldensem
1546 2436 1594 2468 se
1631 2420 1919 2469 consuluisse
1958 2423 2065 2469 dicit

247 2493 588 2542 willibrordus.
628 2496 900 2542 sententiam
928 2494 1160 2542 dicendam
1188 2495 1224 2541 si
1250 2493 1610 2541 Bartholomaeus
1647 2494 1844 2545 nesciat,
1885 2508 1938 2540 ex
1965 2494 2065 2541 Ort-

245 2568 351 2614 vino
387 2567 535 2614 divina
576 2567 720 2629 gratia
758 2566 870 2613 nibil
908 2567 1147 2628 ignorante
1186 2566 1426 2628 petendam
1465 2579 1581 2613 esse.
1638 2565 1845 2612 Adicitur
1882 2581 2063 2614 carmen

247 2639 479 2686 heroicum
518 2638 573 2686 de
607 2637 1080 2686 CombibilationibuS.

107 2739 189 2791 32.
229 2734 431 2787 Ortviuo
469 2736 638 2786 Gratio
678 2734 937 2801 Gingolfus
974 2735 1443 2802 LignipercussoriS.
1592 2751 1650 2785 ex
1688 2735 1968 2799 Argentina.
2048 2777 2057 2786 .

245 2811 418 2859 (lrtvini
462 2811 690 2873 quondam
737 2811 991 2873 discipulus
1039 2825 1132 2857 non
1180 2811 1461 2871 defatigatur
1506 2811 1801 2872 exprimendo
1843 2818 2062 2873 quantum

247 2882 509 2930 stimuletur
536 2883 734 2930 stimulis
772 2883 1048 2944 praeceptori
1086 2883 1217 2936 datis,
1257 2890 1309 2929 ut
1345 2898 1370 2929 a
1394 2883 1604 2934 Buschio,
1643 2882 1922 2930 parisienses
1951 2899 2062 2946 quo-

245 2968 334 3017 que
372 2962 419 3003 et
455 2956 581 3017 ipsos
619 2954 900 3017 Lipsienses,
941 2956 1018 3017 qui
1060 2961 1206 3002 tamen
1244 2954 1407 3001 melius
1446 2954 1683 3002 stimulare
1722 2956 2063 3016 possunt,‘sti-

245 3025 467 3078 mulante,
517 3033 563 3073 et
599 3033 651 3073 ut
688 3026 944 3073 restimulet
980 3026 1273 3080 adhortatur;
1324 3040 1426 3073 sese
1464 3040 1649 3087 quoque
1685 3026 1927 3074 Buschium
1967 3043 2061 3074 car-

245 3098 366 3145 mine
403 3097 662 3146 stimulasse
701 3105 746 3144 et
784 3100 1022 3146 occasione
1061 3099 1162 3146 data
1201 3099 1367 3146 fortius
1407 3097 1745 3145 stimulaturum
1785 3112 1898 3145 esse.

109 3196 193 3251 33.
233 3194 639 3246 Mammotreetus
687 3194 1110 3250 Buntemantellus
1159 3195 1362 3246 Ortvino
1412 3196 1597 3247 Gratio.
1747 3211 1806 3246 ex
1851 3195 2059 3262 Ileydel-

443 3266 616 3332 bergo.
711 3305 2052 3318 ................

245 3340 355 3388 Post
379 3340 610 3389 laudatum
637 3341 807 3389 Ortvini
834 3343 1064 3404 poeticum
1103 3344 1334 3403 ingenium
1374 3341 1458 3389 sub
1498 3342 1584 3388 fide
1620 3341 1925 3390 confessionis
1951 3346 2061 3390 scri-

246 3418 355 3474 ptor
391 3415 562 3475 aperit,
613 3428 746 3476 quam
786 3415 944 3461 insano
984 3429 1138 3461 amore
1177 3429 1284 3475 erga
1323 3414 1675 3475 Margaretbam,
1725 3418 2060 3475 campanatoris

248 3482 396 3536 filiam,
435 3484 626 3537 laboret,
666 3500 688 3531 a
729 3501 814 3547 qua
853 3500 936 3532 cur
973 3486 1182 3533 similiter
1219 3486 1356 3533 amari
1396 3486 1549 3533 credat
1588 3492 1769 3532 enarrat
1805 3501 1855 3532 ac
1890 3486 1942 3532 de
1971 3502 2059 3532 me-

250 3554 503 3603 dicamento
544 3556 673 3618 Gyni,
713 3571 735 3603 a
775 3557 964 3604 doctore
989 3558 1203 3605 Brunello
1245 3558 1481 3619 imperato,
1522 3556 1780 3604 adcuratius
1809 3558 1965 3608 refert.
2005 3558 2059 3604 ab

247 3625 429 3674 Ortvino
468 3635 619 3675 autem
657 3629 926 3676 amatorium
965 3630 1212 3676 remedium
1240 3631 1425 3691 expetit.

38 3792 41 3793 7
109 3724 190 3776 34.
230 3721 459 3774 Ortvinus
497 3724 693 3776 Gratius
730 3725 1118 3776 Mammotrecto.
1276 3742 1334 3776 ex
1374 3724 1575 3776 Colonia
1625 3743 1651 3776 e
1701 3726 1848 3777 domo
1897 3726 1941 3775 d.
1985 3725 2057 3774 10-

443 3797 584 3846 annis
622 3796 946 3848 l'fefferkorn.
1245 3837 1255 3848 .
1334 3836 1343 3847 .
1423 3838 1432 3848 .
1511 3837 1520 3847 .
1599 3837 1608 3847 .
1687 3837 1698 3848 .
1775 3837 1785 3848 .
1863 3836 1873 3846 .
1953 3836 1961 3846 .

248 3867 458 3917 Ortvinus
498 3877 698 3932 apertam
726 3871 906 3934 quidem
934 3872 1260 3921 Mammotrecti
1289 3872 1625 3919 confessionem
1654 3871 1820 3923 laudat,
1861 3871 2060 3932 graviter

247 3947 393 3987 autem
421 3942 713 4003 reprehendit
740 3951 973 4005 peccatum
1001 3944 1175 3991 amandi
1202 3944 1554 4005 Margaretham,
1597 3951 1755 3991 contra
1783 3943 1904 4004 quod
1933 3957 2056 3989 sacra

2206 257 2268 297 IX

2185 391 2276 435 Pag,

2046 1172 2056 1183 .
2133 1141 2279 1184 43.44

2136 1458 2276 1501 45.46

2042 1958 2053 1968 .
2116 1924 2279 1968 46...48

2133 2743 2279 2787 48.49

2117 3275 2269 3318 4st„51

2041 3837 2049 3845 .
2112 3802 2270 3844 5L„53
