2456 4264
183 241 302 299 470
823 263 1149 293 Hocns'rRATvs
1172 263 1320 292 OVANS
1341 262 1589 292 DIALOGVS.

180 405 310 460 potes
347 411 572 447 essemus,
611 403 657 442 et
694 395 1064 456 quemadmodum
1103 394 1259 455 fragor
1296 394 1497 440 fulminis
1534 394 1774 441 incidentis
1811 398 1858 442 in
1896 402 2015 444 tecta
2051 398 2093 444 ei
2121 398 2197 459 qui
2225 398 2308 445 sub

138 471 150 483 ⁶
179 471 248 515 his
295 469 480 518 dormit,
539 479 692 511 omnes
738 465 899 510 somnii
946 467 1118 526 species
1165 465 1397 515 obliterat,
1455 466 1517 510 ita
1561 465 1692 511 nobis
1739 467 2061 526 cogitationem
2107 469 2310 516 vincendi

68 750 97 791 §.
106 753 159 789 22.

64 1523 94 1563 §.
106 1524 159 1562 23.

63 2440 157 2482 §.24.

178 538 512 585 subtilissimam
550 543 654 582 tuus
693 535 879 581 extinxit
916 537 1181 596 grunnitus,
1219 549 1274 580 ne
1310 535 1501 594 vestigio
1541 536 1720 595 quidem
1756 536 1825 583 vel
1862 538 1987 584 tenui
2023 539 2200 585 relicto.

314 619 597 655 vaonnvs.
670 605 809 661 Quam
846 606 957 651 nihil
995 606 1208 656 interest,
1256 619 1311 651 an
1360 619 1521 666 pecces
1559 606 1872 667 intempestiva
1909 607 2216 656 benevolentia
2255 625 2307 655 an

176 678 421 725 simultate!
2133 722 2138 731 ,
2330 691 2350 722 5

315 759 458 795 ans.
531 746 659 792 Certe
697 747 904 807 equidem
941 746 1161 794 moliebar
1197 747 1354 796 utilem
1393 746 1517 793 vobis
1556 761 1739 809 operam
1775 763 1959 800 navare,
1998 757 2044 796 et
2079 765 2212 797 secus
2237 766 2310 797 ce·

175 819 303 871 cidit;
342 832 440 863 sum
479 823 603 863 extra
639 831 824 870 noxam,
864 818 902 863 si
939 818 1135 864 animum
1174 824 1367 878 spectes.
1409 818 1570 878 ecquid
1605 819 1775 880 igitur?
1824 834 1931 866 num
1966 823 2199 881 posterior
2235 836 2310 868 co-

175 890 332 950 gitatio
370 888 550 935 eandem
587 889 787 934 vincendi
824 888 1042 935 rationem
1079 889 1242 950 iterum
1278 890 1624 949 pervestigavit?
1910 929 1916 935 .

312 971 702 1006 HooHsTRATvs.
773 959 888 1005 Nihil
925 961 1096 1006 minus:
1134 973 1316 1005 necesse
1354 959 1489 1005 habui
1525 960 1754 1021 vulgatam
1779 961 1985 1008 incedere
2009 962 2138 1013 viam,
2176 977 2310 1023 agere

174 1029 319 1075 literis
356 1030 755 1088 commendatitiis,
794 1032 995 1091 pecuniis
1033 1030 1117 1076 niti
1155 1036 1200 1076 et
1237 1029 1556 1090 largitionibus
1593 1031 1867 1083 immodicis,
1904 1038 1956 1078 ut
1991 1047 2165 1093 magnae
2204 1040 2309 1079 sunt
2329 1043 2367 1074 ιο

174 1114 282 1162 opes
319 1100 449 1146 nobis
487 1100 724 1151 mendicis,
774 1107 909 1161 atque
957 1102 1181 1147 mendacia
1219 1107 1393 1146 struere
1431 1107 1590 1147 contra
1624 1102 1875 1155 insontem,
1925 1118 2024 1164 quae
2062 1117 2153 1149 non
2189 1105 2311 1149 inso-

173 1171 271 1217 lens
308 1177 444 1232 atque
480 1172 685 1232 imperite
722 1171 937 1223 confinxi,
976 1178 1111 1234 atque
1147 1172 1262 1218 haud
1301 1171 1544 1218 difficulter
1579 1173 1749 1219 credita
1787 1174 1893 1219 sunt
1928 1173 2310 1220 Romanensibus:

175 1256 275 1288 nam
312 1256 365 1288 ex
402 1243 547 1288 animo
586 1241 768 1288 illorum
805 1242 996 1289 conficta
1033 1249 1182 1294 erant,
1232 1243 1451 1304 siquidem
1488 1243 1758 1304 iniquissimi
1797 1250 1903 1290 sunt
1939 1245 2147 1292 omnibus
2186 1245 2311 1305 inge-

175 1314 260 1358 niis
298 1313 569 1364 Germaniae,
617 1313 738 1372 quod
775 1314 958 1359 nimium
996 1316 1122 1360 anxie
1158 1313 1322 1359 Christi
1360 1314 1569 1374 dogmata
1614 1314 1886 1375 suscipiant,
1932 1314 2131 1376 explosis
2167 1317 2311 1362 homi-

175 1397 280 1428 num
317 1384 603 1435 commentis,
645 1389 852 1444 tanquam
891 1383 1248 1431 adulterantibus
1285 1387 1603 1445 synceritatem
1639 1385 1896 1446 religionis,
1936 1401 2038 1447 quae
2075 1400 2148 1432 res
2185 1396 2365 1447 quae-¹5

177 1460 296 1499 stum
335 1453 422 1500 illis
463 1454 647 1505 avertit,
686 1461 732 1500 et
768 1454 822 1500 ad
860 1469 985 1516 spem
1022 1455 1281 1515 reparandae
1319 1455 1541 1501 libertatis
1580 1455 1859 1503 Germaniam
1897 1457 2086 1508 excitat,
2124 1471 2312 1518 oppres-

178 1538 270 1569 sam
319 1525 491 1584 aliquot
540 1524 702 1570 seculis
750 1525 860 1571 dura
909 1526 1142 1586 tyrannide
1190 1525 1453 1586 pontificum
1488 1527 1809 1573 Romanorum.
1872 1534 2015 1575 totam
2050 1528 2165 1575 hanc
2202 1528 2312 1574 invi·

172 1594 288 1639 (liam
325 1596 369 1640 in
406 1610 543 1640 unum
581 1595 851 1656 Capnionem
889 1596 1082 1647 contuli,
1133 1603 1343 1657 tanquam
1380 1597 1434 1642 ad
1470 1597 1641 1643 sontem
1678 1604 1724 1643 et
1760 1605 1896 1659 caput
1939 1599 2068 1651 mali,
2118 1605 2162 1645 at
2199 1600 2312 1645 veri-

173 1665 338 1711 similia
373 1667 544 1716 omnia,
595 1680 755 1727 nempe
794 1681 952 1727 agmen
991 1669 1088 1712 eius
1127 1667 1298 1713 ordinis
1336 1667 1555 1728 erupisse,
1593 1674 1834 1729 postquam
1872 1683 1985 1730 ego,
2034 1670 2311 1716 fortissimus

173 1735 412 1781 Rhomanae
451 1738 691 1796 potestatis
728 1737 930 1795 satelles,
979 1739 1173 1798 primum
1210 1737 1426 1798 impetum
1465 1740 1510 1784 in
1547 1738 1625 1784 illo
1663 1739 1890 1801 confregi,
1939 1741 2017 1801 qui
2055 1740 2172 1786 solet
2209 1754 2310 1786 esse
2326 1748 2369 1781 20

172 1808 439 1858 acerrimus,
486 1807 710 1852 exeruisse
755 1808 962 1853 literatos
1009 1810 1180 1868 capita,
1227 1822 1310 1854 ceu
1358 1816 1548 1869 tyranno
1596 1809 1793 1870 graviter
1828 1812 2088 1857 imminente
2124 1825 2312 1857 excusso

173 1876 388 1922 redditam
425 1876 700 1928 libertatem,
742 1878 989 1938 quemlibet
1027 1878 1198 1938 quidvis
1237 1885 1284 1924 et
1318 1879 1484 1925 dixisse
1521 1885 1567 1926 et
1603 1880 1866 1940 scripsisse;
1903 1895 2053 1942 neque
2078 1895 2148 1928 me
2173 1895 2312 1928 unum

174 1952 309 1992 tantae
347 1947 454 1993 moli
491 1948 765 1995 sustinendae
801 1949 1034 1999 idoneum,
1083 1951 1343 1995 convocatis
1392 1951 1525 1996 etiam
1562 1950 1741 1997 auxiliis
1776 1951 2109 1999 Coloniensium
2148 1958 2193 1998 et
2229 1952 2314 1998 Lo-

173 2018 448 2063 vaniensium
490 2018 830 2078 theologorum,
870 2019 1083 2066 fidissima
1123 2020 1300 2081 quidem
1339 2020 1538 2067 subsidia
1575 2027 1684 2067 sunt
1719 2021 1915 2074 abillis,
1954 2023 2032 2069 sed
2057 2022 2312 2074 imbecillia,

173 2102 272 2147 quae
309 2088 549 2134 mediocris
586 2091 718 2135 etiam
757 2090 952 2136 eruditio
990 2090 1076 2136 levi
1114 2090 1303 2137 articulo
1342 2091 1542 2152 repellit;
1591 2094 1638 2138 in
1685 2092 1843 2140 ducem
1888 2094 2026 2140 huius
2075 2094 2308 2145 tumultus,
2326 2101 2368 2133 25

172 2158 465 2219 Capnionem‚
505 2160 674 2206 edenda
713 2160 807 2207 dira
845 2161 1043 2222 exempla
1080 2162 1134 2207 ad
1170 2162 1410 2208 terrendos
1448 2162 1585 2214 alios,
1622 2162 1870 2210 Lutherum
1907 2165 2098 2226 periisse
2132 2165 2312 2226 perdito

170 2224 272 2278 illo,
322 2243 468 2290 neque
506 2231 746 2277 verendum
783 2246 839 2277 ne
876 2234 1121 2293 posteritas
1159 2232 1349 2279 fraenum
1387 2233 1588 2286 abiiciat,
1637 2236 1960 2295 superstitione
1998 2242 2204 2283 servante
2242 2249 2314 2281 ex·

171 2299 324 2345 cubias
362 2301 408 2345 in
444 2302 659 2347 utramvis
697 2316 849 2348 aurem
887 2303 1195 2349 dormiendum
1234 2304 1497 2356 Rhomanis,
1544 2304 1747 2366 nihilque
1794 2321 1932 2367 posse
1978 2321 2086 2354 sana
2133 2307 2312 2358 iudicia,

175 2384 365 2430 quorum
403 2371 513 2416 mira
553 2372 705 2419 futura
744 2373 804 2419 sit
840 2374 1068 2435 paucitas,
1118 2375 1295 2435 quando
1332 2375 1512 2436 ingenia
1550 2377 1616 2422 rei
1653 2375 1862 2423 familiari
1901 2392 2034 2438 quam
2071 2378 2215 2424 literis
2253 2379 2314 2424 ita

176 2441 445 2502 contemptis
494 2443 732 2489 maluerint
779 2445 1023 2490 studuisse.
1095 2445 1382 2492 Reverendus
1428 2452 1558 2507 pater
1605 2446 1798 2494 Thomas
1843 2448 1899 2494 de
1947 2449 2027 2495 Vio
2075 2448 2311 2505 Caietanus
2327 2454 2368 2487 30

170 2510 436 2562 Cardinalis,
477 2513 552 2573 qui
591 2514 864 2574 pontificiam
902 2522 1170 2576 potestatem
1209 2516 1312 2577 plus
1351 2531 1483 2578 quam
1521 2531 1678 2564 omnes
1714 2518 1957 2580 Augustini
1994 2520 2048 2565 de
2085 2520 2314 2570 Anchona,

173 2595 306 2641 quam
344 2596 500 2628 omnes
525 2582 696 2635 Alvari,
734 2585 836 2646 plus
863 2601 996 2646 quam
1031 2589 1238 2633 universa
1278 2587 1408 2634 turba
1433 2588 1775 2636 canonistarum
1811 2590 2096 2650 impudenter
2131 2590 2315 2638 adulan-

172 2651 307 2702 tium,
359 2665 411 2698 eo
449 2653 601 2699 libello
641 2669 773 2715 quem
812 2656 879 2701 ‘de
916 2663 1143 2717 potestate
1181 2658 1342 2704 summi
1389 2658 1628 2720 pontificis'
1674 2662 1930 2722 inscripsit,
1982 2660 2144 2707 extulit
2179 2661 2314 2721 longe

171 2736 309 2782 super
333 2722 539 2770 Petrum:
576 2739 675 2771 nam
713 2728 759 2772 in
797 2727 982 2787 angelos
1019 2730 1256 2789 imperium
1293 2743 1502 2776 exercere
1540 2737 1587 2776 et
1623 2731 1812 2778 miseras
1848 2732 2018 2778 animas
2053 2732 2313 2779 catervatim

172 2793 226 2838 ad
264 2793 433 2840 inferos
469 2809 553 2855 pro
592 2795 775 2843 libidine
812 2797 1030 2844 deducere
1069 2800 1353 2847 sanctissimo
1401 2801 1583 2847 domino
1630 2809 1790 2849 nostro
1838 2803 2022 2864 impune
2071 2803 2307 2864 permittit,
2326 2807 2368 2840 35

171 2862 386 2924 illumque
431 2869 696 2925 pronuntiat
742 2870 975 2915 anathema
1022 2883 1121 2916 esse
1167 2872 1243 2931 qui
1281 2872 1443 2917 audeat
1489 2872 1558 2918 vel
1607 2873 1782 2920 hiscere
1827 2881 2008 2927 contra;
2057 2888 2313 2936 quanquam

172 2933 243 2978 alii
281 2941 542 2981 constanter
579 2939 704 2984 aiunt
739 2939 843 2986 hinc
879 2939 1115 3000 praebitam
1154 2955 1307 2988 ansam
1345 2941 1541 3003 ingeniis
1579 2943 1916 2996 Germanorum,
1956 2959 2058 3006 quae
2084 2951 2312 3006 pastorem

283 3082 303 3109 ²
333 3087 501 3139 speties
535 3089 577 3128 3.
607 3087 703 3141 spes
734 3092 757 3128 1
860 3088 897 3115 ²⁰
924 3091 1141 3132 Romanae
1174 3095 1270 3137 3.4.
1364 3091 1401 3120 ²⁸
1433 3086 1510 3135 ἐπ’
1539 3086 1789 3149 ἀμφότερα
1818 3088 2086 3139 καθεύδειν
2114 3091 2173 3138 τοὶ
2202 3085 2313 3139 ὦτα.

172 3156 328 3196 Pollae.
351 3156 411 3198 II.
433 3155 502 3201 84.
533 3157 603 3201 Cf.
625 3161 762 3202 Plane.
784 3161 996 3204 Pseudul.
1019 3163 1056 3202 I.
1080 3162 1201 3213 1,121.
1289 3162 1326 3190 ³⁰
1354 3165 1412 3205 R.
1433 3164 1483 3206 P.
1507 3166 1605 3207 edd.
1693 3166 1925 3217 „Thomas
1955 3167 2012 3207 de
2040 3167 2144 3218 vio,
2177 3181 2204 3208 a
2233 3181 2313 3221 pa-

173 3224 284 3275 tria,
320 3239 424 3266 arce
455 3228 586 3280 regni
614 3229 911 3283 Neapolitani
942 3232 1000 3272 ad
1030 3246 1154 3275 mare
1186 3234 1468 3287 Tyrrhenum
1499 3236 1605 3289 sita,
1639 3236 1806 3290 dictus,
1837 3241 1973 3279 natus
2004 3250 2046 3278 a.
2070 3236 2193 3279 1469.
2217 3238 2312 3279 ord.

173 3295 531 3338 Praedicatorum
567 3299 616 3339 in
656 3305 884 3343 conventu
915 3301 1161 3356 Caietano,
1202 3305 1322 3346 unde
1354 3305 1571 3347 Caietani
1609 3319 1883 3361 cognomen,
1924 3320 1967 3348 a.
1991 3307 2115 3349 1491.
2146 3310 2316 3350 Lector

175 3365 341 3405 artium
371 3366 573 3419 Patavii,
604 3374 707 3422 post
727 3371 950 3425 Magister
970 3374 1235 3428 Theologiae
1257 3377 1445 3427 Brixiae,
1477 3377 1633 3418 Ticini
1665 3380 1712 3418 et
1731 3378 1889 3419 Romae
1918 3378 2090 3432 docuit,
2123 3393 2164 3420 a.
2190 3379 2312 3423 1517.

174 3434 434 3476 Cardinalis
463 3437 533 3478 tit.
566 3438 609 3478 S.
634 3439 772 3493 sixti,
814 3443 943 3483 varia
982 3448 1125 3485 coetus
1164 3447 1235 3486 sui
1273 3438 1461 3501 negotia
1500 3449 1647 3501 gessit
1678 3452 1724 3489 et
1755 3461 1796 3489 a.
1821 3447 1942 3490 1534.
1974 3450 2130 3491 obiit”.
2180 3451 2310 3502 Haec,

173 3519 230 3549 ne
268 3505 399 3558 plura
437 3506 492 3546 de
531 3509 768 3551 notissimo
798 3511 1001 3565 homine,
1041 3528 1097 3555 ex
1126 3517 1315 3558 Fabricii
1343 3518 1454 3559 bibl.
1477 3519 1583 3562 Lat.
1617 3519 1733 3559 med.
1768 3522 1815 3560 et
1844 3520 1929 3560 inf.
1951 3523 2029 3560 aet.
2048 3520 2124 3561 VI.
2146 3534 2191 3574 p.
2214 3519 2310 3563 739.

170 3573 207 3601 ³¹
238 3574 428 3617 Ancona
449 3579 489 3617 4.
521 3577 801 3631 Augustinus
823 3582 1110 3637 TriumphuS,
1141 3585 1477 3636 Anconitanus,
1511 3590 1605 3630 ord.
1625 3589 1891 3642 Augustin.,
1924 3589 2047 3630 inter
2076 3590 2172 3630 alia
2200 3591 2314 3630 scri·

172 3647 267 3699 psit
286 3645 513 3688 Summam
534 3647 590 3688 de
607 3649 841 3701 ‘potestate
874 3653 1210 3697 ecclesiastica.
1242 3655 1274 3710 †
1295 3671 1337 3701 a.
1362 3657 1484 3699 1328.
1508 3659 1882 3713 archiepiscopus
1904 3660 2171 3701 Nazarenus
2191 3661 2310 3701 Nea-

173 3716 280 3770 poli,
315 3719 390 3757 aet.
414 3730 456 3758 a.
477 3716 546 3758 85.
580 3718 649 3759 cf.
672 3720 840 3761 Fabric.
864 3721 893 3761 1.
919 3735 956 3764 c.
980 3724 1016 3765 Ι.
1037 3737 1082 3776 p.
1105 3724 1201 3768 401.
1223 3739 1289 3779 sq.
1349 3725 1385 3751 ³2
1413 3726 1594 3783 Alvari]
1627 3732 1736 3781 puto
1767 3730 1823 3770 de
1853 3729 2049 3783 Pelagio
2079 3729 2187 3782 dici,
2220 3730 2309 3770 dis-

176 3787 327 3840 cipulo
349 3789 443 3831 Ioa.
467 3788 607 3840 Scoti,
633 3790 724 3830 ord.
748 3790 926 3839 Minor„
948 3793 1134 3834 Ioannis
1155 3796 1246 3835 ΡΡ.
1267 3797 1413 3837 XXII.
1436 3799 1799 3851 paenitentiario,
1824 3800 2019 3841 Summae
2041 3799 2096 3840 de
2117 3798 2311 3852 planctu

175 3858 387 3899 ecclesiae
420 3862 621 3903 auctore.
654 3858 725 3900 Cf.
747 3860 920 3902 Fabric.
942 3861 973 3902 1.
996 3876 1036 3903 c.
1059 3864 1095 3904 Ι.
1118 3878 1161 3916 p.
1183 3863 1279 3905 202.
1302 3878 1368 3918 sq.
