2456 4264
951 316 1171 346 vonvlmn
1194 317 1416 349 Tssnrlvx.
2147 293 2268 352 529

0 511 2 514 v
110 461 214 494 mox
249 445 407 494 edebis
442 448 491 493 in
527 446 702 500 lumen.
741 453 883 510 prout
919 449 1107 502 dicitur,
1147 456 1275 511 ‘gens
1312 451 1357 496 in
1397 449 1596 496 tenebris
1631 450 1744 496 vidit
1768 464 1979 511 magnum
2005 452 2188 505 lumen'.
2226 460 2274 500 et

0 547 4 580 ἰ
109 530 197 578 ego
233 516 550 564 libentertibi
595 520 958 581 respondissem,
1009 522 1047 567 si
1091 522 1372 582 potuissem,
1420 521 1526 583 quia
1573 523 1619 567 in
1667 529 1825 570 nostra
1869 523 2070 571 nundina
2116 538 2272 571 omnes

0 590 10 600 “
109 602 219 636 meae
256 595 392 635 terrae
429 588 637 635 homines
674 603 745 636 me
782 591 1026 638 visitabant
1063 593 1108 639 in
1145 606 1310 652 magno
1348 606 1561 644 numero,
1601 599 1648 638 et
1685 607 1770 655 ego
1808 607 1899 640 non
1937 601 2143 656 poteram
2180 595 2271 642 illis

0 710 3 729 μ
108 659 208 706 fleri
246 670 372 711 sors,
408 661 499 706 nisi
538 661 717 721 quando
755 662 954 709 nundina
991 670 1091 709 erat
1127 662 1267 709 finita.
1341 662 1429 710 Sed
1466 665 1572 724 quia
1609 664 1696 709 iam
1735 664 1869 711 habui
1906 665 2021 712 duos
2058 666 2155 713 dies
2191 666 2273 713 bo-

0 743 5 786 ῥ
74 744 218 778 snum
253 731 419 781 otium,
466 743 521 777 eo
560 727 837 792 cogitantius
875 732 996 779 volui
1034 734 1331 795 respondere.
1403 734 1460 780 Et
1497 748 1604 780 sane
1642 735 1850 796 profecto
1888 736 2120 796 gratulor.
2169 739 2274 798 quia

0 790 10 849 i
107 809 199 848 tam
236 801 381 849 audax
416 801 569 853 suisti,
608 804 677 848 uti
713 802 892 855 dicitur,
932 804 1130 850 ‘audacia
1167 804 1337 852 multos
1374 807 1421 851 in
1458 805 1705 867 perniciem
1742 806 1967 858 detrusit'.
2006 814 2052 854 et
2089 808 2273 854 voluisti

0 853 11 925 i
105 872 241 920 simul
279 872 481 920 seribere
516 879 609 919 tam
646 873 832 934 elegans
868 874 1061 926 librum.
1110 890 1163 922 ex
1201 890 1292 937 quo
1332 882 1404 922 tot
1439 878 1557 922 vires
1605 876 1728 923 docti
1775 877 2113 939 prorepebunt‚
2161 886 2274 941 quot

105 945 267 992 armati
290 944 460 993 milites
485 956 539 991 ex
575 951 734 991 ventro
772 945 883 1009 equi!
916 946 1096 992 Troiani
1123 946 1444 1009 prorepebant.
1514 946 1654 993 Nemo
1692 949 1811 994 enim
1847 956 1978 995 antea
2015 956 2105 996 tam
2142 964 2274 997 accu-

0 1038 14 1066 ι,
105 1024 263 1063 ranter
305 1017 462 1068 scivit,
507 1015 628 1062 unde
665 1030 824 1062 omnes
860 1029 995 1062 voces
1033 1017 1123 1064 huc
1157 1019 1388 1069 venirent,
1436 1024 1482 1063 et
1517 1018 1627 1079 quid
1660 1025 1752 1070 est,
1801 1019 1856 1065 ad
1894 1021 2146 1082 exemplum
2195 1022 2274 1066 ‘vi-

0 1071 7 1138 l
56 1098 96 1130 ιο
111 1087 221 1140 deo.
259 1087 372 1139 edo,
418 1086 556 1134 bibo’.
628 1086 685 1133 Et
721 1094 792 1134 est
827 1087 1117 1139 miraculum.
1168 1089 1292 1150 quod
1336 1090 1541 1135 homines
1590 1095 1787 1150 possunt
1832 1091 2007 1142 vivere,
2059 1094 2136 1153 qui
2187 1092 2273 1138 ista

0 1139 10 1198 l
105 1173 199 1205 non
236 1159 411 1205 sciunt:
449 1157 573 1220 quod
611 1158 769 1205 ‘video’
793 1165 864 1205 est
900 1173 1003 1206 cum
1041 1159 1176 1206 oculo
1213 1167 1374 1222 aperto
1411 1173 1507 1206 rem
1545 1158 1740 1221 aliquem
1766 1162 1993 1222 percipio,
2034 1169 2080 1209 et
2106 1162 2272 1210 ‘credo’

0 1202 8 1257 l
106 1229 230 1292 quod
254 1236 327 1276 est
350 1244 580 1292 praesens:
619 1229 723 1292 quia
749 1244 1074 1292 nonnunquam
1111 1245 1202 1278 non
1240 1231 1466 1277 credimus
1505 1230 1641 1283 illud,
1682 1231 1805 1292 quod
1841 1246 1933 1279 non
1959 1233 2183 1286 videmus:
2221 1233 2275 1279 Et

0 1269 8 1361 l
107 1300 232 1362 quod
268 1301 418 1348 ‘edere
454 1308 502 1349 et
537 1300 705 1348 hibere'
741 1303 803 1348 sit
841 1300 993 1348 cibum
1040 1308 1086 1347 et
1133 1308 1294 1364 potum
1339 1315 1421 1363 per
1470 1316 1592 1349 orem
1644 1302 1870 1364 accipere,
1919 1310 1964 1349 et
2011 1318 2094 1365 per
2141 1317 2274 1365 opem

0 1381 2 1389 ’
106 1372 302 1435 linguae,
350 1379 564 1434 tanquam
611 1372 754 1434 spadii
801 1372 870 1419 vel
918 1374 1147 1434 spatonis·,
1198 1372 1394 1435 sepelire
1439 1373 1486 1419 in
1524 1373 1814 1435 sepulchrum
1852 1376 2084 1421 stomachi.
2159 1375 2275 1420 Ante

0 1423 12 1524 ᾗ
58 1455 95 1486 ιε»
111 1443 262 1493 omnia
296 1456 408 1491 vero
443 1443 554 1491 mihi
592 1443 720 1490 valde
758 1444 871 1491 hene
908 1444 1059 1506 placet
1096 1444 1371 1506 originantia
1406 1446 1610 1496 vocium.
1650 1459 1763 1506 quas
1801 1445 1960 1497 doces,
2000 1460 2054 1492 ex
2093 1460 2183 1507 quo
2213 1446 2275 1491 vi·

106 1515 287 1570 demus,
326 1514 458 1578 quod.
474 1515 631 1576 lingua
654 1522 817 1562 nostra
841 1516 1101 1563 Germanica
1129 1523 1200 1562 est
1227 1517 1346 1563 sicut
1371 1515 1496 1562 dives
1521 1530 1657 1578 penu,
1696 1529 1749 1562 ex
1775 1531 1865 1578 quo
1893 1530 2051 1564 omnes
2078 1516 2176 1563 aliae
2202 1532 2276 1563 vo-

104 1599 183 1633 ces
222 1593 435 1648 tanquam
472 1599 525 1633 ex
561 1587 676 1633 cista
700 1585 970 1634 claustraria
996 1593 1043 1634 et
1067 1602 1209 1635 corno
1236 1588 1468 1649 copiarum
1494 1593 1690 1650 possunt
1723 1587 1890 1634 afferri.
1960 1587 2069 1634 Nam
2097 1588 2275 1649 quando

0 1629 10 1704 l
105 1671 191 1704 nos
227 1657 489 1705 Germanice
533 1657 724 1705 dicimus
763 1658 879 1706 ‘eine
917 1655 1098 1711 Gurke’,
1146 1665 1257 1706 tunc
1291 1658 1480 1706 Latinus
1527 1659 1660 1711 dicit,
1711 1660 1956 1711 ‘cucumis’‚
2006 1659 2135 1722 quasi
2185 1666 2277 1705 ‘cu-

0 1751 9 1831 k
104 1730 294 1782 cumist.
331 1729 671 1782 cucumistieri'.
718 1744 743 1776 a
780 1729 1046 1778 Germanico
1085 1730 1338 1781 ‘Kuhmist'.
1388 1737 1435 1777 et
1473 1730 1539 1778 sic
1575 1730 1743 1776 dicitur
1780 1733 2006 1783 cucumis,
2055 1731 2159 1792 quia
2197 1745 2276 1777 cu-

47 1810 260 1848 aocumes
295 1799 495 1848 libenter
530 1808 744 1848 crescunt
781 1809 826 1848 et
864 1801 980 1848 fiunt
1015 1803 1166 1862 magni
1202 1803 1249 1848 in
1287 1801 1478 1848 Kumist.
1553 1800 1741 1859 Quando
1781 1809 1931 1848 autem
1970 1801 2137 1848 dicitur
2172 1801 2276 1847 ‘Ku-

0 1834 12 1960 ξ
105 1871 282 1925 kumis’,
330 1878 377 1919 et
411 1871 482 1919 bis
518 1873 615 1920 vice
651 1872 842 1935 ponitur
876 1873 1049 1935 syllaba
1085 1872 1179 1928 Ku,
1219 1879 1327 1920 tunc
1366 1871 1478 1919 illud
1514 1887 1599 1934 pro
1638 1886 1764 1919 more
1802 1880 1970 1920 sanctae
2007 1873 2175 1933 linguae
2216 1874 2277 1918 si-

0 1961 12 1988 r
105 1942 294 2006 gnificat
325 1943 679 1997 multitudinem,
720 1952 767 1992 et
804 1944 927 2007 quod
964 1959 1057 1991 non
1094 1944 1256 1990 debeat
1294 1945 1445 1991 omitti
1482 1943 1616 1990 fimus
1655 1958 1799 1991 vaccae
1838 1946 1883 1990 in
1921 1943 2000 1990 illo
2037 1943 2155 1995 loco,
2195 1941 2272 1990 ubi

0 1989 14 2055 l
105 2028 318 2062 cucumoe
343 2014 520 2062 'debent
556 2029 786 2063 crescere:
834 2015 943 2062 Nam
982 2016 1164 2078 quando
1202 2015 1367 2062 habere
1404 2015 1612 2062 volumus
1650 2015 1769 2077 apud
1808 2021 2011 2078 tempora
2048 2029 2272 2066 cucumes⁴

0 2073 7 2160 ξ
106 2094 217 2134 tunc
251 2093 437 2150 oportet
471 2087 665 2134 multum
703 2087 856 2134 fimum
893 2103 1039 2135 vaccae
1077 2087 1252 2134 addere.
1327 2086 1539 2134 Profecto
1577 2101 1664 2147 ego
1703 2086 1872 2133 suadeo
1910 2086 2185 2138 valdissime.
2225 2094 2277 2132 ut

0 2170 5 2175 ·
50 2168 94 2199 ‘²⁵
111 2159 231 2206 bunc
266 2165 395 2206 tuum
432 2157 598 2206 librum
636 2159 764 2211 edas,
814 2166 922 2206 tunc
969 2161 1089 2206 enim
1136 2158 1254 2220 apud
1299 2158 1484 2204 doctum
1532 2159 1747 2204 mundum
1795 2172 2006 2218 magnum
2053 2157 2274 2203 honorem

2 2231 5 2235 ’
108 2228 320 2282 habebis.
357 2237 407 2278 et
461 2269 465 2273 .

454 2316 636 2365 semper
672 2302 845 2354 honos,
883 2315 1142 2364 nomenque
1182 2308 1337 2353 tuum.
1375 2300 1625 2362 laudesque
1663 2299 1924 2346 manebunt.

107 2372 224 2422 Vale.

1150 2524 1229 2577 10.

47 2662 89 2697 su
247 2645 477 2710 Tympana
513 2645 791 2694 horrendum
829 2658 911 2707 per
948 2644 1121 2706 plateas
1159 2644 1368 2691 Parnassi
1406 2642 1705 2696 resonabant,
1754 2656 2071 2704 campanarum
2110 2643 2275 2704 strepi·

107 2702 181 2765 tus
217 2717 433 2766 omnibus
468 2725 516 2765 et
553 2717 747 2779 singulis
783 2718 1022 2764 horrorem
1063 2714 1324 2767 incutiebat,
1362 2713 1621 2761 Bombardae
1659 2714 1853 2760 maiores
1891 2715 1936 2761 in
1976 2712 2091 2760 vallo
2120 2715 2277 2775 ingen-

108 2796 197 2836 tem
236 2788 464 2851 fragorem
501 2789 718 2840 edebant,
769 2794 988 2849 totusque
1026 2787 1274 2834 Parnassus
1321 2785 1374 2832 ad
1421 2800 1543 2832 arma
1580 2785 1825 2839 clamabat,
1874 2785 2109 2837 currebat.
2157 2785 2275 2831 vide-

107 2860 362 2924 banturque
397 2860 487 2908 ima
526 2874 574 2908 se
611 2862 803 2908 miscere
843 2858 1103 2922 profundis:
1142 2857 1268 2905 Plato
1308 2856 1491 2905 barbam
1530 2857 1741 2903 dentibus
1780 2857 1991 2903 mordens
2030 2855 2157 2902 vultu
2184 2870 2274 2902 non

107 2931 219 2979 adeo
255 2931 447 2985 blando,
498 2931 654 2993 lingua
705 2939 855 2979 tamen
904 2930 1166 2977 facundiore
1217 2930 1385 2991 primas
1434 2928 1520 2975 sibi
1559 2943 1653 2990 prm
1692 2928 1938 2974 Aristotele
1978 2928 2156 2987 ingrato
2195 2941 2272 2973 cu·

49 3001 231 3055 ascullo
257 3003 449 3056 debere,
486 3003 845 3054 vociferabatur,
886 3000 1204 3049 contendebat.
1281 3000 1367 3046 Sed
1407 3000 1510 3047 ‘huc
1547 3000 1732 3051 adeste'.
1772 2999 2012 3061 plusquam
2040 3005 2273 3045 stentorea

7 3072 13 3089 “’
107 3089 215 3122 voce
251 3074 522 3122 audiebatur
556 3075 853 3126 Aristoteles,
903 3073 1028 3130 ‘Quis
1066 3087 1135 3118 me
1175 3071 1318 3118 maior
1355 3071 1560 3117 exstitit?
1608 3085 1741 3118 ovum
1788 3070 1955 3131 gallina
1993 3070 2275 3132 sapientius?

13 3202 17 3205 ³
104 3145 196 3193 En!
243 3145 435 3194 Politica
472 3160 570 3193 mea
608 3160 691 3208 pro
730 3145 896 3197 lorica,
935 3144 1091 3206 Magna
1130 3143 1317 3190 moralia
1356 3157 1439 3204 pro
1478 3149 1632 3194 scuto,
1682 3142 1895 3203 Organon
1934 3156 2018 3203 pro
2057 3141 2274 3188 machaera

11 3255 15 3258 .
104 3218 312 3279 ancipiti!
360 3216 511 3264 Nolite
548 3217 732 3270 cedere,
781 3218 924 3263 sortes
963 3230 1042 3264 vos
1081 3214 1302 3277 praehete:
1348 3213 1445 3260 Non
1484 3214 1632 3260 minor
1669 3214 1787 3259 enim
1826 3220 1897 3259 est
1934 3214 2102 3265 virtus,
2142 3227 2273 3274 quam

6 3337 21 3350 ,¹
104 3289 301 3342 discere.
339 3288 471 3336 docta
512 3288 660 3335 tueri’.
736 3287 845 3334 Cato
885 3294 1014 3334 torvo
1052 3286 1177 3333 vultu
1218 3299 1299 3348 per
1324 3285 1495 3347 plateas
1521 3283 1966 3335 circumcursitabat.
2007 3298 2160 3345 pugno
2189 3299 2272 3345 pro

47 3359 260 3421 wgladio
297 3373 482 3412 usurus,
522 3359 702 3406 ‘Omnes
740 3365 926 3421 pereant
964 3358 1018 3406 ad
1055 3372 1210 3408 unum.
1250 3356 1415 3403 nemini
1457 3363 1692 3418 parcatur.
1734 3356 1827 3402 sive
1866 3356 2035 3402 amicus
2062 3359 2153 3402 sive
2191 3356 2272 3401 ini·

105 3432 250 3479 micus
287 3429 376 3484 sit‘.
414 3430 648 3492 rugiebat:
686 3431 804 3478 Zeno
843 3444 950 3477 vero
989 3429 1042 3476 ad
1080 3428 1295 3490 angulum
1335 3427 1495 3489 platea}
1533 3427 1685 3474 fronte
1724 3442 1882 3475 serena
1921 3426 2271 3489 perplacidaquo

104 3504 387 3554 consistens,
434 3509 482 3548 et
530 3502 575 3549 in
613 3502 715 3549 sinu
753 3501 980 3562 gaudens.
1032 3500 1149 3546 ‘Suis
1188 3513 1236 3545 se
1274 3499 1435 3561 gladiis
1475 3499 1726 3560 periment'.
1778 3501 1894 3546 intra
1933 3513 1982 3544 se
2021 3500 2170 3559 ipsum
2208 3497 2272 3543 ‹li-

105 3573 253 3622 cebat.
326 3573 506 3635 Reliqui
544 3587 703 3620 omnes
741 3587 832 3634 quo
872 3586 921 3618 se
959 3570 1218 3627 vertebant,
1258 3570 1547 3622 nesciebant.
1597 3570 1702 3617 dum
1742 3570 1905 3631 Apollo
1943 3570 2114 3615 medios
2154 3570 2271 3614 inter

105 3652 380 3708 presentem
420 3661 470 3692 se
507 3647 649 3697 stitit,
700 3651 747 3690 et
792 3657 893 3705 quoe
940 3643 1131 3690 istarum
1171 3642 1406 3711 turbarum
1445 3656 1604 3694 causa.
1655 3655 1756 3703 quae
1797 3642 1999 3691 occasio.
2048 3638 2267 3700 quaesivit.

219 3811 238 3840 ⁸
265 3817 375 3856 terr.
387 3809 526 3867 hom]
558 3812 795 3854 [ammonui
822 3811 870 3852 in
891 3810 1009 3866 Epp.
1032 3809 1090 3852 Ο.
1111 3810 1166 3852 V.
1252 3809 1270 3837 '¹
1301 3810 1420 3863 quod
1450 3811 1548 3853 edd.
1571 3823 1665 3863 prr.
1755 3809 1771 3833 ⁸
1801 3807 1966 3861 'I'ojnni
1990 3813 2032 3847 et
2054 3816 2270 3846 accuran-

106 3888 180 3927 tes
199 3885 298 3928 edd.
314 3898 414 3939 prr.
476 3883 511 3911 ¹⁸
544 3882 728 3926 Gurcke
759 3883 859 3925 edd.
879 3895 916 3924 e.
939 3896 980 3926 α.
1066 3880 1105 3908 ²⁶¹
1134 3894 1315 3936 semper
1401 3878 1683 3933 manebunt]
1713 3881 1844 3931 Ver-(J.
1870 3877 1954 3919 ecl.
1977 3878 2029 3918 V.
2049 3874 2115 3915 78.

221 3954 258 3982 ⁸⁶
285 3956 632 3999 vociferebatur
660 3955 760 3997 edd.
780 3967 816 3996 ε.
839 3967 879 3995 a.
971 3952 1133 3996 adesse
1163 3955 1265 3996 edd.
1285 3967 1322 3998 ε.
1345 3968 1385 3995 α.
1474 3950 1510 3978 ⁴¹
1543 3951 1739 3993 ruiebat.
1763 3951 1860 3990 edd.
1883 3962 1976 4002 prr.

210 4028 323 4069 Err.
346 4041 604 4070 oescvnon.
628 4039 791 4068 vinon.
1834 4022 1897 4069 3-1
