2456 4264
209 315 564 346 Pssl’nmconuvs
587 315 954 345 REVCHLINIANAE
977 315 1306 346 DEPENSIONES
1329 315 1616 346 ARGVMENTA
1639 316 1882 347 REI-*VTARE
1907 319 2096 347 STVDET.
2146 294 2261 352 147

8 424 20 550 ἒ
67 460 69 462 ·
94 447 278 498 Ioanni
296 445 543 496 Reuchlin
569 447 621 495 in
648 446 783 496 hunc
813 461 968 509 usque
1002 447 1131 504 diem
1162 447 1226 496 ab
1251 448 1336 496 illo
1365 447 1665 510 proditionis
1686 463 1773 508 sue
1798 454 2015 512 tempore
2039 452 2261 512 primum

8 555 15 593 ;
95 532 469 594 redaroutionis
501 533 680 595 stylum
714 532 884 582 obieci.

973 631 1127 680 Nota
1165 631 1376 682 Sexto.

8 640 22 670 L

14 729 34 770 ὲ
235 729 281 779 ([
311 729 644 780 Movebuntur
677 731 901 792 fortasse
935 730 1030 780 hoc
1065 732 1171 779 loco
1206 728 1321 776 boni
1355 726 1474 786 viri,
1512 731 1755 792 dicentes,
1794 733 2087 783 Audivimus
2123 735 2266 785 modo

8 793 32 892 ἰν
58 801 259 876 :mutue
291 821 451 876 vestre
484 818 810 866 contentionis
854 817 1031 873 inicia,
1082 815 1290 875 leyimus
1330 827 1521 875 quoque
1557 816 1799 865 Ioannem
1836 816 2085 867 Reuclzlin
2124 834 2264 869 reum

11 900 25 975 9
90 906 209 951 esse
228 901 585 962 oriyinarium,
627 901 886 950 Credimus
922 903 1129 963 insuper
1165 904 1211 947 te
1246 900 1381 947 illius
1416 903 1824 950 consultationem
1859 916 2114 964 nunquam
2132 919 2266 967 pro-

11 1003 26 1071 f
94 985 302 1050 didisse,
341 985 581 1035 Fatemur
611 988 760 1036 etiam
798 992 844 1036 te
879 988 931 1035 in
954 986 1184 1035 manuali
1212 989 1293 1032 tuo
1326 987 1527 1045 speculo
1560 987 1774 1046 leqitime
1805 992 1853 1034 et
1882 991 2054 1036 sancte
2087 994 2264 1037 contra

12 1067 22 1114 ἒῑ
92 1068 204 1120 eum
240 1071 526 1132 scripsisse,
564 1085 632 1120 ex
666 1083 763 1133 quo
801 1071 973 1130 (sicuti
1006 1071 1172 1119 multis
1206 1069 1513 1129 incoqnitum
1547 1069 1675 1132 fuit)
1714 1072 1766 1119 in
1801 1084 1894 1119 sua
1930 1077 1974 1120 te
2006 1075 2265 1122 consulta-

93 1156 221 1204 tione
253 1155 399 1216 apud
428 1155 695 1215 Cesaream
726 1155 1039 1204 Maiestatem
1070 1156 1218 1216 prius
1252 1158 1300 1202 et
1344 1154 1550 1215 indiqne
1597 1156 1728 1218 lesit,
1775 1169 1926 1217 quam
1974 1163 2025 1205 tu
2062 1158 2264 1217 verbum

30 1240 193 1306 Rullo
226 1253 448 1302 unquam
485 1247 703 1304 tempore
735 1245 912 1289 contra
949 1242 1089 1289 illum
1121 1240 1407 1301 scripsisses
1441 1243 1506 1287 .et
1521 1253 1564 1288 c.
1639 1238 1744 1288 Sed
1777 1240 1860 1288 dic
1881 1240 2094 1299 obsecro,
2133 1247 2188 1290 ut
2209 1256 2266 1290 eo

0 1313 35 1434 ,ζ
90 1325 264 1375 melius
307 1339 414 1375 rem
457 1327 620 1388 ipsam
669 1327 1029 1387 intelliqamus,
1079 1324 1301 1385 Quenam
1350 1327 1466 1372 sunt
1510 1326 1601 1373 illa
1640 1339 1734 1386 que
1773 1326 1843 1373 in·
1870 1340 1963 1374 sua
2007 1329 2264 1376 consulta-

0 1394 6 1414 ·
118 1387 132 1422 ”.

14 1417 220 1735 Limne
245 1416 421 1461 contra
461 1416 507 1460 te
535 1412 735 1474 scripsit
767 1419 815 1460 et
844 1413 959 1460 aliis
989 1412 1041 1459 in
1076 1411 1200 1458 locis
1224 1405 1558 1472 approbavit?
1594 1408 1760 1458 Multa
1785 1411 2004 1471 inquam,
2045 1411 2137 1460 hoc
2164 1426 2265 1460 au-

0 1242 3 1258 ι

0 1266 2 1274 ι

0 1281 2 1301 t

0 1323 3 1338 ι

2 1495 34 1563 γ’
90 1500 185 1561 tem
240 1498 295 1546 in
328 1499 541 1560 primis,
594 1497 731 1559 quod
782 1496 915 1545 dixit
957 1496 1145 1556 Iudeos
1202 1497 1254 1544 in
1311 1496 1532 1543 oratione
1577 1494 2119 1559 Felamschommodym
2166 1511 2263 1546 non

2 1565 4 1575 ’
88 1593 239 1630 orare
269 1590 448 1631 contra
483 1595 596 1640 nos,
643 1583 789 1631 immo
814 1582 1106 1644 paratiores
1139 1594 1243 1629 esse
1268 1575 1291 1648 Η
1316 1580 1454 1629 nobis
1489 1581 1677 1629 servire
1713 1594 1864 1642 quam
1897 1582 2135 1631 damnum
2173 1585 2258 1631 in-
2280 1584 2334 1637 2¹5¹>

0 1638 6 1738 ἓ
61 1664 235 1744 ⁴ferre
271 1674 336 1717 ,ετ
354 1681 402 1717 c.
438 1681 553 1718 cum
588 1672 752 1716 tamen
784 1667 876 1727 hec
910 1672 959 1715 et
993 1668 1098 1715 alia
1134 1666 1192 1715 id
1218 1679 1380 1727 oenus
1414 1666 1598 1715 similia
1647 1667 1699 1715 in
1739 1669 1970 1717 manuali
2002 1681 2108 1717 meo
2143 1682 2264 1730 spe-

0 1749 30 1876 ζὲ
86 1752 201 1802 culo
233 1754 356 1802 satis
386 1750 706 1816 impuqnata,
743 1754 925 1815 optimo
960 1753 1139 1812 cuique
1161 1751 1309 1811 falsa
1339 1752 1411 1800 ad
1436 1753 1632 1800 oculum
1662 1756 1889 1813 pateant.
1965 1752 2139 1802 Multis
2163 1755 2265 1814 iqi-

0 1828 25 1903 '-,‚
88 1842 171 1887 tur
207 1839 397 1887 omissis
431 1852 530 1887 non
568 1838 735 1887 debuit
756 1837 975 1886 Ioannes
999 1836 1247 1886 Reucltlin
1278 1838 1446 1899 sepius
1483 1849 1516 1884 a
1554 1851 1606 1885 se
1641 1841 1819 1885 contra
1844 1836 2028 1897 Iudeos
2065 1852 2261 1901 appro-

6 1901 34 2013 Ξ
59 1987 62 1990 Α
86 1922 205 1971 bata
239 1924 293 1972 in
329 1937 424 1973 sua
454 1923 767 1986 postmodum
804 1924 1163 1971 consultatione
1196 1928 1373 1971 contra
1409 1935 1486 1970 me
1511 1922 1794 1984 proditorie
1828 1922 2091 1971 scribendo
2126 1926 2262 1972 vice-

0 2028 32 2093 3
86 2021 232 2057 versa
262 2009 605 2071 immnasse,
654 2008 746 2057 sed
787 2020 991 2056 suorum
1041 2007 1115 2055 ad
1159 2009 1319 2056 virum
1356 2005 1565 2055 nobilem
1602 2005 1863 2055 verborum
1901 2019 2087 2056 memor
2122 2009 2261 2058 blas-

0 2092 76 2188 ἓν
83 2091 317 2156 phemius
349 2098 399 2143 et
430 2095 674 2143 occultam
712 2092 986 2153 Iudeorum
1021 2094 1292 2153 nequitiam
1332 2096 1617 2140 constanter
1653 2104 1842 2140 mecum
1880 2091 2163 2154 infreqisse.

19 2189 33 2294 μ
124 2218 132 2224 .
230 2177 275 2226 OE
309 2177 452 2237 Quod
485 2183 650 2228 autem
690 2178 813 2227 dicit
846 2179 898 2226 in
934 2176 1222 2237 defensione
1258 2191 1351 2226 sua
1388 2191 1474 2226 seu
1507 2179 1671 2239 potius
1709 2175 1980 2236 offensione
2025 2179 2191 2227 littera
2220 2183 2260 2240 ᾧ

22 2299 34 2305 -Ᾰ
86 2265 319 2313 columna
343 2264 549 2327 prima,
586 2277 693 2313 sese
730 2264 1127 2324 arqumentative
1164 2263 1433 2311 dumtaxat
1466 2267 1515 2310 et
1549 2275 1647 2310 non
1678 2261 2053 2312 determinative
2086 2270 2261 2312 contra

22 2341 29 2385 '·
86 2348 271 2410 Iudeos
302 2350 584 2412 scripsisse,
632 2348 698 2397 In
738 2348 832 2398 lzoc
870 2355 917 2397 et
951 2349 998 2396 si
1025 2348 1200 2396 merito
1234 2347 1585 2410 corripiendus
1633 2349 1828 2396 veritati
1869 2352 2032 2397 tamen
2074 2350 2260 2409 parcit,

25 2429 30 2484 ἑ
88 2439 145 2484 ut
176 2433 256 2484 his
296 2439 437 2498 patet
477 2435 568 2496 qui
605 2435 762 2496 ipsius
802 2433 875 2482 ad
919 2433 1128 2482 nobilem
1170 2435 1363 2495 scripta
1404 2433 1682 2482 alemanice
1731 2434 1975 2494 impressa
2017 2435 2261 2494 lecerunt.

32 2530 78 2568 ιι
92 2519 409 2584 Quapropter
456 2533 521 2568 ne
564 2521 776 2569 levitatis
821 2523 1146 2580 arqueretur,
1200 2521 1253 2567 in
1297 2519 1427 2568 libro
1472 2516 1780 2577 defensionis
1823 2531 1911 2578 sue
1966 2523 2055 2566 aut
2097 2520 2264 2580 potius

24 2608 43 2681 ’ἶ
88 2602 488 2667 mendaciorum,
524 2605 730 2654 sinistra
765 2610 839 2655 est
869 2618 989 2653 usus
1021 2605 1363 2666 persuasione.

633 2705 789 2755 Nota
824 2705 1084 2767 septimo
1120 2704 1383 2765 quedam
1413 2702 1706 2765 pulchra.

230 2804 274 2854 ί
326 2805 512 2856 Vereor
557 2805 651 2855 hoc
694 2807 802 2855 loco
849 2818 912 2854 ea
958 2804 1016 2852 ob
1057 2805 1388 2853 reverentiam
1413 2802 1581 2851 -Ilzesu
1630 2801 1817 2850 Christi
1855 2814 2127 2862 enarrare,
2168 2816 2261 2862 que

28 2951 44 2963 Ι,
88 2888 308 2941 Ioannes
339 2890 589 2942 Beuchlin
624 2891 698 2940 ad
730 2890 943 2941 eundem
978 2890 1139 2939 virum
1177 2888 1384 2938 nobilem
1423 2888 1671 2937 verissime
1702 2887 1927 2948 scripsit,
1960 2887 2104 2935 modo
2135 2900 2261 2935 con-

33 2965 231 3035 fictam
263 2977 371 3040 ipse
399 2977 712 3041 postmodum
744 2978 796 3027 in
831 2977 935 3026 suis
966 2976 1169 3038 scriptis
1197 2974 1573 3037 permansisset.
1646 2971 1789 3021 Inter
1825 2977 1991 3020 cetera
2023 2971 2145 3020 dicit
2166 2972 2261 3019 Iu-

90 3061 208 3124 deos
241 3064 422 3113 mirum
458 3065 512 3113 in
548 3063 747 3112 modum
783 3064 935 3123 letari
974 3075 1087 3111 cum
1124 3061 1369 3109 salvatori
1411 3063 1578 3107 nostro
1624 3058 1843 3106 illudant
1880 3069 2020 3104 omne
2065 3058 2260 3118 vitupe-

89 3149 242 3210 rium,
276 3162 564 3211 omnemque
586 3150 934 3198 contumeliam
959 3153 1060 3197 tam
1092 3145 1427 3206 excoqitando
1464 3156 1614 3206 quam
1651 3141 2001 3204 componendo,
2078 3141 2263 3190 Adiicit

32 3274 40 3293 ,
90 3245 280 3296 quoque
311 3233 497 3295 Iudeos
525 3235 578 3284 in
613 3234 836 3283 omnibus
871 3235 975 3282 suis
1010 3234 1229 3294 neqociis
1260 3236 1309 3280 et
1336 3232 1388 3279 in
1416 3231 1640 3278 oratione
1675 3226 1968 3288 quotidiana
1996 3231 2046 3275 et
2079 3228 2131 3274 in
2158 3228 2261 3275 suis

89 3317 229 3369 libris
264 3333 387 3382 quos
417 3325 594 3370 contra
630 3333 719 3369 nos
752 3319 978 3369 scribunt
1010 3323 1158 3380 atque
1193 3319 1363 3378 lequnt
1394 3320 1443 3364 et
1478 3316 1529 3363 in
1562 3315 1785 3362 oratione
1819 3311 2019 3361 tandem
2051 3312 2258 3360 Felam—

51 3387 60 3396 ⁴
90 3398 458 3469 whanmodym
493 3405 550 3454 id
581 3404 761 3465 facere
789 3404 951 3453 indies
985 3404 1166 3452 solitos.
1245 3401 1474 3462 Idipsum
1522 3406 1684 3447 autem
1731 3402 1780 3446 et
1821 3410 1912 3458 eqo
1952 3398 2257 3447 verissimum

87 3500 196 3541 cue
219 3493 487 3554 profiteor,
534 3491 626 3539 sed
657 3491 765 3552 ipse
795 3490 940 3539 modo
975 3490 1063 3550 qui
1090 3492 1266 3549 postea
1297 3488 1348 3534 in
1385 3485 1584 3534 oculari
1616 3495 1704 3532 suo
1741 3484 1942 3544 speculo
1976 3484 2126 3543 (sicut
2158 3483 2257 3529 iam

67 3575 210 3631 ,fatis
243 3590 401 3640 supra
435 3577 619 3626 dictum
654 3579 750 3637 est)
787 3575 977 3624 sibimet
1012 3572 1363 3622 contradicens
1409 3584 1486 3618 me
1524 3570 1764 3618 immerito
1804 3568 2072 3629 redarquit
2111 3578 2259 3627 seque

90 3658 249 3722 imum
284 3663 337 3711 in
361 3662 465 3722 side
498 3661 747 3710 catholica
779 3664 1059 3722 suspectum
1094 3671 1210 3706 vero
1246 3657 1410 3705 verius
1446 3654 1670 3705 ostendit.

233 3746 276 3795 1
312 3746 464 3796 Modo
502 3746 574 3795 ad
603 3747 912 3810 propositum
949 3749 998 3794 et
1032 3743 1104 3792 ad
1139 3744 1298 3804 ipsam
1327 3755 1432 3790 rem
1471 3739 1776 3789 deveniendo
1808 3738 2058 3786 ponamus
2085 3745 2253 3782 casum

91 3827 453 3895 impossibilem,
492 3846 568 3881 me
591 3832 818 3881 videlicet
838 3832 991 3880 multa
1016 3835 1191 3879 contra
1217 3828 1399 3889 Iudeos
1424 3827 1714 3887 iq'noranter
1738 3830 1785 3872 et
1813 3822 1951 3883 salse
1984 3819 2254 3879 scripsisse,

197 3955 332 3984 '’³⁴³‘'
359 3958 584 3999 Dabimus
611 3958 855 4012 epistolam
883 3959 1054 3999 totiens
1090 3971 1116 3996 a
1151 3953 1374 3996 I'fefl'erk.
1394 3952 1629 3993 laudatam
1659 3949 1780 3990 infra
1805 3950 1910 4001 post
1931 3942 2252 3987 hanchefens.

1783 4019 1882 4067 10*
