2456 4264
211 200 288 256 40
869 217 1101 246 EPISTOLAE
1123 215 1430 245 OBSCVRORVM
1449 214 1677 242 VIRORVM.

212 369 296 417 pes
333 351 510 400 debent
549 351 783 398 honorem
825 352 872 397 et
907 346 1229 395 reverentiam
1269 345 1429 393 facere
1468 340 1729 405 Theologis
1777 348 1825 390 et
1872 342 2116 406 magistris
2155 342 2352 390 nostris.

211 439 350 487 Tunc
387 435 464 484 ille
503 436 669 482 iurista
708 431 984 495 respondit,
1038 436 1085 478 et
1133 430 1320 493 precise
1366 430 1414 477 in
1464 426 1761 476 contrarium
1811 425 2034 489 allegavit
2071 440 2184 474 suas
2219 425 2354 489 leges

213 529 261 571 et
300 519 474 570 multas
511 519 795 580 scripturas,
836 516 947 577 quia
987 514 1224 577 scriptum
1264 518 1364 562 est:
1405 509 1624 568 ‘Qualem
1662 514 1710 559 te
1746 510 1966 566 invenie,
2006 509 2155 559 talem
2196 515 2242 558 te
2280 511 2352 558 iu·

213 604 349 654 ‹lico’.
425 602 507 650 sed
559 615 701 649 nemo
747 604 941 647 tenetur
991 598 1154 646 facere
1205 599 1247 645 ei
1299 597 1623 646 reverentiam
1671 595 1755 658 qui
1793 609 1892 642 non
1930 594 2111 643 incedit
2149 593 2356 657 qualiter

213 688 380 742 debet,
431 686 573 734 etiam
619 684 660 731 si
699 687 826 732 esset
863 682 1107 745 princeps.
1184 681 1244 729 Et
1291 682 1486 745 quando
1525 678 1782 744 presbyter
1820 680 2067 742 reperitur
2106 680 2154 727 in
2192 677 2391 741 aliquos

211 771 454 820 indecenti
492 783 643 833 opere
683 771 730 816 et
767 781 863 814 non
904 770 976 814 est
1013 765 1211 814 vestitus
1249 766 1377 814 sicut
1413 764 1644 813 sacerdos
1683 778 1788 812 esse
1836 762 2006 819 debet,
2054 763 2137 812 sed
2189 762 2358 810 babitu

213 854 440 921 seculari,
496 859 614 902 tunc
665 852 808 901 iudex
860 849 1091 913 secularis
1129 855 1289 913 potest
1326 864 1438 898 eum
1475 848 1659 896 habere
1698 854 1745 895 et
1782 852 1993 895 tractare
2030 861 2122 910 pro
2159 846 2359 895 homine

215 939 446 1004 seculari,
489 944 535 987 et
574 938 770 986 afficere
809 951 921 984 eum
959 950 1081 999 pena
1123 933 1390 998 corporali,
1432 947 1530 980 non
1569 931 1878 980 obstantibus
1917 930 2178 995 privilegiis
2217 929 2356 979 cleri-

216 1040 401 1074 corum.
478 1024 557 1072 Sic
595 1023 712 1072 dixit
748 1019 827 1070 ille
865 1019 1060 1074 iurista;
1100 1018 1186 1067 sed
1227 1035 1308 1067 vos
1347 1017 1534 1066 debetis
1571 1016 1688 1064 mihi
1726 1016 2002 1079 significare
2041 1021 2256 1063 mentem
2281 1030 2360 1062 ve-

216 1117 393 1163 stram,
446 1114 494 1157 et
529 1108 572 1156 si
610 1122 706 1155 non
745 1106 876 1154 scitis
914 1119 1004 1167 per
1042 1104 1417 1167 vosmetipsum,
1470 1111 1588 1150 tunc
1625 1100 1813 1149 habetis
1852 1099 2110 1149 consulere
2147 1100 2356 1156 iuristaS‚
2378 1102 2438 1146 w}

218 1200 265 1243 et
301 1193 339 1241 T
346 1192 576 1255 beologos
612 1192 661 1239 in
709 1190 1021 1239 universitate
1060 1187 1359 1243 Coloniensi,
1409 1186 1539 1250 quod
1578 1186 1727 1233 sciam
1764 1186 2040 1233 veritatem:
2092 1185 2202 1247 quia
2241 1184 2363 1233 deus

218 1284 289 1327 cst
326 1278 539 1333 veritas,
588 1282 635 1324 et
683 1275 765 1338 qui
810 1279 937 1323 amat
975 1273 1256 1328 veritatem,
1308 1277 1438 1320 amat
1476 1271 1618 1320 etiam
1668 1269 1830 1318 deum.
1906 1268 2138 1317 Similiter
2176 1268 2364 1317 debetis

217 1362 468 1410 notificare
506 1360 624 1408 mihi
663 1358 906 1423 quomodo
945 1356 1168 1421 procedit
1204 1357 1251 1404 in
1293 1361 1450 1405 vestra
1488 1355 1570 1403 lite
1609 1359 1778 1402 contra
1817 1353 2069 1402 doctorem
2107 1352 2362 1402 Reuchlin.

217 1447 319 1508 Ego
357 1446 500 1494 audio
540 1444 668 1508 quod
708 1444 812 1507 ipse
852 1448 924 1491 est
962 1442 1336 1506 depauperatuS,
1376 1444 1579 1503 propter
1618 1453 1820 1502 magnas
1859 1453 2113 1500 expensas,
2155 1443 2202 1486 et
2227 1436 2364 1486 valde

216 1530 352 1592 letor.
429 1531 537 1593 quia
588 1544 732 1592 spero
777 1527 905 1592 quod
944 1525 1177 1588 Theologi
1223 1530 1366 1574 erunt
1414 1525 1621 1573 victores
1669 1527 1716 1572 et
1754 1539 1837 1572 vos
1875 1523 2034 1571 etiam.
2104 1520 2275 1571 Valete
2312 1522 2363 1569 in
2384 1535 2441 1575 15,

217 1615 413 1663 nomine
451 1613 647 1663 domini.
722 1612 897 1660 Datum
935 1609 1299 1673 Franckfordie.

1244 1843 1332 1902 27.

490 1965 830 2023 Ioannes
880 1961 1333 2040 Stablerius
1379 1959 2092 2041 Miltenpurgensis
2420 1995 2454 2057 ι’(

1113 2075 1318 2125 salutem
1358 2076 1474 2124 dicit
2432 2063 2433 2066 Ἴ

815 2173 1145 2241 Magistro
1185 2172 1470 2224 Ortvino
1511 2158 1762 2224 Gra-tiO.
2382 2173 2435 2230 eof]

359 2289 494 2336 Sicut
539 2303 734 2352 semper
774 2288 1021 2351 cupivistis
1060 2303 1086 2335 a
1124 2302 1202 2336 me
1240 2286 1425 2334 babere
1463 2287 1725 2340 novitates,
1766 2287 1861 2334 iam
1901 2292 1973 2334 est
2011 2292 2202 2348 tempus
2239 2285 2369 2349 quod
2427 2316 2446 2328 .-

220 2372 376 2420 debeo
417 2378 464 2421 et
501 2387 702 2435 possum
739 2371 875 2420 vobis
913 2387 1036 2419 nova
1075 2371 1311 2434 scribere,
1353 2371 1572 2434 quamvis
1609 2369 1767 2426 doleo,
1810 2371 1919 2434 qnia
1961 2385 2055 2418 non
2085 2375 2197 2418 sunt
2223 2369 2366 2418 bona.
2422 2359 2439 2411 ⁴⁶z

221 2456 391 2503 Sciatis
447 2456 577 2519 quod
633 2456 810 2505 fratres
860 2455 920 2504 de
967 2455 1137 2503 ordine
1183 2455 1544 2518 predicatorum
1598 2454 1875 2503 habuerunt
1921 2455 2000 2503 bic
2047 2454 2372 2517 indulgentias

222 2555 342 2602 quas
380 2541 764 2603 impetraverunt
801 2541 850 2588 in
889 2541 1021 2588 curia
1062 2554 1264 2590 romana
1303 2539 1492 2602 magnis
1531 2540 1773 2602 expensis,
1812 2544 1860 2588 ct.
1898 2538 2203 2602 collegerunt.
2229 2540 2385 2598 etiam⁴
2427 2546 2435 2574 3*

222 2624 336 2673 satis
376 2638 600 2686 magnam
639 2625 914 2688 pecuniam.
979 2630 1095 2673 tnnc
1134 2624 1193 2672 de
1232 2630 1375 2672 nocte
1416 2625 1542 2671 venit
1579 2623 1776 2687 quidam
1817 2623 1896 2671 fur
1934 2625 1980 2672 in
2022 2623 2279 2673 ecclesiam
2321 2614 2432 2672 et23⁵

223 2710 409 2771 accepit
447 2708 556 2771 plus
594 2723 738 2772 quam
775 2714 1023 2757 trecentos
1060 2708 1292 2764 florenos
1333 2714 1380 2756 et
1419 2708 1607 2756 furatus
1646 2713 1718 2756 est
1756 2723 1854 2756 eos,
1909 2713 1956 2757 et
1981 2708 2057 2758 isti
2084 2709 2262 2757 fratres
2288 2708 2376 2756 viri

223 2792 369 2841 zelosi
418 2798 464 2841 et
511 2794 559 2841 in
598 2793 692 2842 fide
731 2793 990 2842 christiana
1029 2792 1167 2841 valde
1205 2792 1331 2841 hene
1370 2793 1662 2841 ass‘ectionati
1699 2794 1861 2841 tristes
1900 2792 2127 2849 suerunt,
2170 2797 2218 2842 et
2257 2808 2375 2842 con-

223 2882 494 2939 queruntur
532 2877 592 2926 de
629 2876 711 2927 illo
739 2878 861 2926 sure.
939 2878 1034 2927 Sed
1061 2878 1187 2925 cives
1213 2878 1451 2926 miserunt
1476 2878 1694 2942 undique
1724 2883 1771 2927 et
1795 2892 1895 2926 non
1922 2883 2129 2942 possunt
2155 2878 2375 2942 reperire

225 2977 351 3016 enm,
393 2963 503 3024 quia
543 2963 742 3024 aufugit,
785 2968 831 3011 et
865 2961 1013 3010 habet
1039 2976 1205 3010 secum
1233 2964 1508 3024 pecuniam.
1584 2963 1644 3011 Et
1670 2967 1742 3012 est
1767 2978 1940 3027 magna
1968 2963 2204 3026 nequitia.
2245 2962 2373 3026 quod

222 3046 316 3093 hoc
355 3045 496 3095 debet
536 3047 642 3095 fieri
681 3048 728 3094 in
766 3046 1079 3109 indulgentiis
1117 3046 1386 3110 papalibus,
1428 3053 1475 3095 et
1512 3048 1560 3095 in
1600 3046 1707 3096 loco
1747 3062 1921 3096 sacroz‘
1953 3050 2056 3112 ipse
2083 3053 2155 3096 est
2181 3052 2437 3096 excom-³0

226 3131 523 3186 municatus,
574 3132 632 3178 sit
683 3131 767 3202 ubi
804 3132 880 3179 sit.
955 3129 1186 3179 Homines
1234 3132 1314 3194 qui
1353 3138 1466 3180 sunt
1503 3131 1710 3180 absoluti
1751 3138 1798 3181 et
1836 3132 2078 3182 dederunt
2115 3133 2372 3196 pecuniam

225 3229 361 3262 snam
401 3214 460 3262 ad
498 3213 628 3262 illam
669 3216 851 3271 cistam,
891 3229 1023 3262 nunc
1061 3220 1231 3277 putant
1269 3216 1398 3279 quod
1437 3231 1535 3264 non
1577 3222 1689 3265 sunt
1725 3217 1960 3266 absoluti:
2000 3218 2084 3266 sed
2123 3216 2242 3265 nihil
2273 3222 2372 3264 est:
2406 3251 2409 3254 Α

224 3298 315 3360 ipsi
363 3303 475 3346 sunt
520 3299 584 3346 ita
633 3298 758 3347 bene
806 3298 1013 3347 absoluti
1064 3305 1115 3347 ut
1153 3301 1192 3347 si
1230 3300 1405 3348 fratres
1444 3301 1774 3364 predicatores
1812 3301 2055 3351 haberent
2091 3301 2251 3350 adhuc
2288 3315 2373 3365 pe-

226 3383 418 3429 cuniam
458 3397 611 3430 suam.
687 3382 839 3431 Etiam
880 3384 1041 3432 sciatis
1080 3385 1207 3447 quod
1248 3386 1324 3432 isti
1360 3386 1441 3448 qni
1479 3393 1591 3434 sunt
1617 3401 1673 3434 ex
1701 3393 1841 3450 parte
1868 3387 2091 3435 Doctoris
2116 3384 2373 3440 Reuchlin,

225 3466 406 3514 vadunt
444 3466 522 3514 bic
561 3473 607 3514 et
644 3467 826 3515 faciunt
863 3467 1041 3515 multos
1067 3483 1306 3524 rumores,
1349 3470 1458 3533 quia
1487 3469 1651 3518 dicunt
1679 3471 1808 3533 quod
1838 3471 2014 3520 fratres
2039 3468 2430 3535 predicatores&

225 3555 488 3614 propterea
528 3551 788 3612 impetrant
825 3550 931 3600 illas
967 3551 1292 3614 indulgentias
1318 3555 1367 3601 in
1395 3555 1527 3602 curia
1554 3570 1773 3611 romana,
1815 3557 1942 3619 quod
1981 3571 2092 3606 cum
2117 3555 2197 3604 illa
2224 3570 2371 3620 pecu-

228 3635 301 3681 nia
341 3632 508 3681 volunt
546 3649 719 3683 vexare
758 3636 916 3698 ipsum
957 3636 1206 3694 doctorem
1249 3643 1295 3685 et
1331 3637 1566 3686 tribulare
1606 3654 1715 3687 eum
1744 3641 1791 3687 in
1819 3655 1965 3689 causa
1991 3641 2129 3696 fidei:
2169 3645 2218 3689 et
2242 3639 2370 3703 quod
2414 3664 2421 3666 ξ

342 3814 376 3840 ¹⁹
408 3815 523 3858 S.D.
549 3818 667 3858 1...3.
753 3815 790 3841 ²⁰
819 3817 879 3859 M.
905 3819 1028 3859 1.‚.3.
1116 3816 1151 3842 ²¹
1185 3818 1404 3871 cupuistis
1438 3822 1480 3859 3,
1568 3818 1605 3844 ³⁷
1638 3850 1648 3859 .
1671 3821 1732 3860 Et
1763 3823 1856 3863 1.3.
1892 3851 1902 3871 ‚
1925 3822 1986 3862 Et
2015 3825 2058 3862 2.
