2456 4264
200 210 317 268 136
491 233 586 262 10A.
611 234 924 263 PEPERICORNI
947 236 1179 266 DEFENSIO
1202 234 1386 266 CONTRA
1406 232 1616 262 FAMOSAS
1638 234 1680 262 Ο.
1702 230 1746 258 V·
1769 229 2039 275 Evlswonss.

450 363 491 411 ([
515 362 836 411 Sententia
868 365 1158 425 honorande
1185 363 1536 425 facultatis
1572 361 1912 419 theoloqice
1945 360 2089 406 uni-

449 449 776 504 versitatis
802 448 1282 509 Erphord-ensis
1305 447 1648 511 pronunciata
1685 450 1910 493 contra
1946 458 2091 505 spe-

450 533 650 590 culum
710 534 971 581 oculare
1031 533 1103 582 ab
1160 534 1405 583 Ioanne
1459 528 1770 578 Reuchlin
1835 529 2088 588 editum,

448 615 856 675 supprimendum
894 621 941 663 et
974 630 1001 664 e
1038 617 1223 664 mundo
1259 616 1607 676 auferendum,
1642 626 1752 662 cum
1778 614 1870 661 tali
1895 625 2094 660 annexo

449 703 503 745 ut
537 700 679 747 nulla
708 701 1005 759 qlossemata
1050 703 1279 761 nulleque
1315 701 1678 749 declarationes
1722 698 1804 757 (id
1837 697 1970 758 quod
2002 709 2095 745 no-
2381 715 2402 747 5

507 787 611 831 tatu
648 783 986 844 diqnissimum
1023 788 1118 846 est)
1155 785 1283 833 illud
1307 799 1393 833 seu
1428 785 1566 832 illum
1598 784 1798 830 salvare
1828 782 2032 843 possint.

340 881 383 929 (Ι
420 880 826 943 Quandoquidem
863 885 1077 932 omnium
1107 888 1178 932 est
1212 888 1260 931 et
1293 895 1461 931 eorum
1497 882 1714 929 maxime
1748 881 1836 941 qui
1862 882 2177 937 sacrosancte
2210 878 2350 927 theo-

88 964 182 1018 gijb
199 966 369 1027 sophie
402 966 708 1028 professioni
753 974 1064 1016 sacramento
1107 982 1212 1017 sese
1260 968 1688 1024 constrinxerunt,
1727 965 1852 1024 fidei
1891 965 2106 1019 veritati,
2135 958 2158 1030 11
2181 963 2266 1011 ubi
2298 965 2350 1010 in

192 1052 419 1113 periculo
455 1053 649 1100 versari
681 1053 887 1113 videtur,
919 1053 1070 1112 fidele
1097 1052 1363 1114 perhibere
1399 1051 1718 1099 testimonium
1753 1048 1853 1097 Nos
1884 1048 2201 1096 Hermannus
2223 1046 2350 1095 Ser-

196 1149 284 1196 qes
319 1135 381 1184 de
408 1135 617 1184 Dorsten
655 1139 837 1186 artium
867 1142 914 1186 et
941 1151 1085 1196 sacre
1121 1138 1354 1197 theoloqie
1385 1134 1665 1197 professor,
1704 1134 1924 1182 decanus
1954 1133 2199 1193 ceterique
2234 1145 2350 1179 ma-
2370 1142 2408 1176 10

196 1221 346 1280 qistri
378 1221 520 1268 modo
547 1221 597 1268 in
634 1221 794 1270 studio
831 1225 1064 1282 qenerali
1097 1236 1159 1271 ac
1193 1222 1467 1270 universali
1498 1218 1847 1280 Erphordensi
1866 1210 2222 1278 'Theoloqicam
2252 1215 2352 1275 fa-

201 1306 430 1353 cultatem
479 1311 875 1366 representantes
915 1321 1010 1368 per
1050 1307 1376 1356 venerabilem
1423 1309 1480 1352 et.
1512 1304 1798 1364 reliqiosum-
1841 1307 2038 1364 patrem
2080 1303 2263 1349 artium
2307 1304 2356 1348 et

202 1402 346 1449 sacre
391 1390 625 1450 theoloqie
661 1391 998 1452 professorem
1043 1392 1279 1440 eximium
1323 1389 1515 1438 ordinis
1547 1388 1775 1448 fratrum
1809 1387 2188 1449 predicatorum
2222 1385 2353 1434 Con-

202 1478 371 1522 ventus
421 1473 718 1523 Coloniensis
730 1512 744 1539 ,
784 1483 986 1537 patrem
1041 1475 1401 1524 Bernhardum
1449 1474 1512 1522 de
1555 1472 1903 1532 Lutzenburqo
1955 1459 2205 1532 requisiti,
2259 1483 2354 1531 quo

202 1558 420 1607 libellum
453 1559 701 1619 quendam
739 1561 905 1609 decem
937 1568 985 1609 et
1020 1574 1187 1615 novem
1224 1560 1518 1608 chartarum
1555 1558 1618 1606 de
1652 1557 1906 1606 erroribus
1948 1555 2125 1616 falsiS,
2175 1557 2351 1617 impiis,
2371 1566 2412 1600 ιε

202 1645 332 1691 male
364 1632 675 1704 sonantibus,
719 1658 781 1694 ac
817 1645 1044 1704 hereticis
1069 1643 1482 1707 propositionibus
1519 1645 1780 1692 multorum
1815 1643 2043 1703 opinione
2078 1646 2354 1701 suspectum

201 1728 556 1788 revideremus,
603 1730 1128 1790 examinaremusque,
1173 1741 1361 1776 necnon
1409 1733 1457 1776 et
1490 1732 1660 1776 nostra
1695 1727 1758 1775 de
1792 1728 1875 1775 illo
1902 1739 2005 1787 pro
2038 1726 2224 1784 illibate
2263 1739 2354 1773 or-

202 1813 510 1873 thodoxeque
547 1813 672 1871 fidei
711 1804 1015 1862 attestatione
1055 1819 1103 1861 et
1140 1813 1376 1861 scandali
1416 1814 1656 1861 amotione
1702 1812 2014 1872 aperiremus
2050 1813 2353 1867 sententiam,

201 1898 633 1958 sentimentumque
667 1898 1003 1958 panderemus
1040 1900 1183 1947 iuxta
1214 1897 1542 1958 professionis
1576 1901 1739 1955 nostre
1770 1896 1982 1945 debitum
2018 1901 2065 1944 et
2097 1895 2356 1944 charitatis

202 1984 355 2041 leqem
405 1980 674 2042 refraqari
725 1984 844 2030 votis
896 1982 1086 2044 nephas
1132 1983 1385 2030 duximus.
1461 1980 1618 2039 Quum
1667 1982 1832 2042 itaque
1879 1981 2171 2029 iamdudum
2209 1982 2353 2027 iuxta
2370 1990 2446 2023 2οκ

204 2065 411 2125 Cesaree
443 2065 718 2115 Maiestatis
763 2068 1144 2115 commissionem
1184 2081 1281 2128 per
1313 2065 1796 2115 Reverendissimum
1843 2067 1898 2113 ‘in
1937 2064 2128 2118 Christo
2154 2071 2356 2126 patrem

199 2155 249 2199 et
279 2151 526 2199 dominum
555 2152 806 2200 dominum
838 2151 1049 2200 Urielem
1073 2151 1472 2213 Archipresutem
1501 2150 1843 2212 Moquntinum
1879 2151 2018 2198 sacri
2047 2139 2247 2211 imperii
2261 2163 2357 2211 per

206 2236 525 2284 Germaniam
554 2237 1073 2285 Archicancellarium
1110 2250 1172 2284 ac
1190 2237 1477 2298 principem
1520 2238 1802 2294 electorem,
1852 2235 2102 2284 dominum
2136 2238 2355 2283 nostrum

199 2321 610 2380 qratiosissimum
641 2327 690 2369 et
723 2322 1061 2381 ordinarium,
1109 2335 1262 2382 super
1300 2320 1449 2369 dubio
1485 2321 1549 2369 de
1565 2320 1721 2369 libris
1756 2319 2026 2378 Iudeorum
2060 2318 2356 2367 comburen-

205 2405 282 2452 dis
316 2418 408 2452 nec
439 2418 502 2452 ne
539 2405 845 2453 discutiendo
882 2407 1018 2454 nobis
1059 2406 1352 2465 exhibitam,
1400 2406 1551 2454 veluti
1593 2405 1864 2463 obedientie
1904 2405 2002 2463 filii
2027 2409 2182 2464 prout
2218 2403 2355 2451 nobis
2369 2415 2435 2452 ²5„

203 2490 360 2537 visum
387 2489 565 2547 fuerat
595 2491 683 2539 sub
715 2493 876 2539 solita
910 2492 1264 2552 protestatione
1309 2490 1720 2551 responderemus
1755 2489 2017 2548 Cesaream
2052 2489 2356 2536 maiestatem

207 2587 268 2621 ac
303 2575 372 2621 ita
407 2575 621 2634 quemvis
666 2577 820 2623 alium
853 2577 1136 2637 principem
1170 2588 1267 2636 per
1312 2576 1543 2623 terminos
1575 2576 1656 2622 sui
1699 2575 1906 2623 dominii
1944 2576 2125 2636 teneri,
2174 2573 2355 2621 nedum

205 2658 380 2706 decere
421 2663 476 2706 ut
523 2672 555 2705 a
590 2658 761 2719 Iudeis
794 2661 942 2709 libros
971 2660 1198 2719 falsitate
1236 2673 1298 2708 ac
1334 2660 1646 2721 blasphemiis
1675 2659 1939 2707 christiani
1968 2659 2177 2706 nominis
2207 2662 2355 2706 nota-

207 2748 299 2801 tOS,
343 2742 516 2802 quibus
556 2744 607 2790 in
652 2745 733 2791 sui
770 2747 1042 2805 perniciem
1090 2745 1371 2794 educantur
1426 2750 1474 2793 et
1517 2746 1663 2805 quasi
1705 2743 1769 2792 ab
1814 2744 2044 2793 uberibus
2088 2742 2255 2791 odium
2303 2743 2355 2790 in

209 2826 393 2875 Christi
428 2829 690 2876 salvatoris
731 2832 888 2878 nostri
915 2843 1089 2878 nomen
1117 2833 1322 2890 suqunt',
1351 2831 1638 2891 ,quicunque
1682 2830 1758 2878 illi
1789 2830 1913 2889 sint,
1956 2841 2166 2890 prorsus
2203 2830 2352 2885 tollat,
2369 2839 2411 2874 so

196 2916 354 2973 prout
380 2916 428 2960 et
459 2915 718 2961 retroactis
752 2916 931 2973 seculis
960 2915 1023 2963 ab
1055 2917 1312 2975 utriusque
1345 2919 1499 2963 status
1518 2914 1839 2977 principibus
1879 2927 1978 2962 non
2012 2915 2161 2962 semel
2190 2912 2355 2972 facti-

205 3000 359 3044 tatum
391 2998 565 3046 litteris
595 2998 849 3059 proditum
887 3001 1109 3060 leqimus,
1146 3000 1553 3060 quemadmodum
1573 3001 1775 3060 plenius
1810 3001 1863 3047 in‘
1893 3005 2063 3047 nostra
2098 3002 2354 3048 consulta-

206 3082 334 3128 tione
369 3083 660 3143 continetur,
701 3096 796 3144 quo
840 3068 985 3132 etiam
1035 3086 1154 3132 votis
1192 3083 1475 3133 Reverendi
1507 3086 1673 3146 patris
1708 3085 1968 3133 memorati
2000 3085 2237 3145 totiusque
2267 3097 2355 3132 ve·-

205 3166 423 3214 nerandi
455 3168 652 3227 colleqii
676 3170 1193 3218 excellentissimorum
1224 3170 1476 3218 doctorum
1503 3170 1765 3230 theoloqice
1795 3169 2056 3230 facultatis
2080 3170 2235 3217 studii
2258 3168 2354 3217 Co-

205 3251 434 3298 loniensis
470 3250 785 3310 confratrum
827 3262 973 3314 atque
1013 3253 1272 3313 fautorum
1319 3259 1597 3303 nostrorum
1640 3257 1691 3303 in
1735 3268 1874 3314 evum
1909 3255 2224 3302 colendorum
2255 3267 2352 3316 pro
2367 3267 2410 3301 38

206 3347 412 3395 quorum
432 3342 585 3395 parte
620 3339 922 3398 requirimur
957 3352 1140 3387 morem
1173 3353 1482 3400 qereremus,
1538 3339 1655 3387 Cum
1681 3341 1861 3400 primis
1896 3339 2109 3387 libellum
2145 3339 2355 3409 eundem

207 3419 270 3484 de
306 3432 458 3467 manu
481 3420 674 3481 publici
708 3422 924 3483 Notarii,
971 3437 1004 3471 a
1035 3423 1177 3482 facie
1213 3429 1261 3472 et
1301 3425 1446 3472 dorso
1492 3426 1805 3485 sinqularum
1849 3424 2143 3472 chartarum
2184 3425 2353 3472 consi-

201 3505 359 3564 qnari
382 3504 622 3564 iussimus,
650 3511 794 3567 atque
824 3508 992 3567 quoad
1010 3510 1271 3569 potuimus,
1299 3510 1580 3568 revidimus,
1605 3510 1998 3557 examinavimus
2022 3514 2069 3556 et
2091 3509 2354 3568 diliqenter

199 3590 572 3650 perspeximus,
612 3591 974 3652 invenimusque
1010 3598 1258 3641 auctorem
1295 3595 1450 3654 ipsius
1484 3595 1702 3653 alioquin
1736 3594 2010 3652 sinqularis
2041 3606 2103 3640 ac
2128 3594 2353 3654 preemi-

206 3675 365 3721 nentis
400 3674 690 3722 eruditionis
725 3676 886 3722 virum
923 3677 1276 3736 doctissimum,
1317 3679 1528 3736 triplicis
1563 3679 1729 3736 linque
1769 3677 2021 3736 hebraice,
2066 3678 2347 3737 qrecanice,
2365 3690 2408 3723 40

99 3759 187 3815 gviij
213 3764 358 3820 atque
381 3761 551 3819 latine,
578 3755 958 3825 perisstissimum
996 3761 1179 3808 celebri
1199 3761 1347 3819 fama
1386 3762 1448 3808 de
1482 3764 1571 3819 vile
1608 3776 1669 3809 ac
1704 3775 1894 3809 morum
1918 3763 2196 3821 inteqritate
2217 3761 2352 3809 nobis
2419 3827 2423 3831 ,

207 3846 540 3906 multipliciter
575 3845 979 3904 commendatum,
1019 3850 1066 3892 et
1095 3850 1244 3905 prout
1273 3846 1674 3894 commendabilis
1705 3860 1797 3893 sua
1824 3851 2029 3895 testatur
2049 3847 2350 3909 protestatiO,
