2456 4264
240 277 316 334 52
326 276 361 334 8
864 297 1189 327 Ems'ronanvu
1211 298 1511 326 onscvnonvn
1531 296 1742 328 vlnouvu

572 430 657 476 Sed
694 443 793 483 cum
832 429 1006 475 surrexi
1042 428 1199 480 hodie,
1236 442 1327 474 non
1363 423 1568 474 nihilum
1590 427 1680 474 vidi

683 498 811 554 Quod
846 499 1123 559 respondere
1160 505 1209 545 tu
1246 498 1428 545 voluisti
1465 499 1589 545 mihi.
1852 555 1855 557 μ

569 570 683 627 Quid
721 569 799 615 tibi
837 569 1113 630 persuades?
1151 584 1206 615 an
1243 583 1313 615 me
1350 577 1401 615 tu
1441 570 1607 616 iudicas
1643 570 1811 622 Anser,

683 640 785 692 Cui,
825 640 1004 701 quando
1041 639 1263 692 clamitat,
1302 654 1435 686 nemo
1473 640 1718 701 respondet
1753 641 1922 687 homo?

570 712 692 758 Inter
727 725 811 757 nos
850 718 1018 772 quanta
1054 711 1195 757 fuerit
1230 710 1425 758 amicitia
1462 724 1664 771 semper,
2385 724 2405 756 5

688 781 864 843 Optime
904 788 952 827 tu
988 783 1133 833 nosti,
1173 783 1212 827 si
1249 781 1383 828 modo
1422 782 1540 828 scire
1576 781 1714 827 velis:

569 854 667 900 Non
703 859 888 914 poteras
926 852 1080 904 edere,
1119 866 1210 898 non
1247 858 1431 913 poteras
1467 851 1621 899 bibere
1657 851 1737 898 abs
1773 866 1867 903 me,

684 923 872 985 Semper
908 936 994 983 ego
1032 922 1079 968 in
1116 923 1285 974 oculis.
1324 936 1503 984 semper
1539 922 1586 968 in
1621 922 1776 982 lingua
1813 923 1894 969 fui.

568 995 745 1041 Memini
782 1009 867 1040 nos
905 994 1129 1055 quondam
1165 1007 1258 1040 non
1296 993 1450 1039 multis
1487 993 1652 1041 abhinc
1687 993 1793 1040 licet
1829 993 1961 1040 annis

679 1065 966 1111 Obdormisse
1001 1064 1148 1119 Ketae,
1188 1064 1446 1125 invigilasse
1480 1064 1622 1111 Ketae.
2390 1078 2430 1111 ιο

569 1137 656 1183 Sed
692 1136 805 1182 eheu
843 1142 1062 1197 quantum
1099 1135 1185 1181 iarn
1222 1149 1271 1182 es
1309 1141 1508 1182 mutatus
1545 1135 1599 1182 ab
1636 1134 1740 1187 illo,

680 1208 791 1253 Dum
828 1213 873 1252 te
910 1206 1187 1259 dissimulas,
1226 1220 1319 1252 non
1356 1207 1538 1253 noveris
1568 1207 1704 1267 >quasi
1739 1220 1825 1252 me.

571 1278 742 1330 Stulte,
782 1277 888 1339 quid
924 1277 1012 1323 iam
1048 1276 1151 1338 plus
1188 1291 1260 1329 es,
1298 1291 1430 1338 quam
1467 1277 1575 1324 olim
1612 1290 1790 1338 egoque
1826 1277 1917 1329 fui,

684 1347 812 1405 Quod
851 1357 995 1394 tamen
1033 1349 1118 1394 iam
1156 1362 1248 1394 non
1287 1362 1408 1398 sum.
1448 1348 1553 1410 quia
1591 1347 1813 1409 superbus
1850 1361 1988 1395 eram.

570 1420 665 1481 Ego
705 1433 886 1481 quoque
921 1420 1053 1464 etiam
1091 1419 1289 1465 solebam
1325 1425 1614 1466 contemnere
1649 1417 1752 1465 illos
2390 1433 2430 1467 15

683 1490 769 1547 Qui
805 1496 935 1537 erant
969 1490 1140 1541 minus,
1179 1489 1432 1551 adspiciens
1469 1490 1715 1543 neminem;

569 1561 797 1623 'surgebat
832 1567 990 1608 venter
1027 1575 1135 1607 vana
1171 1561 1382 1608 iactantia
1419 1575 1620 1623 semper,

682 1634 833 1694 Atque
868 1633 982 1678 meis
1019 1631 1149 1678 malis
1187 1631 1514 1679 hamstrificare
1550 1645 1722 1679 noram.

569 1703 754 1761 Quando
790 1716 964 1750 mecum
999 1701 1126 1763 loqui
1163 1703 1296 1749 vellet
1331 1704 1543 1764 antiquus
1580 1703 1773 1755 amicus,

682 1774 793 1821 ‘Non
830 1773 972 1819 habeo
1011 1775 1205 1834 tempus’
1242 1787 1327 1834 ego
1365 1773 1564 1820 dicebam
1601 1773 1658 1820 ei.
2385 1784 2430 1819 20

567 1845 752 1893 Brachia
787 1843 1010 1906 ponebam
1046 1845 1092 1890 in
1128 1842 1296 1896 latera,
1334 1851 1471 1906 atque
1506 1844 1736 1906 replebam

680 1916 767 1962 Per
802 1915 936 1962 latam
973 1916 1111 1967 viam,
1150 1930 1251 1976 quae
1286 1916 1420 1962 nimis
1456 1922 1580 1963 arcta
1615 1915 1716 1963 fuit.

567 1988 616 2034 ln
652 2002 751 2034 meo
789 1986 977 2034 cerebro
1017 1992 1106 2032 tam
1142 1986 1233 2033 alta
1270 1985 1461 2033 consilia
1497 1992 1648 2038 erant.

680 2057 820 2114 Quam
857 2057 978 2104 volat
1012 2056 1199 2118 Aquila,
1237 2072 1340 2104 cum
1376 2060 1493 2120 petit
1530 2059 1626 2120 ipse
1662 2058 1840 2106 coelum.

568 2130 655 2177 Sed
693 2129 802 2191 quid
838 2130 925 2175 iam
962 2142 1084 2175 nunc
1122 2129 1249 2175 sum?
1289 2144 1390 2175 sum
1426 2143 1600 2191 pauper
1635 2129 1826 2182 nebulo.
1864 2144 1999 2191 quem
2037 2130 2106 2176 vix
2388 2145 2432 2176 25

684 2199 860 2248 Salutat
895 2199 1056 2253 lictor,
1097 2200 1275 2261 quando
1314 2201 1515 2248 occurrit
1552 2201 1609 2247 ei.

566 2272 685 2333 Ergo
725 2285 851 2318 sume
888 2271 1141 2332 exemplum
1177 2271 1224 2316 in
1260 2285 1355 2324 me,
1394 2278 1440 2318 et
1476 2272 1656 2332 corrige
1694 2279 1738 2319 te
1774 2285 1902 2325 mox.

681 2342 743 2389 Ne
780 2348 889 2404 post
925 2341 1170 2403 poeniteas,
1209 2342 1296 2389 ista
1334 2342 1457 2404 quod
1493 2356 1584 2390 non
1620 2343 1801 2391 feceris.

566 2414 622 2461 Et
659 2416 696 2460 si
734 2427 805 2460 me
841 2427 988 2465 amas,
1027 2412 1132 2459 olim
1170 2427 1242 2460 me
1280 2415 1398 2460 sicut
1434 2413 1619 2465 amasti,

677 2485 886 2532 Proximo
926 2491 975 2530 tu
1010 2483 1120 2530 mihi
1155 2491 1280 2531 certo
1318 2484 1542 2546 responde
1579 2485 1664 2531 die.
1895 2547 1898 2550 Α
2385 2498 2430 2534 3ο

566 2558 707 2602 Amen
743 2556 844 2603 dico
885 2554 991 2608 tibi,
1031 2557 1067 2602 si
1105 2570 1198 2602 non
1236 2555 1527 2618 responderis
1565 2558 1680 2608 cito.

677 2627 744 2673 Tu
781 2627 835 2674 ad
870 2626 1122 2688 patibulum
1159 2641 1243 2688 pro
1280 2641 1352 2673 me
1387 2629 1682 2688 imposterum
1718 2627 1799 2674 ito.

568 2698 698 2745 Hisce
735 2698 835 2745 dico
875 2697 991 2749 vale.
1029 2697 1212 2750 valetis.
1251 2700 1318 2744 uti
1355 2698 1556 2750 valebas,

679 2770 791 2816 Dum
830 2769 911 2815 tibi
948 2782 1050 2815 esse
1085 2767 1202 2815 bene
1237 2775 1375 2831 atque
1411 2769 1558 2818 valere
1594 2770 1736 2831 piget.

1281 2921 1329 2974 9.
2386 2942 2428 2976 35

945 3033 1247 3087 Iohannes
1285 3034 1658 3101 Kanocknyx

1030 3123 1270 3172 Professor
1303 3124 1585 3186 Fylolavicus

842 3204 1095 3255 Domino
1131 3206 1421 3256 Bartvico
1457 3205 1763 3256 Animalio

891 3294 1072 3355 Collego
1110 3294 1326 3341 altissime
1362 3295 1713 3361 honoratissimo

935 3378 1097 3427 bonam
1133 3379 1488 3428 benedictionem
1526 3386 1654 3443 optat
2381 3400 2427 3434 40

870 3479 895 3511 a
931 3464 1051 3512 Solis
1089 3471 1194 3512 ortu
1229 3479 1375 3528 usque
1409 3466 1466 3513 ad
1501 3478 1726 3513 occasum.

376 3559 606 3622 Scripsisti
645 3576 789 3623 nuper
824 3563 879 3608 ad
915 3577 1009 3616 me,
1047 3565 1107 3610 mi
1145 3564 1326 3627 College
1363 3565 1602 3617 altissime,
1640 3563 2015 3618 honoratissime,
2054 3566 2174 3627 quod
2211 3565 2369 3612 vellem

236 3631 318 3679 tibi
354 3631 551 3679 indicare
587 3645 730 3678 meam
768 3635 1062 3689 sententiam,
1114 3650 1247 3697 quam
1283 3634 1427 3683 habeo
1465 3636 1519 3682 de
1557 3643 1637 3682 tuo
1671 3635 1865 3698 pulchro
1901 3636 2045 3688 libro,
2098 3650 2230 3697 quem
2277 3639 2368 3682 cito

349 3755 384 3783 ¹⁰
414 3755 693 3799 Catharinae.
778 3753 813 3782 ¹⁸
842 3755 989 3810 plenis
1019 3756 1191 3806 buccis,
1221 3762 1271 3800 ut
1300 3772 1398 3800 mus
1430 3760 1643 3802 cricetus.
1728 3757 1765 3785 ²⁴
1794 3761 1894 3814 ipse
1922 3761 1998 3802 sic.
2020 3760 2117 3801 edd.

346 3826 384 3853 ³⁶
412 3826 543 3868 Kann
561 3826 668 3868 noch
687 3826 834 3869 nicias.
898 3826 936 3852 3⁷
964 3826 1258 3880 Fylolauieus
1277 3831 1376 3870 edd.
1397 3832 1598 3883 seriptum
1611 3830 1748 3883 fuerit
1767 3830 2077 3885 Fylosovicus.
2142 3827 2180 3855 ³⁸
2210 3829 2367 3876 Bartv.

235 3895 402 3952 Anim.]
434 3898 656 3940 Hartwiclz
684 3898 890 3951 Dieriny?
972 3895 1009 3923 ⁸⁹
1040 3897 1262 3941 altissimo
1291 3901 1390 3940 edd.
1411 3902 1455 3941 2.
