2456 4264
90 313 287 346 Annum
309 312 519 343 nomn>
540 311 793 342 cAssmuAL.
807 313 843 343 S.
858 313 1026 344 chcls
1049 314 1121 343 ΕΡ.
1133 314 1176 346 D.
1191 309 1243 343 16.
1256 314 1356 347 MAI.
1367 309 1525 347 Α.1515.
1587 313 1881 344 CONSVMMAT.
1895 314 2082 347 HISTOB.
2129 290 2247 350 153

956 447 1119 496 Nota
1154 448 1379 497 lector.

214 543 273 593 ί
311 543 353 595 0
387 557 474 594 vos
498 543 780 594 Christiani
816 547 1061 594 attendite
1099 547 1352 609 (obsecro)
1392 549 1652 596 veritatem
1677 552 1726 596 et
1749 549 2065 609 equissimum
2090 549 2256 597 nostri

88 631 291 694 Μυσία·
312 642 624 692 processum.
663 631 901 680 habemus
935 633 1114 680 etenim
1142 646 1247 694 pro
1272 634 1412 681 nobis
1435 635 1703 699 multarum
1730 634 2108 683 universitatum
2131 647 2249 683 con-

14 703 36 786 Ξ
83 716 207 770 aazia
240 729 307 765 ac
343 715 654 766 doctrinales
690 718 989 776 sententias,
1039 731 1441 780 summorumque
1475 720 1701 767 virorum
1737 723 1786 766 et
1822 721 1874 767 in
1904 720 2087 780 primis
2124 719 2250 767 Par-

15 798 408 1082 Paeffloiemium
442 802 702 851 verissima
738 803 1048 862 testimonia,
1092 816 1304 864 quorum
1342 805 1495 852 etiam
1532 805 1765 852 nonnulli
1798 817 1901 851 una
1937 817 2051 852 cum
2089 805 2250 865 inqui-

12 331 45 691 πτνΰ-ξγῼγ,’ὒπὲ”“
17 242 22 250 ·’
12 184 34 211 f
12 136 28 155 ¹‘
8 0 42 115 ’Ὦ

45 952 49 953 ⁷
88 887 327 953 &tentet
360 886 668 936 coniunctim
714 892 763 935 et
808 887 1006 937 divisim
1050 902 1157 937 sese
1203 890 1276 938 ad
1311 890 1576 950 publicam
1612 889 2002 950 disputationem
2040 890 2092 937 in
2128 890 2253 938 urbe

90 971 327 1025 Romam
360 975 544 1020 contra
579 971 861 1020 Iohannem
898 972 1148 1022 Reuchlin
1184 980 1273 1022 aut
1309 975 1439 1022 alios
1475 975 1644 1023 nescio
1681 986 1805 1034 quos
1830 973 2253 1035 Philocapniones

16 1080 52 1153 ⁴3
93 1056 393 1108 obtulerunt.
434 1057 524 1117 qui
557 1057 902 1116 Reuchliniste
934 1071 1032 1119 per
1069 1059 1218 1107 devia
1254 1064 1303 1107 et
1338 1060 1596 1107 nullitates
1632 1048 1940 1107 ambulando
1977 1058 2107 1106 nihil
2131 1071 2251 1119 pre-

92 1146 172 1191 ter
202 1141 462 1203 strepitum
508 1142 639 1190 iuris
676 1147 1082 1203 prosequuntur,
1138 1157 1232 1192 nec
1277 1145 1541 1205 disputare
1575 1157 1689 1192 cum
1727 1144 1830 1191 illis
1871 1143 2089 1203 audent,
2139 1158 2253 1192 cum

94 1226 173 1277 vel
203 1225 426 1287 silentio,
476 1227 555 1276 vel
597 1227 705 1275 alia
744 1227 938 1285 (nescio
974 1230 1101 1289 qua)
1140 1229 1430 1278 conditione
1465 1233 1618 1277 totum
1667 1228 1949 1277 istiusmodi
1992 1230 2253 1289 neqocium

21 1354 25 1358 ,
58 1327 62 1340 ·
88 1315 378 1375 pervertere
409 1316 673 1361 conentur.
751 1311 794 1358 (Ι
829 1312 957 1361 Item
993 1314 1147 1374 quale
1180 1313 1277 1362 hoc
1311 1315 1508 1374 siqnum
1545 1319 1616 1363 est
1652 1316 1791 1375 quod
1812 1316 2005 1364 nullam
2030 1316 2138 1376 ipse
2155 1328 2255 1376 pro

7 1364 41 1429 ’ᾗ
89 1410 145 1447 se
176 1397 552 1446 universitatem
587 1397 776 1445 habet?
813 1397 906 1446 Est
934 1397 1175 1459 profecto
1206 1412 1307 1460 pro
1343 1413 1402 1448 eo
1431 1400 1717 1461 pessimum.
1795 1399 1926 1448 Nam
1961 1401 2008 1449 si
2030 1402 2255 1461 aliquam

19 1441 45 1531 ἱ
81 1494 186 1545 pro
218 1495 273 1531 se
306 1481 537 1541 haberet,
590 1483 679 1531 diu
707 1484 1047 1544 proculdubio
1078 1486 1226 1534 illam
1263 1487 1606 1547 expressisset.
1685 1486 1926 1534 Mentitus
1976 1491 2049 1534 est
2096 1487 2255 1546 iqitur

35 1574 42 1581 ”
89 1566 144 1616 in
167 1567 445 1631 principiis
480 1566 796 1627 defensionis
828 1583 932 1628 sue,
964 1565 985 1636 Η
1011 1572 1150 1632 quod
1181 1572 1375 1620 scilicet
1410 1572 1518 1634 ipse
1547 1570 1737 1630 fecerit
1771 1571 2091 1633 triumphare
2125 1573 2251 1619 veri·
2275 1574 2336 1628 511

10 1678 13 1693 ι
88 1639 255 1703 tatem.
330 1651 394 1702 Si
411 1665 532 1702 vero
555 1654 702 1716 apud
721 1666 838 1703 suos
855 1653 1001 1716 fecit,
1043 1669 1145 1705 non
1171 1661 1245 1704 est
1269 1657 1407 1718 quod
1431 1657 1488 1705 id
1509 1658 1686 1717 maqni
1701 1655 1977 1717 faciamus,
2018 1670 2131 1705 cum
2157 1657 2252 1705 hoc

22 1752 60 1824 b,
85 1737 193 1813 solo
218 1738 546 1800 privatorum
576 1737 766 1798 favore
801 1744 851 1787 et
886 1741 1036 1789 nullo·
1063 1755 1286 1802 unquam
1322 1743 1387 1791 sit
1425 1742 1690 1791 doctorum
1736 1743 1951 1790 concilio
1997 1742 2251 1803 approba-

23 1825 37 1861 ,⁶
86 1817 236 1872 tums
280 1821 540 1872 Sententia
586 1824 739 1872 etiam
775 1823 1092 1886 Spirensium
1136 1840 1323 1888 parum
1370 1828 1477 1888 ipse
1521 1831 1612 1875 aut
1647 1827 1778 1875 nihil
1812 1827 2130 1888 triumphare
2158 1840 2252 1889 po-

25 1939 36 1960 ;
178 1944 194 1967 ,
233 1921 348 1958 cum
383 1909 519 1958 alter
553 1909 776 1958 iudicum
807 1923 910 1971 pro
947 1912 1197 1960 tribunali
1227 1926 1335 1960 sese
1371 1913 1687 1961 abdicaverit
1724 1925 1787 1960 ac
1814 1914 1979 1974 plane
2003 1924 2251 1961 exonera-

24 1996 230 2254 ἱνα-εἶ.
305 1993 412 2043 Sed
443 1994 541 2045 hoc
575 1995 827 2045 iudicibus
862 1997 915 2044 in
953 1997 1077 2045 urbe
1114 1996 1349 2045 Romana
1386 1998 1753 2046 discutiendum
1790 1998 2037 2058 relinquo,

23 1839 42 1934 v-‹·-

24 1962 46 2008 »w

809 2122 1274 2173 Consummatio
1310 2124 1617 2183 Historie.

27 2285 31 2292 ι
230 2221 543 2285 Quamquam
580 2223 883 2272 venerabilis
918 2237 982 2273 ac
1006 2225 1368 2274 eruditissimus
1393 2227 1471 2273 vir
1495 2224 1728 2273 dominus
1752 2228 1800 2271 et
1824 2223 2014 2272 Frater
2038 2223 2255 2273 Iacobus

35 2321 41 2375 ζ
85 2307 427 2359 Hochstraten
463 2307 683 2367 heretice
709 2310 993 2371 pravitatis
1030 2310 1297 2371 inquisitor
1333 2312 1386 2358 in
1426 2311 1648 2372 propria
1685 2321 1915 2370 persona
1963 2310 2036 2357 ad
2079 2307 2251 2369 defen-

27 2399 42 2438 τέ
80 2394 305 2444 ’ἆεηάαηι
341 2394 603 2443 veritatem
639 2398 688 2443 et
723 2395 930 2446 oculare
964 2396 1222 2457 speculum
1258 2396 1478 2457 leqitime
1514 2394 1916 2456 impuqnandum
1942 2394 2099 2453 Rome
2124 2407 2254 2443 com-

30 2485 38 2522 ὁ
79 2479 342 2544 paruerit,
382 2482 434 2528 et
458 2479 786 2542 probaverit,
827 2493 980 2541 seque
1016 2480 1186 2529 adhuc
1222 2483 1378 2530 latius
1392 2481 1736 2543 probaturum
1761 2479 2064 2539 exhibuerit,
2106 2480 2255 2527 iuxta

28 2564 286 2630 uprtores
306 2565 595 2627 sententias,
625 2565 765 2626 quod
784 2566 916 2614 liber
934 2566 1144 2616 Ioannis
1162 2567 1414 2616 Reuchlin
1438 2566 1502 2614 sit
1521 2566 1740 2628 flammis
1765 2578 1828 2613 ac
1844 2565 2052 2626 publico
2077 2565 2258 2625 diqnus

29 2635 61 2680 Γ
84 2650 334 2712 incendio,
376 2654 543 2700 tamen
581 2664 840 2712 nunquam
878 2664 1033 2701 ausus
1065 2651 1170 2712 fuit
1209 2653 1357 2712 (licet
1391 2652 1552 2700 multa
1578 2651 1640 2699 de
1665 2663 1724 2698 eo
1748 2650 2017 2698 mendacia
2041 2650 2254 2699 circum-

82 2732 365 2797 ferrentur,
407 2735 545 2798 quod
565 2737 759 2786 scilicet
783 2741 856 2786 tot
879 2741 929 2786 et
953 2742 1025 2786 tot
1050 2740 1191 2800 equis
1216 2738 1430 2787 ,Romam
1448 2734 1724 2800 profectus
1760 2738 1908 2796 esset)
1949 2736 2001 2783 in
2028 2735 2254 2796 propria

75 2833 301 2886 persona
326 2822 448 2872 illuc
462 2823 741 2884 proficisci,
782 2823 875 2871 sed
895 2824 1053 2872 solum
1090 2826 1195 2874 suis
1231 2824 1437 2873 astuciis
1474 2828 1522 2870 et
1549 2835 1651 2883 per
1686 2833 1802 2875 suos
1839 2821 2006 2869 nescio
2044 2833 2167 2881 quos
2204 2821 2256 2868 in

33 2952 50 2960 .,
84 2908 319 2958 continuo
354 2906 532 2957 labore
560 2905 671 2967 suit
707 2912 763 2956 ut
799 2921 941 2957 omne
978 2910 1055 2958 ius
1093 2913 1316 2958 nostrum
1354 2908 1622 2971 impediret
1657 2911 1705 2954 et
1730 2910 1785 2956 ut
1808 2906 2057 2954 silentium
2097 2905 2256 2966 (quod

32 3004 180 3048 unos
213 3005 469 3056 nunquam
498 2994 796 3056 petivimus)
837 2994 900 3042 ab
938 2999 1155 3056 utraque
1188 2999 1342 3056 parte
1358 2994 1732 3056 preciperetur.
1802 2990 1948 3048 Quod
1971 2990 2055 3038 ubi
2079 3003 2111 3037 a
2136 2990 2256 3037 sede

36 3061 62 3090 ρ’
84 3078 370 3142 apostolica
406 3078 505 3127 tali
537 3078 829 3128 conditione
864 3081 1214 3142 impetrasset,
1268 3084 1321 3128 ut
1367 3083 1533 3127 stante
1578 3078 1685 3126 illic
1730 3077 1819 3124 lite
1856 3076 1990 3123 ultro
2026 3076 2255 3135 citroque

46 3184 52 3191 ·
83 3163 340 3214 scribendi
370 3164 623 3213 silentium
658 3170 977 3225 servaretur,
1020 3166 1226 3227 ipsemet
1261 3178 1468 3213 servare
1503 3177 1603 3213 non
1633 3162 1802 3223 potuit
1838 3164 1927 3208 aut
1964 3161 2140 3208 saltem
2177 3161 2259 3208 sui

41 3259 46 3263 “
85 3261 207 3313 quos
240 3250 350 3313 ipse
385 3249 763 3298 dissimulanter
796 3241 1118 3310 subornavit,
1172 3252 1330 3300 veluti
1372 3250 1520 3298 modo
1559 3247 1714 3309 (proh
1744 3246 1918 3308 pudor
1955 3245 2147 3307 nephas
2183 3250 2256 3293 est

26 3362 58 3403 ,φ
84 3333 277 3398 dicere)
302 3334 461 3384 latius
483 3346 598 3383 cum
622 3347 820 3393 merore
855 3341 904 3383 et
927 3336 1207 3399 lachrymis
1230 3336 1589 3398 explicabitur.
1667 3331 1708 3379 (Ι
1748 3332 2057 3392 Priusquam
2085 3336 2254 3378 tamen

40 3393 57 3428 ⁵
88 3415 163 3471 ud
193 3419 290 3470 hoc
327 3419 619 3479 deveniam,
661 3419 756 3468 hoc
791 3421 951 3469 solum
990 3422 1253 3481 adiecero,
1296 3434 1394 3482 quo
1433 3421 1505 3468 ad
1538 3414 2010 3468 consummationem
2047 3416 2254 3473 historie

81 3503 187 3557 obe
221 3506 374 3555 totius
411 3504 781 3565 quodammodo
819 3506 1032 3566 neqociz}
1073 3519 1151 3554 me
1175 3506 1304 3555 nihil
1328 3506 1474 3554 aliud
1498 3505 1669 3573 dicere
1692 3515 1827 3551 nunc
1853 3502 2069 3562 amplius
2086 3513 2250 3561 posse,

75 3591 234 3655 Quam
269 3602 478 3640 causam
516 3591 682 3651 ipsam
711 3591 944 3651 pendere
980 3603 1155 3639 coram
1192 3595 1522 3639 sacrosancta
1559 3590 1677 3637 sede
1714 3587 1996 3650 apostolica
2035 3587 2086 3634 in
2134 3585 2255 3633 urbe

213 3688 345 3736 ana,
385 3688 604 3737 sperans
639 3679 689 3723 et
722 3677 810 3738 pie
846 3676 1058 3725 credens
1095 3677 1148 3725 in
1176 3675 1377 3725 Christo
1414 3674 1591 3733 Ihesu‚
1636 3673 1773 3735 quod
1809 3673 1996 3721 veritas
2033 3672 2145 3731 ipsa
2183 3673 2253 3716 tot

200 3773 343 3810 orum
389 3762 647 3809 sententiis
692 3761 983 3823 approbata
1029 3775 1139 3810 eum
1187 3762 1250 3809 sit
1297 3760 1608 3822 triumphum
1661 3759 1734 3806 ad
1778 3758 1932 3805 totius
1981 3755 2253 3810 christiane

47 3900 53 3907 ⁴
83 3846 343 3908 relioionis
379 3846 619 3895 honorem
657 3845 922 3908 habitura,
974 3860 1116 3910 quem
1154 3847 1297 3896 nulla
1334 3848 1398 3895 sil
1435 3850 1643 3903 venture
1672 3842 1989 3907 posteritatis
2026 3840 2252 3887 deletura

85 3930 277 3983 oblivio.
333 3938 341 3945 ·
