2456 4264
219 257 333 316 132
507 282 602 309 10A.
625 281 940 309 PEPERICORNI
962 279 1192 308 DEFENSIO
1217 278 1399 311 CONTRA
1420 277 1630 306 FAMOSAS
1653 278 1695 308 Ο.
1718 278 1761 307 V.
1781 277 2054 307 EPISTOLAS.

211 415 458 472 iqnorent,
496 410 710 470 Reliqua
739 411 890 469 iqitur
921 424 1014 469 que
1049 413 1394 470 supersunt'et
1426 421 1492 455 ex
1520 407 1902 467 precedentibus
1938 408 2233 470 aduersarii,
2271 411 2367 474 'aut

213 499 264 544 in
306 496 497 544 Christo
537 491 708 555 potius
757 495 907 541 amici
956 483 1114 540 verbis
1167 489 1287 554 capi
1327 487 1554 553 possunt,
1605 491 1783 551 optimo
1827 492 2003 552 cuique
2047 490 2359 539 discutienda

214 582 451 640 relinquo,

1070 660 1222 707 Nota
1262 660 1511 717 Quarto,
1811 655 1833 725 ΙΙ

102 779 221 834 (m)⁴
357 775 398 822 (Ι
436 775 602 823 Posset
630 774 721 822 hoc
756 776 862 821 loco
897 772 1350 821 Reuchlinistarum
1384 772 1507 819 mihi
1541 772 1723 830 aliquis
1757 770 2001 818 obiectare
2036 771 2211 819 Noster
2238 770 2359 830 for-
2382 781 2402 813 5

215 867 341 907 tasse
380 860 603 920 Capnion
634 861 836 906 latiores
871 857 1039 904 adhuc
1083 856 1459 915 informationes
1503 856 1567 902 ab
1613 856 1931 902 universitate
1976 861 2060 902 tua
2102 855 2198 902 sibi
2239 856 2367 902 mitti

215 944 527 993 desideravit.
606 943 736 1001 Quid
770 943 967 990 obsecro
1002 946 1068 989 tot
1099 955 1161 989 ac
1194 942 1341 989 tantis
1377 932 1811 998 informationibus
1840 940 1972 986 ultro
1996 940 2217 999 citroque
2242 951 2364 999 opus

214 1042 318 1076 esse
347 1030 531 1088 potuit,
565 1029 649 1076 ubi
682 1032 828 1074 antea
868 1027 946 1084 (ut
981 1027 1142 1074 statim
1181 1027 1284 1086 ipse
1321 1024 1575 1084 confessus
1608 1026 1702 1084 est)
1740 1036 1858 1078 suas
1885 1023 2119 1071 edidisset
2152 1025 2204 1071 in
2239 1036 2363 1071 ocu—

214 1115 325 1161 lare
357 1115 608 1173 speculum
646 1111 1028 1168 declarationes,
1065 1116 1113 1158 et
1137 1115 1314 1170 postea
1339 1110 1665 1165 theutonicas‘,
1702 1103 1793 1155 sub
1825 1108 2003 1155 eadem
2034 1100 2164 1168 pene
2194 1107 2367 1165 forma

217 1198 296 1256 (ut
326 1211 483 1258 supra
520 1200 838 1245 memoratum
875 1198 970 1256 est)
1007 1195 1199 1242 edendo
1234 1194 1359 1241 nihil
1389 1194 1460 1240 ad
1481 1206 1587 1240 rem
1618 1192 1814 1251 fecerit,
1849 1194 1967 1252 quin
1989 1194 2156 1252 potius
2186 1193 2364 1239 nostris
2386 1205 2430 1236 w

216 1283 425 1330 illuserit
433 1278 459 1329 ?
508 1278 679 1338 Qualis
726 1285 799 1328 est
842 1282 924 1327 ille
970 1280 1138 1327 doctor
1175 1284 1262 1325 aut
1298 1280 1460 1338 potius
1507 1277 1586 1335 (ut
1631 1277 1754 1324 mihi
1785 1279 2072 1338 temperem)
2119 1276 2366 1334 seductor,
2435 1267 2438 1269 Α

216 1366 303 1425 qui
326 1366 556 1426 'duplices
586 1367 637 1412 in
672 1378 765 1413 sua
802 1366 989 1425 scripta
1028 1350 1393 1411 declarationes
1421 1362 1682 1410 scribendo
1718 1362 2030 1410 diversarum
2068 1362 2369 1408 universita-

218 1455 318 1497 tum
353 1450 629 1498 doctoribus
675 1462 773 1510 pro
810 1448 935 1507 fidei
976 1449 1270 1509 synceritate
1317 1461 1380 1494 ac
1427 1449 1647 1507 puritate
1690 1445 1988 1505 satisfacere
2034 1458 2131 1493 non
2167 1441 2370 1506 potest?

218 1535 456 1604 Nunquid
497 1536 612 1582 aliis
657 1533 1054 1595 universitatibus
1102 1546 1164 1579 ac
1208 1531 1565 1585 consultoribus
1605 1526 1973 1594 *commentariis
1999 1531 2369 1593 ‚declarationi—

216 1604 362 1667 b'usve
393 1623 464 1667 est
485 1607 805 1679 ullisopus?
840 1606 1047 1665 Minime
1083 1606 1299 1676 inquam,
1338 1614 1556 1676 Syncere
1586 1617 1760 1663 etenim
1795 1601 1845 1664 et
1875 1615 2115 1664 catholice
2146 1616 2368 1676 scripse-
2386 1629 2449 1664 ιε,-

218 1708 349 1751 runt.
426 1702 480 1751 (Ι.
503 1702 723 1763 Itemque
763 1703 809 1749 si
846 1703 1068 1749 latiorem
1117 1701 1286 1748 adhuc
1330 1701 1717 1748 declarationem
1767 1714 1927 1761 supra
1966 1713 2115 1761 quam
2158 1701 2374 1760 oportuit

216 1787 401 1836 habere
437 1789 686 1846 voluisset,
730 1786 972 1834 debuisset
1016 1786 1215 1834 tandem
1260 1789 1309 1833 et
1354 1784 1416 1832 ab
1446 1783 1883 1855 Erphoordensibus
1917 1790 1967 1832 et
1999 1798 2032 1831 a
2067 1784 2374 1844 Moquntinis

216 1877 265 1920 et
299 1886 331 1920 a
377 1871 531 1919 tribus
566 1872 873 1932 potissimum
916 1872 1014 1918 illis
1063 1871 1151 1929 (de
1192 1869 1367 1930 quibus
1412 1874 1526 1917 ante
1571 1870 1755 1918 dictum
1790 1872 1887 1930 est)
1931 1870 2222 1918 clarissimis
2254 1870 2373 1917 viris

214 1957 401 2017 sibique
431 1957 655 2028 finitimis
688 1968 888 2004 suorum
923 1955 1157 2003 errorum.
1171 1954 1388 2002 *latibula
1428 1955 1658 2014 quesisse.

1073 2082 1229 2130 Nota
1273 2060 1505 2139 Quinto,
1669 2143 1673 2147 Α
1732 2061 1736 2063 ,
2383 2065 2438 2124 20³

359 2181 400 2230 (Ι
438 2182 583 2231 Nunc
619 2187 780 2231 autem
817 2183 935 2243 quia
965 2182 1028 2230 de
1065 2181 1495 2250 informationibus
1520 2181 1800 2252 loquimur,
1840 2194 1965 2242 quas
1995 2195 2028 2229 a
2063 2182 2243 2229 nostris
2275 2179 2372 2228 do-
2421 2221 2429 2227 .

215 2268 428 2336 ctoribus
477 2269 622 2331 nimis
668 2267 1137 2330 superabundanter
1179 2268 1532 2328 expostulavit,
1578 2266 1945 2315 consideremus
1985 2271 2175 2327 oportet
2219 2266 2374 2327 ipsius

218 2353 424 2401 hominis
459 2354 717 2401 inscitiam.
790 2351 942 2400 Nosse
986 2353 1115 2401 enim
1152 2352 1339 2411 debuit,
1381 2351 1634 2412 publicam
1669 2351 1764 2399 sibi
1797 2351 2062 2400 dumtaxat
2095 2351 2372 2400 revocatio-

199 2451 351 2497 -nem,
388 2442 436 2485 et
469 2437 595 2485 nihil
621 2436 785 2496 aliud,
835 2441 938 2485 tum
971 2438 1044 2485 ad
1071 2437 1307 2485 honorem
1342 2435 1495 2484 Ihesu
1531 2435 1706 2484 christi
1738 2436 1943 2483 tum-ad
1971 2436 2096 2496 fidei
2125 2449 2371 2496 auqmen—

216 2528 339 2584 tum,
364 2524 484 2568 tum
521 2521 592 2568 ad
621 2523 822 2581 ecclesie
852 2523 1137 2581 firmitatem
1166 2523 1476 2581 omniumque
1504 2521 1895 2580 christifidelium
1922 2523 2131 2570 salutem
2165 2528 2431 2580 restat-‘ests

213 2605 315 2653 Illa
347 2607 521 2653 etenim
558 2620 677 2654 vera
714 2611 862 2667 atque
898 2606 1117 2655 omnibus
1146 2605 1404 2666 sufficiens
1430 2607 1706 2654 declaratio
1736 2604 1944 2665 fuisset:
1981 2605 2108 2654 Nam
2133 2605 2256 2666 quid
2277 2619 2371 2662 nee

217 2704 349 2738 cesse
385 2695 496 2738 erat
530 2691 609 2738 illi
642 2698 697 2740 ut
742 2696 842 2739 tam
884 2694 1075 2740 curiose
1122 2696 1317 2751 tamque
1362 2695 1664 2751 arroqanter
1704 2692 1756 2739 in
1802 2691 2074 2750 orthodoxe
2114 2691 2239 2749 fidei
2277 2703 2371 2738 ne-

212 2777 355 2835 qocio
399 2775 655 2831 scriberet,
703 2781 757 2823 ut
803 2790 937 2824 nunc
978 2778 1042 2824 sit
1075 2775 1264 2837 Sibylla
1313 2789 1436 2837 opus
1478 2772 1782 2837 interprete?
1826 2776 1935 2824 Non
1972 2777 2202 2824 emeritus
2235 2777 2372 2823 miles

219 2860 309 2907 sed
343 2864 453 2921 tyro
487 2861 761 2926 sepiuscule
791 2861 1203 2921 redarquen‚dus.-
1249 2897 1254 2900 .
1265 2860 1398 2918 Quia
1430 2862 1691 2922 capularis
1724 2874 1894 2928 senex¹
1914 2866 1964 2910 et
2008 2861 2096 2922 qui
2141 2860 2393 2909 doctissi-.

217 2957 348 2992 mum
383 2958 435 2992 se
473 2944 650 2993 haberi
681 2947 784 2994 vult
817 2950 992 2993 tantas.
1015 2957 1215 2993 suorum
1250 2947 1548 3006 scriptorum
1585 2946 1648 2993 ab
1679 2946 1794 3004 aliis
1818 2945 2179 2994 declarationes
2206 2957 2367 3006 expo-
2385 2953 2432 3007 ει)ὓ

216 3025 451 3076 stulabit?
499 3028 737 3078 Ridicula
786 3043 863 3078 me
907 3030 1109 3078 hercule
1138 3044 1220 3078 res
1254 3037 1328 3078 est
1359 3044 1422 3078 ac
1454 3032 1658 3092 penitus
1694 3030 1997 3079 detestanda.
2070 3031 2219 3079 voluit
2247 3029 2371 3089 for-
2410 3083 2414 3086 ,

220 3120 348 3160 tasse
381 3113 453 3160 ad
485 3115 684 3173 lonqum
711 3115 932 3163 Platonis
969 3128 1155 3163 annum
1195 3122 1242 3162 et
1268 3115 1340 3162 ad
1372 3115 1620 3164 kalendas
1648 3128 1831 3175 qrecas
1866 3113 2163 3174 informari,
2213 3118 2269 3162 ut
2301 3115 2373 3162 sic

216 3199 361 3256 lonqo
397 3210 640 3246 annorum
666 3199 894 3248 discursu
920 3201 1108 3248 evoluto
1138 3201 1190 3246 in
1216 3212 1309 3247 sua
1341 3201 1445 3262 ipse
1467 3199 1632 3259 heresi
1657 3204 1747 3248 aut
1768 3202 1997 3261 opinione
2021 3213 2187 3261 prava
2220 3199 2372 3258 (citra

107 3291 226 3348 (fflb)
239 3287 401 3330 tamen
436 3283 516 3329 sui
549 3285 755 3332 nominis
791 3288 979 3347 notam)
1005 3279 1027 3351 Η
1046 3289 1370 3345 permaneret
1402 3289 1450 3332 et
1470 3284 1653 3345 absque
1675 3285 1925 3345 condiqna
1950 3286 2251 3333 correctione
2274 3285 2372 3332 im-

219 3367 381 3429 munis
412 3366 655 3415 evaderet.
730 3368 773 3415 (Ι
820 3368 1042 3417 Ceterum
1085 3368 1208 3429 quid
1250 3369 1302 3416 in
1348 3369 1570 3418 omnibus
1615 3372 1718 3419 suis
1755 3370 1954 3431 scriptis
1993 3368 2130 3429 facit
2172 3370 2360 3417 amicus
2379 3373 2423 3408 3⁵
2454 3381 2456 3438 j

219 3446 420 3499 noster?
464 3449 658 3512 Lupum
691 3453 742 3500 in
775 3455 1014 3513 periculis
1045 3454 1319 3514 emulatur,
1369 3455 1458 3514 qui
1489 3455 1540 3502 in
1569 3452 1764 3513 fossam
1802 3456 1997 3504 incaute
2031 3456 2228 3516 lapsus,
2278 3457 2391 3514 quoj

219 3536 381 3596 maqis
414 3536 600 3583 exitum
636 3536 882 3596 unquibus
917 3538 1188 3599 scalpendo
1215 3545 1400 3599 parat,
1449 3551 1507 3586 eo
1542 3541 1704 3598 maqis
1739 3545 1787 3587 et
1813 3553 1867 3588 os
1896 3544 1946 3588 et
1980 3541 2144 3588 oculos
2180 3544 2371 3587 sterco-
2453 3565 2456 3602 2

219 3619 358 3668 ribus
394 3620 574 3680 opplet.
646 3619 807 3668 Nullis
840 3622 992 3680 iqitur
1025 3622 1336 3682 ambaqibus,
1383 3623 1533 3670 nullis
1577 3624 1983 3684 contentionibus,
2033 3625 2184 3673 nullis
2229 3625 2372 3672 inve·
2453 3624 2456 3643 ¹

218 3705 381 3766 ctiviS,
418 3705 554 3752 nullo
590 3704 849 3753 mendacio
865 3742 876 3763 ,
919 3707 1055 3753 nullo
1084 3708 1271 3765 colore,
1312 3708 1451 3754 nulla
1487 3706 1686 3755 tandem
1716 3709 1995 3769 eloquentia
2025 3722 2131 3758 sese
2166 3708 2244 3757 his
2263 3721 2371 3756 ra-

219 3788 429 3838 tionibus
463 3790 666 3838 exolvet.
708 3789 798 3838 sed
831 3789 971 3838 homo
1005 3788 1211 3848 infamis
1253 3791 1377 3849 (nisi
1411 3802 1586 3838 novum
1623 3793 1781 3841 virum
1818 3795 2019 3857 induat)
2056 3796 2109 3845 in
2149 3797 2370 3854 eternum
2381 3796 2427 3834 ⁴⁰
2453 3828 2456 3830 -

210 3873 536 3938 permanebit.
1255 3885 1257 3887 ’
