2456 4264
235 287 268 343 2
289 287 300 342 1
322 287 356 343 8
821 302 1053 336 EPISTOLAE
1075 305 1381 334 O‘BSOVRORVM
1403 305 1613 333 VIRORVM
1635 305 1783 333 NOVAE.

233 439 655 493 atramentarium,
698 452 753 485 ea
792 439 951 498 potest
988 437 1223 482 annotare
1262 447 1356 495 que
1396 433 1552 488 audit,
1605 431 1676 481 vel
1713 432 1764 480 in
1801 433 2112 483 sermonibus
2149 434 2371 498 publiciS,

232 522 305 571 vel
342 525 391 570 in
431 519 799 575 conventiculis,
854 517 928 566 vel
978 516 1171 581 quando
1210 516 1462 566 studentes
1502 522 1549 565 et
1587 516 1765 565 fratres
1802 517 2135 580 predicatores
2173 519 2373 568 veniunt

232 609 277 654 in
318 607 514 654 domuin
554 618 719 657 suam,
771 600 843 650 vel
883 598 1076 664 quando
1115 600 1219 662 ipse
1260 600 1386 648 vadit
1423 600 1483 649 ad
1521 598 1767 649 balneum.
1844 600 2022 650 Sancte
2060 602 2205 658 deuS,
2252 608 2372 666 quot

228 688 584 753 predicationes
621 687 744 733 intra
776 696 855 733 ΧΠ
895 699 1049 733 annos
1087 684 1296 732 audivit?
1335 683 1464 741 Quot
1501 677 1886 734 admonitiones?
1924 686 2053 744 Quot
2089 691 2369 736 sanctorum
2446 709 2452 714 ·

227 778 417 837 patrum
457 771 770 819 autoritates?
817 767 946 825 Quas
994 769 1096 833 ipse
1135 767 1209 816 vel
1249 783 1338 832 per
1376 766 1589 831 seipsum
1628 769 1841 818 retinere
1879 775 1962 818 aut
2001 770 2139 818 uxori
2177 785 2265 834 sue
2304 772 2413 820 di-5

227 871 341 905 cere
379 856 561 919 potuit,
614 853 684 902 vel
723 854 782 901 ad
822 854 1056 916 parietem
1095 852 1341 908 scribere,
1393 851 1467 901 vel
1507 853 1567 901 ad
1604 851 1822 902 tabulam
1861 869 1998 903 suam
2036 869 2237 917 ponere.
2313 855 2373 904 Et

227 941 323 988 dixi
375 941 515 988 etiam
575 953 731 1001 nuper
780 937 909 1001 quod
958 937 1200 986 lohannes
1250 936 1558 986 Pfess'erkorn
1607 937 1667 986 de
1715 938 1875 1002 seipso
1924 938 2185 1003 profitetur
2235 938 2371 1004 (citra

227 1025 499 1073 iactantiam
540 1021 742 1086 tamen),
794 1021 923 1084 quod
964 1022 1125 1070 omnia
1162 1020 1242 1069 illa
1282 1036 1375 1084 que
1414 1022 1462 1070 in
1500 1020 1649 1070 biblia
1688 1020 1762 1070 vel
1807 1023 1857 1070 in
1907 1023 2060 1072 sacris
2097 1023 2371 1086 Evangeliis

226 1108 491 1162 habentur,
542 1121 629 1169 per
677 1099 891 1168 seipsum
930 1104 1142 1169 allegare
1180 1111 1340 1170 potest
1377 1105 1436 1154 ad
1475 1121 1622 1155 omne
1669 1107 2000 1171 propositum,
2051 1109 2152 1157 sive
2189 1108 2368 1158 malum

224 1193 320 1240 sive
360 1191 566 1247 bonum,
607 1191 706 1238 sive
744 1189 937 1239 Iudaice
975 1191 1073 1238 sive
1110 1189 1374 1239 Almanice.
1450 1189 1510 1238 Et
1548 1191 1693 1239 ctiam
1731 1191 1821 1239 scit
1857 1197 2166 1242 mentetenus
2205 1193 2425 1251 omniane

224 1274 479 1338 Evangelia
519 1289 611 1338 que
652 1290 739 1338 per
778 1280 931 1324 totum
970 1289 1151 1323 annum
1191 1278 1518 1339 exponuntur,
1559 1279 1608 1323 et
1644 1281 1804 1338 potest
1841 1291 1897 1324 ea
1935 1277 2145 1325 recitare
2182 1277 2242 1326 ad
2280 1292 2368 1326 un-

224 1375 392 1424 guem,
442 1359 571 1423 quod
611 1374 708 1406 non
748 1364 952 1422 possunt
990 1358 1152 1408 facere
1188 1360 1266 1408 isti
1302 1358 1478 1423 Iuriste
1518 1364 1565 1408 et
1601 1365 1760 1424 poete.
1836 1359 1996 1409 Etiam
2033 1360 2181 1410 habet
2216 1361 2368 1410 filium

222 1445 417 1493 nomine
457 1443 786 1501 Laurentium,
828 1444 1093 1507 ingenuum
1133 1433 1355 1507 profecto
1394 1442 1772 1500 adolescentem,
1814 1446 1898 1508 qui
1935 1444 2121 1494 studuit
2146 1446 2209 1494 ita
2237 1446 2368 1511 quod

223 1535 292 1578 est
332 1528 550 1591 pallidus,
627 1527 722 1576 Sed
761 1543 851 1591 ego
892 1529 1043 1576 miror
1082 1528 1211 1592 quod
1250 1529 1487 1593 permittit
1524 1543 1637 1578 eum
1675 1528 1873 1578 studere
1912 1529 1960 1578 in
1998 1529 2090 1578 illis
2116 1529 2368 1580 diabolicis

221 1614 402 1677 poetis:
451 1614 555 1676 ipse
603 1611 843 1674 recolligit
887 1613 1014 1676 patri
1052 1627 1140 1662 suo
1179 1613 1445 1662 sententias
1484 1612 1747 1663 Oratorum
1786 1619 1834 1662 et
1870 1619 2128 1676 poetarum
2167 1620 2268 1664 tum
2307 1631 2366 1665 ex
2385 1629 2437 1663 ιε·

221 1712 308 1745 suo
346 1702 449 1745 tum
488 1702 836 1760 preceptorum
875 1712 1076 1746 suorum
1116 1712 1229 1754 ore,
1280 1698 1340 1746 ad
1391 1713 1586 1747 omnem
1623 1699 1876 1747 materiam
1917 1703 1965 1748 et
2003 1714 2149 1749 omne
2186 1714 2368 1765 propo-

221 1783 390 1829 situm:
442 1786 489 1830 et
526 1781 615 1829 scit
652 1779 865 1844 allegare
902 1781 1176 1843 Hugonem.
1253 1781 1313 1830 Et
1361 1783 1464 1846 ipse
1511 1782 1754 1833 Iohannes
1789 1782 2098 1833 Pfess'erkorn
2147 1783 2370 1847 intelligit

221 1864 367 1913 multa
407 1881 466 1913 ex
505 1870 602 1913 tam
640 1866 852 1929 ingenuo
891 1865 1224 1922 adolescente,
1274 1866 1337 1915 ita
1389 1872 1440 1917 ut
1486 1882 1580 1931 que
1627 1867 1734 1931 ipse
1782 1867 2009 1918 indoctus
2057 1868 2220 1917 facere
2268 1883 2368 1917 non

218 1954 391 2013 potest,
431 1949 555 1998 filius
593 1950 696 1998 eius
735 1951 969 2014 perficiet.
1045 1949 1251 1999 Deleant
1291 1952 1439 2014 igitur
1478 1966 1649 2000 omnes
1688 1952 1770 2014 qui
1796 1950 1918 2001 false
1944 1952 2365 2009 circumtulerunt,

220 2034 346 2097 quod
387 2035 488 2098 ipse
527 2049 623 2083 non
664 2029 937 2098 composuit
974 2049 1089 2082 suos
1127 2033 1304 2092 libroS‚
1345 2036 1429 2084 sed
1468 2035 1698 2085 doctores
1737 2040 1784 2085 et
1820 2035 2037 2100 Magistri
2074 2037 2122 2085 in
2163 2036 2362 2087 Colonia
2379 2050 2423 2085 20

220 2124 520 2182 componunt
569 2134 675 2167 eos:
729 2118 999 2168 Erubescat
1047 2134 1243 2183 quoque
1294 2125 1341 2168 et
1389 2121 1438 2168 in
1485 2121 1753 2170 Aeternum
1803 2121 2088 2185 ingemiscat
2124 2121 2366 2172 Iohannes

220 2202 482 2259 Reuchlin,
525 2204 608 2267 qui
646 2204 788 2252 etiam
829 2203 945 2252 dixit
984 2204 1113 2268 quod
1152 2204 1394 2253 lohannes
1434 2203 1738 2254 Pfess'erkorn
1777 2219 1875 2254 non
1915 2207 2191 2269 composuit
2225 2222 2366 2256 suum

218 2286 439 2335 Manuale
478 2287 753 2350 speculum,
794 2287 852 2337 de
892 2303 988 2351 quo
1026 2303 1142 2352 sepe
1181 2289 1308 2352 apud
1348 2289 1518 2337 doctos
1555 2289 1644 2338 fuit
1681 2291 1954 2347 contentio,
1994 2291 2106 2353 quia
2145 2297 2244 2340 tres
2284 2291 2368 2340 viri

220 2370 462 2419 dederunt
501 2373 543 2420 ei
570 2370 676 2421 illas
702 2371 998 2421 Autoritates
1037 2388 1158 2436 quas
1195 2372 1262 2420 ibi
1300 2372 1539 2437 allegavit.
1615 2373 1754 2423 Tunc
1780 2389 1907 2423 unus
1934 2375 2077 2423 dixit:
2120 2373 2228 2431 ‘Qui
2254 2380 2366 2424 sunt
2426 2415 2428 2417 v

218 2453 287 2502 illi
334 2459 433 2503 tres
472 2457 559 2504 viri
575 2457 607 2504 Τ
656 2455 907 2520 Respondi
959 2457 1088 2520 quod
1138 2457 1330 2513 nescio;
1379 2458 1463 2507 sed
1505 2458 1655 2507 credo
1694 2459 1824 2523 quod
1863 2466 1976 2508 sunt
2012 2458 2080 2508 illi
2119 2465 2219 2508 tres
2258 2461 2418 2516 viri,25

218 2539 299 2600 qui
336 2546 669 2601 apparuerunt
693 2540 926 2598 Abraam,
966 2546 1019 2590 ut
1057 2540 1234 2603 legitur
1272 2542 1320 2589 in
1360 2542 1552 2592 Genesi.
1626 2542 1687 2591 Et
1725 2543 1921 2606 quando
1948 2544 2056 2593 dico
2083 2543 2208 2602 talia,
2248 2551 2364 2594 tunc

217 2621 517 2672 subsannant
552 2640 655 2682 me,
698 2631 924 2675 vexantes
962 2627 1087 2675 sicut
1120 2631 1394 2678 >scutonem.
1470 2626 1574 2690 Ego
1612 2625 1784 2677 vellem
1824 2628 1953 2693 quod
1994 2627 2215 2679 diabolus
2252 2644 2363 2694 per-

219 2710 405 2755 cuteret
443 2724 524 2756 eos
562 2708 702 2773 plaga
744 2724 945 2773 magna,
997 2711 1121 2759 sicut
1171 2710 1406 2760 scribitur
1453 2713 1502 2760 in
1540 2711 1667 2761 libro
1706 2712 1817 2770 Iob,
1868 2728 2014 2778 quem
2052 2729 2278 2777 pronunc
2315 2715 2362 2763 in

218 2792 510 2840 monasterio
550 2800 718 2853 nostro
756 2794 962 2858 legimus
1000 2795 1059 2843 ad
1099 2810 1332 2843 mensam.
1412 2795 1588 2845 Dicatis
1626 2796 1829 2845 Iohanni
1867 2797 2191 2854 Pfess'erkorn,
2233 2798 2361 2863 quod
2454 2851 2456 2857 ,

217 2873 394 2924 habeat
429 2877 734 2940 patientiam,
776 2881 888 2942 qnia
929 2894 1075 2943 spero
1114 2880 1244 2943 quod
1282 2879 1431 2928 semel
1472 2880 1699 2930 dominus
1738 2881 1859 2931 deus
1884 2882 2029 2932 faciet
2054 2882 2357 2939 miraculum,
2375 2891 2418 2928 ³⁰
2452 2894 2456 2934 Ι

218 2963 264 3005 et
301 2958 507 3009 salutate
546 2978 657 3010 eum
698 2965 894 3012 nomine
941 2978 1065 3011 me0.
1143 2963 1298 3012 Etiam
1346 2963 1533 3013 debetis
1581 2965 1697 3014 mihi
1747 2965 1958 3016 salutare
2007 2982 2212 3016 uxorem
2259 2969 2362 3017 eius
2452 2969 2456 2980 “

218 3042 340 3090 sicut
376 3042 502 3093 bene
538 3048 695 3095 scitis:
736 3047 821 3097 sed
861 3045 1066 3097 occulte.
1143 3053 1189 3096 et
1226 3047 1449 3097 ValeatiS.
1527 3049 1702 3099 Datum
1730 3052 1922 3115 raptim,
1964 3066 2065 3100 non
2093 3051 2227 3101 valde
2252 3067 2360 3116 spe-

218 3123 419 3174 culative
456 3128 729 3194 Antverpie.
1375 3165 1379 3169 ’
2447 3111 2456 3226 ξ

328 3346 344 3372 ⁴
383 3362 484 3389 .xn.
601 3350 617 3375 5
648 3354 979 3396 authoritates?
1011 3360 1052 3399 5.
1169 3356 1186 3382 ⁷
1215 3358 1279 3398 Io.
1305 3360 1396 3398 4.5.
1514 3358 1531 3384 8
1561 3359 1588 3412 (ἶ
1619 3363 1709 3401 4.5.
1829 3359 1860 3385 ¹¹
1895 3361 1921 3412 ᾇ
1951 3362 1993 3399 4.
2111 3359 2144 3386 ¹⁷
2173 3362 2239 3401 Io.
2263 3363 2355 3400 4.5.
2444 3325 2456 3418 ,¹

217 3416 251 3443 ¹¹⁵
284 3448 294 3458 .
316 3419 388 3458 Ita
420 3422 461 3459 4.
549 3419 581 3446 ²¹
614 3426 776 3474 eternfi
807 3428 846 3464 5.
936 3427 1001 3466 Io.
1028 3429 1117 3467 4.5.
1207 3425 1244 3452 ²²
1274 3428 1338 3468 Io.
1364 3429 1543 3481 pfeffer.
1567 3432 1663 3471 4.5.
1758 3429 1795 3455 ²³
1826 3430 2041 3470 manuale
2074 3433 2115 3471 4.
2203 3430 2240 3455 ²⁴¹
2268 3430 2356 3470 Au-
2442 3427 2456 3442 '¹

215 3486 453 3530 thozitates
485 3493 524 3529 5.
613 3489 701 3516 ²¹²5
735 3494 834 3534 sunt
864 3495 938 3534 isti
970 3496 1085 3535 viri?
1116 3500 1155 3537 5.
1245 3528 1254 3537 .
1280 3497 1370 3538 Sed.
1402 3502 1440 3538 4.
1455 3503 1495 3540 5.
1604 3501 1679 3540 isti
1710 3504 1750 3540 5.
1847 3499 1882 3525 ²⁹
1912 3502 1948 3540 I.
1972 3515 2014 3553 p.
2038 3503 2080 3543 4.
2112 3502 2176 3541 Io.
2200 3501 2293 3554 pfe.
2317 3503 2356 3540 5.

214 3555 248 3582 ³¹
283 3557 478 3599 salutate
509 3563 548 3599 5.
636 3559 672 3585 3²
702 3562 785 3602 Va.
810 3565 896 3603 Da.
921 3568 1058 3617 raptu
1091 3569 1129 3606 4.
1163 3570 1298 3619 rapti]
1329 3570 1453 3608 etiam
1483 3573 1526 3608 5.
1603 3568 1640 3594 ³³
1670 3569 1936 3623 Antuerpie.
1961 3573 2001 3610 4.
2439 3574 2442 3615 l
