2456 4264
173 186 249 243 70
406 205 417 219 ⁸
534 190 536 194 ·
823 206 1061 235 EPISTOLAE
1086 205 1393 236 OBSCVRORVM
1414 205 1641 235 VIRORVM.

170 338 405 388 Doctores
445 343 491 387 et
529 337 772 399 magistri,
827 335 998 386 Sciatis
1038 349 1154 398 ergo
1193 335 1354 399 primo
1394 335 1525 400 quod
1563 336 1920 399 quamprimum
1960 337 2069 385 veni
2107 336 2166 385 ad
2203 336 2319 386 Hei-

171 422 474 485 delbergam,
514 421 688 470 fiebam
729 435 876 468 cocus
911 421 963 468 in
1000 419 1175 476 bursa,
1217 418 1300 468 ubi
1336 418 1495 469 habeo
1534 434 1753 468 mensam
1791 421 1942 482 gratis
1980 426 2027 469 et
2065 421 2208 469 etiam
2236 419 2319 470 ali-

171 521 290 572 quas
328 506 558 569 pecunias
596 519 685 566 pro
724 503 977 560 mercede,
1030 508 1076 552 et
1122 517 1320 567 possum
1361 504 1605 567 proficere
1644 508 1691 551 et
1729 503 1976 566 complere
2014 503 2073 552 ad
2113 505 2318 568 gradum

170 590 450 652 magisterii.
528 588 607 636 Sic
654 588 799 635 etiam
849 586 963 635 fecit
1000 601 1188 651 pauper
1225 587 1466 636 Henricus
1505 588 1587 650 qui
1625 601 1723 635 non
1762 586 1934 636 habuit
1969 587 2125 637 libros
2163 603 2322 651 neque

169 674 409 738 papirum,
450 670 534 720 sed
573 671 733 719 omnia
773 671 966 734 scripsit
1004 671 1063 719 ad
1101 669 1347 733 pellicium
1387 686 1545 720 suum.
1609 671 1678 720 Ita
1705 672 1848 720 etiam
1876 673 2074 720 nutrivit
2099 686 2150 721 se
2175 671 2355 721 Plau-5

169 763 245 806 tus
283 757 366 820 qui
403 755 613 819 portavit
650 769 819 804 saccos
857 755 915 803 ad
955 753 1283 803 molendinam
1323 755 1449 803 sicut
1486 756 1673 812 asinuS,
1715 760 1762 804 et
1800 761 1966 805 tamen
2004 762 2172 821 postea
2213 772 2322 806 eva-

171 841 232 890 sit
268 840 316 888 in
356 839 691 889 doctissimum
730 844 966 894 autorem,
1009 839 1121 903 quia
1158 843 1327 902 postea
1353 839 1548 902 scripsit
1574 845 1730 889 metra
1758 846 1806 888 et
1830 855 2017 904 prosaS.
2091 841 2321 906 Preterea

170 930 225 973 ut
272 924 433 972 sciatis
481 925 564 986 qui
612 929 723 972 sunt
773 923 853 971 hic
903 924 989 972 viri
1039 923 1192 980 docti,
1242 922 1349 972 volo
1398 922 1534 972 vobis
1582 925 1719 987 prius
1766 925 1976 974 recitare
2025 924 2084 973 de
2134 925 2322 988 dignio-

169 1007 329 1064 ribus,
371 1013 419 1056 et
457 1007 630 1056 deinde
668 1009 942 1057 successive
982 1008 1040 1056 de
1081 1006 1207 1064 aliiS,
1249 1009 1376 1071 quia,
1420 1014 1470 1056 ut
1507 1008 1623 1057 dicit
1658 1007 1979 1072 philosophus
2017 1010 2175 1072 primo
2214 1009 2322 1073 phi-

171 1094 411 1141 sicorum:
454 1091 676 1156 ‘Oportet
715 1107 773 1141 ex
798 1091 1155 1142 universalibus
1182 1092 1240 1141 ad
1269 1091 1531 1155 singularia
1558 1090 1861 1157 procedere'.
1936 1093 1996 1141 Et
2034 1093 2322 1158 Porphirius
2339 1110 2378 1143 ιο

172 1177 315 1226 etiam
355 1176 604 1225 descendit
641 1192 668 1225 a
706 1191 885 1240 genere
925 1176 1292 1240 generalissimo
1332 1176 1390 1225 ad
1430 1177 1643 1240 speciem
1682 1176 2098 1241 specialissimam,
2139 1177 2221 1226 ubi
2247 1179 2321 1226 iu-

169 1259 254 1309 bet
289 1259 426 1309 Plato
474 1261 742 1325 quiescere.
817 1261 877 1309 Et
924 1276 950 1309 a
1001 1260 1305 1324 dignioribus
1354 1260 1500 1310 dehet
1545 1262 1652 1310 fieri
1699 1261 2055 1319 denominatiO,
2106 1267 2160 1310 ut
2208 1262 2324 1310 dicit

171 1342 361 1406 gentilis
411 1345 640 1407 magister
688 1345 737 1393 in
786 1344 1001 1394 secundo
1050 1345 1109 1394 de
1160 1346 1337 1394 anima.
1414 1345 1545 1395 Inter
1586 1361 1756 1395 omnes
1795 1346 2021 1395 doctores
2058 1345 2322 1410 Theologie

172 1434 244 1478 est
280 1443 407 1478 unus
444 1429 525 1477 hic
563 1429 645 1493 qui
684 1434 756 1478 est
793 1429 1071 1493 predicator
1108 1429 1398 1485 nobiscum,
1445 1436 1492 1478 et
1528 1429 1676 1479 habet
1712 1429 1928 1480 tubalem
1969 1446 2160 1487 vocem,
2211 1430 2324 1480 licet

170 1527 348 1575 parvus
386 1514 471 1561 sit:
523 1512 658 1562 illum
706 1513 907 1563 audiunt
954 1514 1176 1562 homines
1214 1513 1423 1563 libenter
1460 1515 1716 1580 predicare
1755 1521 1803 1564 et
1838 1520 2007 1565 tenent
2044 1515 2222 1580 aliquid
2261 1515 2378 1565 (1615

172 1612 253 1653 eo,
295 1598 407 1662 quia
433 1611 522 1661 per
548 1598 692 1647 deum
730 1599 836 1662 ipse
874 1603 946 1647 est
984 1598 1170 1655 doctus
1213 1603 1260 1646 et
1298 1598 1470 1647 doctus
1506 1600 1555 1647 in
1584 1598 1895 1664 superlativo,
1937 1601 2045 1663 dico
2084 1600 2236 1657 vohiS‚
2278 1605 2324 1649 et

170 1680 309 1730 multi
347 1682 569 1731 homines
607 1683 789 1731 intrant
827 1684 928 1732 eius
967 1682 1350 1746 predicationes‚
1401 1684 1514 1746 quia
1562 1684 1667 1747 ipse
1716 1692 1788 1732 est
1835 1683 2133 1734 delectabilis
2172 1690 2219 1734 et
2255 1684 2323 1734 la-

172 1771 304 1815 cerat
340 1764 496 1814 bonos
533 1781 707 1831 possos
743 1767 791 1815 in
831 1766 1041 1815 ambone
1080 1768 1180 1816 sive
1220 1765 1461 1816 cancellis.
1538 1767 1641 1830 Ego
1680 1768 1839 1816 audivi
1877 1768 2028 1818 semel
2068 1769 2128 1818 ab
2168 1784 2226 1818 eo
2266 1782 2338 1819 exv

169 1849 308 1898 libris
346 1850 679 1899 Posteriorum
720 1851 779 1900 de
819 1851 1085 1914 questione,
1128 1852 1240 1915 quia
1281 1859 1354 1900 est
1391 1852 1506 1915 quid
1547 1858 1633 1909 est,
1674 1852 1714 1900 si
1753 1858 1850 1909 est,
1892 1859 1938 1902 et
1975 1860 2179 1918 propter
2207 1855 2323 1919 quid

170 1939 263 1991 est,
318 1938 364 1982 et
410 1935 570 1982 omnia
619 1935 756 1983 scivit
802 1936 853 1983 in
900 1934 1182 1984 theutonice
1230 1936 1410 1984 dicere.
1487 1936 1717 1999 Preterea
1756 1937 1906 1987 semel
1945 1938 2214 2002 predicavit
2263 1939 2383 1995 de2o,
2417 1941 2449 1983 s

168 2018 456 2080 virginitate,
498 2023 546 2068 et
583 2018 703 2067 dixit
741 2019 870 2084 quod
910 2020 1122 2083 virgines
1163 2035 1257 2084 que
1297 2021 1567 2069 amiserunt
1604 2036 1742 2070 suam
1783 2023 2127 2086 virginitatem,
2167 2022 2326 2074 solent

171 2101 333 2151 dicere
360 2102 486 2166 quod
517 2104 578 2151 sit
604 2105 671 2152 eis
696 2118 785 2167 per
811 2105 907 2153 vim
934 2103 1131 2154 factum.
1171 2104 1309 2154 Tunc
1334 2105 1437 2168 ipse
1464 2105 1610 2172 dixit:
1641 2105 1790 2156 ‘Bene
1818 2109 2058 2166 veneritiS,
2086 2124 2177 2173 per
2203 2111 2323 2160 vim:

172 2200 261 2249 ego
302 2202 479 2251 quem,
530 2188 570 2235 si
616 2202 743 2236 unus
790 2187 996 2238 haberet
1044 2189 1229 2238 nudum
1270 2187 1483 2253 gladium
1523 2191 1571 2239 in
1610 2206 1707 2240 una
1744 2206 1892 2241 manu
1930 2198 1978 2242 et
2017 2195 2235 2257 vaginam
2275 2195 2324 2243 in

169 2270 288 2327 alia,
332 2275 378 2319 et
413 2272 519 2335 ipse
557 2286 752 2335 semper
790 2278 1008 2322 moveret
1045 2275 1294 2336 vaginam,
1345 2289 1510 2324 nonne
1550 2279 1623 2323 est
1659 2275 1723 2324 ita
1763 2277 1890 2340 quod
1930 2278 2037 2342 ipse
2075 2293 2172 2327 non
2210 2289 2323 2343 pos-

170 2359 243 2403 set
279 2354 491 2416 gladium
530 2355 655 2403 intra
694 2355 972 2405 stimulare?
1020 2357 1089 2406 sic
1138 2359 1281 2407 etiam
1331 2365 1404 2407 est
1440 2359 1489 2407 in
1527 2359 1827 2421 virginibus’.
1900 2362 2129 2426 Preterea
2168 2362 2319 2413 semel
2337 2379 2379 2411 25
2404 2347 2414 2353 ³

169 2440 220 2486 in
258 2453 383 2486 novo
424 2453 549 2487 anno
590 2440 784 2502 quando
821 2442 1083 2506 unicuique
1121 2447 1247 2491 statu
1285 2442 1418 2491 dedit
1453 2458 1634 2493 novum
1675 2459 1883 2502 annum,
1922 2451 2040 2495 tunc
2067 2447 2199 2496 dedit
2225 2453 2322 2497 stu-

172 2521 396 2571 dentibus
433 2523 482 2570 in
510 2522 688 2572 Tribus
713 2524 884 2574 Bursis
925 2524 1051 2590 (quia
1089 2525 1170 2575 hic
1209 2533 1322 2576 sunt
1358 2528 1584 2578 moderni
1615 2534 1670 2577 et
1706 2530 1924 2595 antiqui),
1964 2531 2215 2582 modernis
2241 2533 2323 2582 de·

172 2606 240 2654 dit
277 2606 565 2664 Saturnum,
607 2612 654 2656 et
690 2609 754 2657 ita
795 2611 1043 2674 exposuit.
1086 2610 1342 2661 ‘Saturnus
1381 2619 1454 2661 est
1491 2612 1696 2709 frigidus
1732 2613 1953 2678 planeta,
1995 2621 2042 2665 et
2079 2616 2159 2666 ille
2197 2616 2323 2667 bene

174 2691 397 2738 convenit
435 2690 706 2749 modernis,
739 2694 852 2756 quia
890 2694 982 2756 ipsi
1020 2700 1133 2743 sunt
1170 2695 1333 2759 frigidi
1371 2669 1552 2762 artiste,
1593 2699 1704 2763 quia
1744 2713 1843 2748 non
1869 2706 2064 2750 servant
2091 2702 2320 2751 Sanctum

172 2773 409 2822 Thomam
460 2780 507 2823 et
545 2745 777 2839 Copulata
826 2782 873 2826 et
906 2777 1255 2841 Reparationes
1306 2783 1575 2831 secundum
1623 2797 1917 2847 processum
1955 2785 2103 2850 burse
2142 2788 2380 2836 montisao
2409 2797 2419 2802 ‘

171 2857 220 2905 in
259 2856 487 2907 Colonia’.
563 2860 658 2908 Sed
695 2860 959 2910 Thomistis
1008 2863 1140 2912 dedit
1186 2879 1276 2927 pro
1315 2880 1441 2915 novo
1480 2881 1608 2915 anno
1647 2882 1801 2916 unum
1839 2884 2049 2933 puerum
2089 2873 2172 2935 qui
2211 2871 2322 2920 dor-

170 2941 303 2988 mivit
340 2942 469 3005 apud
508 2943 667 2993 Iovem
708 2951 755 2994 et
792 2951 992 2995 vocatur
1030 2947 1336 2998 Ganimedes.
1412 2949 1491 2999 ille
1542 2951 1748 3015 quadrat
1794 2954 2027 3011 realistis,
2078 2956 2189 3019 quia
2228 2956 2322 3005 Ga-

172 3025 394 3074 nimedes
431 3029 660 3091 propinat
696 3029 796 3078 Iovi
837 3032 998 3079 vinum
1038 3036 1084 3079 et
1122 3033 1404 3082 cerevisiam
1445 3040 1491 3083 et
1530 3035 1720 3085 dulcem
1760 3044 1930 3101 potum
1979 3039 2038 3088 de
2085 3039 2318 3095 lacaritio‚

172 3123 317 3171 quam
355 3109 604 3160 historiam
643 3113 976 3176 pulcherrime
1013 3116 1350 3179 interpretavit
1386 3119 1746 3169 Torrentinus'
1734 3137 1783 3170 m
1810 3108 2123 3186 primo'libro
2149 3125 2321 3174 Aenei-

172 3192 274 3241 dos
350 3194 421 3241 sic
458 3196 601 3243 etiam
638 3196 795 3246 ieales
833 3199 1094 3248 infundunt
1132 3202 1200 3249 eis
1238 3206 1366 3250 artes
1406 3208 1452 3251 et
1490 3206 1742 3263 scientias,
1794 3212 1842 3256 et
1887 3207 2039 3257 multa
2078 3210 2313 3272 arguitur.
2335 3223 2374 3257 35

171 3264 232 3324 Et
268 3275 418 3325 multa
457 3277 547 3325 alia
587 3279 912 3337 delectabilia,
953 3292 1006 3331 ut
1043 3299 1169 3333 unus
1207 3291 1371 3348 posset
1409 3289 1602 3337 mirare.
1679 3290 1780 3353 Ego
1821 3292 1968 3340 credo
2008 3293 2137 3356 quod
2175 3294 2322 3350 iacuit

173 3357 348 3408 multas
386 3366 578 3417 nocteS‚
630 3371 674 3411 et
720 3379 818 3413 non
868 3367 1095 3416 dormivit
1143 3370 1337 3431 quando
1386 3371 1463 3419 illa
1513 3374 1574 3421 ita
1625 3373 1866 3425 subtiliter
1905 3383 1951 3425 et
1987 3376 2318 3441 pulcherrime
2395 3363 2398 3366 Δ

173 3442 451 3506 speculavit.
529 3445 620 3494 Sed
661 3454 773 3496 sunt
806 3450 943 3498 multi
982 3453 1064 3514 qui
1103 3452 1269 3501 dicunt
1307 3456 1437 3517 quod
1475 3458 1536 3504 sit
1574 3458 1805 3507 frascaria
1844 3461 1973 3523 quod
2012 3463 2117 3524 ipse
2156 3463 2318 3526 predi-

173 3533 274 3582 cat,
337 3535 383 3576 et
428 3536 604 3578 vocant
652 3547 759 3579 eum
813 3533 1166 3591 ‘Quaeculator’
1217 3543 1263 3585 et
1310 3539 1532 3589 ‘Ioannes
1590 3557 1700 3589 cum
1751 3543 2002 3594 destructo
2053 3545 2221 3610 capite'
2273 3552 2320 3596 et

174 3618 307 3659 ‘auca
348 3611 522 3676 caput’,
572 3630 629 3662 ex
677 3614 756 3664 illa
805 3618 1016 3674 ratione,
1066 3621 1175 3681 quia
1214 3621 1316 3684 ipse
1355 3624 1486 3671 stetit
1523 3625 1673 3672 semel
1711 3626 1837 3675 male
1875 3628 1924 3674 in
1964 3629 2373 3693 disputationeuo

283 3792 314 3819 ²¹
350 3793 450 3851 que]
485 3796 559 3848 qui
594 3800 633 3837 3.
730 3796 765 3822 ²³
796 3799 887 3839 vim
917 3800 1016 3853 Ego
1051 3804 1091 3841 3.
1179 3800 1215 3826 ²5
1245 3802 1495 3845 stimulare:
1531 3808 1571 3846 3.
1661 3804 1695 3830 ³²
1725 3806 1808 3848 Ille
1844 3811 1885 3849 3.
1972 3808 2008 3834 3⁵
2040 3810 2114 3851 Sic
2147 3814 2188 3853 3.
