2456 4264
635 240 692 276 37.
711 246 912 277 anoton
933 249 1099 278 mmcx.
1187 245 1245 280 38.
1270 251 1499 282 mmm-1111
1521 255 1762 286 Prummu.
2152 241 2274 297 247.

113 375 257 431 horn.
329 372 452 432 Quia
488 373 639 424 Iacob
678 375 798 426 dixit
833 375 934 427 filio
972 393 1064 428 suo
1090 378 1363 444 Neptalim:
1405 381 1667 446 ‘Neptalim
1706 402 1880 438 cervus
1919 365 2128 441 emissus
2154 393 2277 442 dans

107 459 306 540 *eloquia
359 457 772 522 pulchritudinis’.
821 460 1029 514 Genesis
1068 474 1245 513 ‚XLDL
1333 465 1510 517 Postea
1565 468 1703 519 multi
1749 471 1969 535 Magistri
2025 477 2182 525 nostri
2230 484 2277 526 et

107 541 346 598 'licentiati
381 549 432 593 et
467 542 549 593 alii
585 544 624 593 T
630 543 825 611 heologi
860 560 952 610 per
986 552 1144 597 totum
1181 547 1410 613 legerunt
1445 553 1591 602 istum
1629 553 1811 605 librum
1851 557 1911 607 de
1949 559 2065 608 folio
2103 561 2163 610 ad
2203 563 2275 611 fo-

52 626 74 651 ‘
110 629 256 686 lium,
306 627 369 678 de
406 627 559 678 verbo
597 629 660 679 ad
695 629 931 689 verbum,
984 631 1046 682 de
1085 633 1291 684 articulo
1329 635 1392 685 ad
1429 637 1706 688 articulum.
1782 641 1878 690 Sed
1918 648 1991 691 est
2028 658 2156 694 unus
2194 661 2275 695 su-

48 712 372 804 ἐμμιίοῑὶεια
407 713 493 777 qui
529 714 696 764 studet
729 715 779 764 in
817 729 992 780 greco:
1041 718 1149 782 ipse
1198 719 1329 769 vadit
1374 719 1559 785 ubique
1609 729 1658 772 et
1695 724 1837 781 dicit,
1891 728 2023 791 quod
2063 744 2162 779 non
2201 739 2276 780 est

20 807 82 883 ὲ
112 812 284 857 tuum
318 797 449 864 quod
487 798 800 850 I'fefferkorn
839 806 915 850 est
950 801 1239 852 sollicitator
1277 804 1507 863 CaesariS,
1559 814 1607 856 et
1656 809 1788 873 quod
1837 825 2088 876 uunquam
2129 816 2272 863 etiam

48 885 61 949 ζ.
110 883 216 938 ffl-
285 882 351 933 Et
386 883 520 948 quod
555 884 827 950 imperator
863 899 957 950 pro
993 884 1236 936 Reuchlin
1273 889 1473 953 scripsit
1509 890 1566 939 ad
1606 894 1966 944 sanctissimum
2006 902 2055 945 et
2091 898 2273 963 simpli-

47 950 62 1030 ξ
86 983 88 985 ’
110 969 233 1022 der
267 965 371 1018 vult
406 967 539 1033 quod
579 967 821 1034 Theologi
859 985 962 1019 non
999 970 1183 1022 debent
1220 971 1314 1021 sibi
1353 988 1530 1023 vexare
1571 990 1722 1025 suum
1771 978 2109 1029 consiliarium
2157 982 2273 1030 iide-

47 1044 67 1114 ζ’,
108 1052 208 1108 ha
239 1057 293 1104 et
326 1051 558 1117 probum.
633 1052 757 1103 Item
794 1053 1006 1105 Iacobus
1043 1055 1193 1105 Fabri
1232 1055 1552 1121 stapulensis,
1594 1059 1655 1109 de
1692 1076 1790 1126 quo
1829 1062 2080 1114 audivistis
2107 1064 2273 1124 multa,

44 1136 218 1213 pq„
252 1141 424 1204 aperte
469 1138 599 1187 favet
633 1137 842 1188 Iohanni
876 1138 1143 1197 Reuchlin‚
1191 1141 1413 1204 quamvis
1450 1141 1687 1209 Theologi
1737 1145 1966 1196 dixerunt
2010 1149 2054 1197 ei
2091 1164 2153 1199 ne
2191 1150 2275 1199 de·

45 1219 68 1286 ζ
112 1222 253 1276 hotot
295 1223 477 1273 facere.
552 1222 613 1272 Et
658 1223 845 1273 dictum
891 1223 984 1273 fuit
1032 1223 1166 1289 quod
1214 1226 1416 1291 scripsit
1461 1227 1513 1276 in
1562 1243 1657 1278 una
1705 1228 1864 1279 littera
1904 1231 1964 1281 ad
2003 1232 2272 1283 Almaniam

43 1315 66 1368 ξ
110 1307 242 1376 qnod
286 1306 506 1372 theologi
550 1307 920 1359 Parrhisienses
974 1313 1312 1360 tractaverunt
1356 1310 1630 1362 Iohannem
1678 1312 1919 1364 Reuchlin
1978 1331 2077 1365 non
2135 1316 2274 1366 aliter

18 1391 71 1462 ζ
104 1400 257 1461 §⁸⁸3¹
291 1391 429 1457 {ndei
451 1391 716 1443 Christum.
793 1392 889 1444 Sed
928 1393 1058 1443 dicat
1095 1395 1328 1460 quicquid
1367 1395 1493 1453 velit,
1534 1403 1698 1448 tamen
1736 1401 1893 1449 maior
1930 1415 2044 1464 pars
2081 1401 2130 1449 in
2157 1401 2275 1451 Par-

108 1478 228 1537 fain
270 1482 349 1528 est
389 1491 485 1542 pro
533 1476 677 1527 nohis
720 1484 928 1544 propter
975 1479 1215 1530 honorem
1269 1482 1598 1531 universitatis
1651 1488 1698 1532 et
1753 1483 1918 1533 odium
1967 1484 2271 1536 Iuristarum.

44 1560 243 1643 *Ergo
277 1560 470 1613 debetis
506 1578 615 1613 esse
650 1562 784 1613 bono
822 1565 987 1614 animo
1012 1564 1209 1628 letando
1237 1572 1286 1615 et
1311 1567 1588 1630 gaudendo,
1642 1567 1808 1619 Valete
1831 1569 2131 1634 eternaliter.
2185 1570 2274 1620 Da-

44 1651 59 1689 -j
109 1651 216 1701 tum
249 1646 548 1698 ParrhisiuS.

1142 1883 1233 1945 38.

674 2011 718 2059 (ἱ
770 2001 1220 2063 Demetrius
1278 2001 1706 2065 Phalerius

720 2113 1052 2184 Magistro
1092 2113 1378 2168 Ortvino
1418 2114 1662 2168 Gratio

52 2221 106 2297 ᾖ.
149 2285 154 2292 .
196 2288 198 2291 v
1079 2215 1314 2266 Salutem.

243 2329 472 2381 Scribitis
494 2329 619 2380 mihi
644 2330 957 2395 interrogans
983 2345 1010 2378 a
1037 2345 1116 2379 me
1142 2329 1392 2394 quomodo
1419 2335 1584 2380 tamen
1612 2331 1906 2380 universitas
1932 2336 2098 2380 nostra
2127 2329 2275 2380 habet

108 2430 163 2467 σο
195 2415 441 2474 ἰαΰειιεει
476 2415 621 2466 fidei:
661 2430 724 2465 an
764 2420 837 2465 est
873 2429 966 2479 pro
1005 2414 1143 2464 vobis
1179 2429 1242 2464 an
1281 2430 1373 2479 pro
1412 2414 1631 2465 Iohanne
1657 2414 1916 2465 Reuchlin.
1958 2415 2154 2470 Sciatis,
2195 2414 2274 2463 hic

108 2506 160 2552 6
199 2514 291 2566 per
335 2504 489 2551 totam
537 2506 723 2551 terram
772 2500 1074 2550 Suitensium
1122 2499 1303 2549 fratres
1351 2499 1413 2550 de
1460 2499 1636 2549 ordine
1683 2499 2048 2565 predicatorum
2094 2497 2276 2547 habent

38 2587 52 2593 “
84 2583 287 2638 *talam
321 2585 506 2636 famam
542 2592 593 2636 et
628 2591 745 2636 sunt
780 2586 830 2635 in
867 2599 1047 2649 magna
1085 2585 1316 2649 disgratia
1363 2591 1569 2650 propter
1615 2582 1724 2633 illos
1760 2584 2053 2633 Innocentes
2099 2583 2277 2632 fratres

51 2670 196 2737 aqui
227 2669 430 2722 filerunt
465 2669 710 2721 combusti
746 2671 795 2720 in
835 2670 994 2728 Bern,
1045 2670 1158 2735 quia
1206 2684 1459 2734 nunquam
1511 2669 1660 2719 credo
1710 2669 1840 2734 quod
1892 2668 2116 2718 fecerunt
2164 2666 2272 2717 talia

109 2768 203 2822 quq
236 2754 471 2807 dicuntur
509 2754 571 2806 de
608 2756 694 2806 eis,
771 2755 923 2819 Igitur
961 2755 1257 2805 Monasteria
1307 2768 1479 2804 eorum
1528 2752 1836 2811 desolantur,
1888 2760 1935 2802 et
1981 2753 2273 2803 monasteria

107 2839 314 2897 meeum
352 2842 511 2891 sancti
534 2841 789 2892 Francisci
828 2846 1074 2902 crescunt.
1149 2839 1211 2889 Et
1247 2838 1445 2903 quando
1484 2853 1612 2889 unus
1650 2838 1798 2887 homo
1837 2837 1920 2887 dat
1946 2836 2272 2887 Elemosinam

107 2924 524 2993 predicatoribus,
584 2932 703 2976 tunc
751 2926 922 2989 viginti
968 2924 1087 2975 dant
1132 2923 1407 2974 Minoribus
1464 2929 1512 2973 et
1560 2922 2003 2986 Augustinensibus
2053 2929 2099 2970 et
2146 2920 2272 2969 aliis.

108 3009 267 3063 Etiam
303 3010 487 3062 dicitur
524 3010 656 3077 quod
695 3017 770 3061 est
805 3011 855 3060 in
895 3009 1183 3075 prophetia,
1235 3007 1368 3074 quod
1420 3008 1500 3059 ille
1540 3008 1674 3058 Ordo
1724 3007 2088 3072 predicatorum
2128 3004 2275 3053 debet

53 3094 328 3161 &letanter
364 3094 535 3147 deleri.
611 3095 774 3160 Super
811 3094 907 3144 hoc
945 3100 1020 3145 est
1056 3093 1136 3143 hic
1175 3108 1302 3143 unus
1340 3091 1645 3157 Theologus,
1695 3097 1748 3140 ut
1795 3091 1898 3155 ipse
1944 3106 1998 3140 se
2037 3090 2271 3145 nominat,

108 3179 196 3231 flod
229 3180 351 3231 mihi
385 3180 579 3231 videtur
617 3180 752 3244 quod
787 3180 946 3243 magis
985 3183 1058 3230 est
1094 3185 1265 3243 poeta.
1305 3178 1464 3227 dictus
1503 3177 1734 3226 Erasmus
1773 3175 2148 3229 Boterodamus‚
2189 3175 2272 3238 qui

109 3278 139 3316 a
171 3262 339 3321 multis
372 3265 440 3316 ita
487 3265 765 3315 honoratur
812 3266 942 3314 sicut
987 3264 1027 3312 si
1077 3267 1205 3313 esset
1254 3261 1545 3311 miraculum
1585 3260 1766 3310 Mundi.
1843 3260 1903 3309 Et
1950 3263 2023 3308 est
2071 3257 2149 3307 ille
2189 3259 2272 3322 qui

43 3343 55 3420 J
109 3349 307 3416 uripdt
337 3349 522 3402 librum
560 3348 972 3406 Proverbiorum,
1014 3363 1161 3413 quem
1200 3345 1352 3397 semel
1390 3344 1669 3396 ostendistis
1708 3344 1825 3394 mihi
1861 3342 2075 3408 colonie,
2117 3349 2164 3392 et
2201 3342 2271 3390 di·

220 3517 236 3547 ¹
266 3518 392 3562 laco.
414 3523 456 3563 5.
545 3516 743 3559 Emissus
774 3518 815 3557 4.
902 3514 955 3542 2⁸
983 3515 1044 3556 M.
1070 3515 1327 3556 Licentiati
1349 3518 1388 3555 5.
1421 3513 1615 3555 omittens
1647 3513 1791 3555 nostri
1823 3517 1870 3554 ot
1954 3510 1972 3538 ⁴
2002 3508 2208 3552 Articulo
2232 3511 2271 3548 4.

54 3573 57 3578 Ι
111 3585 297 3645 ‘greco
316 3594 358 3633 5.
445 3589 463 3615 ⁶
493 3587 631 3630 Pfeff.
654 3591 695 3629 5.
781 3585 799 3611 ⁷
830 3587 944 3628 Reu.
966 3590 1007 3628 5.
1099 3584 1132 3611 ¹⁰
1164 3585 1229 3626 10.
1254 3585 1307 3627 lt.
1330 3587 1371 3625 4.
1404 3584 1469 3625 Io.
1496 3583 1647 3627 reuch.
1670 3587 1709 3627 5.
1802 3581 1829 3609 ¹¹
1865 3579 1936 3623 lfa
1959 3583 2052 3622 4.5.
2145 3579 2176 3605 ¹²
2209 3578 2270 3618 10.

53 3676 82 3718 {r
109 3656 164 3701 B.
186 3661 230 3701 4.
257 3660 323 3702 10.
346 3672 441 3700 reu.
466 3664 507 3701 5.
588 3656 624 3684 ¹³
654 3657 815 3699 Chrstfi
840 3659 880 3698 4.
962 3654 995 3682 ¹⁵
1026 3654 1129 3696 val.
1152 3659 1193 3696 5.
1285 3653 1318 3680 ¹⁶
1348 3655 1527 3695 Parrhi.
1552 3657 1593 3695 4.

222 3727 259 3757 ¹⁸
283 3730 346 3773 M.
369 3733 461 3773 4.5.
523 3729 577 3771 G.
601 3730 643 3770 4.
721 3726 758 3754 ²⁰
786 3727 831 3768 S.
856 3730 896 3768 4.
957 3725 992 3752 ²¹
1026 3725 1162 3767 michi
1184 3730 1225 3768 5.
1248 3732 1292 3767 et
1316 3726 1381 3767 sic
1410 3726 1542 3778 infra.
1621 3724 1871 3777 intfirrogfis
1904 3724 1946 3762 4.
2003 3719 2039 3746 ²²
2072 3721 2130 3761 10.
2157 3718 2204 3759 R.
2230 3719 2267 3758 4.

56 3767 78 3846 ἶ
110 3796 353 3843 Ias-euch.
375 3805 417 3841 5.
533 3798 571 3826 ²⁷
593 3799 622 3841 s.
645 3801 685 3841 4.
716 3811 752 3839 s.
776 3803 818 3839 5.
938 3797 1207 3850 Blemosynz'i
1236 3799 1277 3840 5.
1392 3794 1430 3823 *θ
1461 3794 1674 3838 minotibo
1708 3797 1747 3835 4.
1856 3790 1942 3818 ²⁸³⁰
1973 3789 2079 3841 ulijs
2112 3788 2200 3828 etia
2230 3789 2269 3826 5.

111 3865 151 3896 ⁸
176 3868 321 3912 deleri
352 3871 483 3925 super
513 3874 554 3911 5.
642 3867 676 3895 ³¹
708 3868 955 3911 Roteroda.
978 3872 1019 3910 5.
