<?xml version="1.0" encoding="UTF-8"?>
<!DOCTYPE html PUBLIC "-//W3C//DTD XHTML 1.0 Transitional//EN"
    "http://www.w3.org/TR/xhtml1/DTD/xhtml1-transitional.dtd">
<html xmlns="http://www.w3.org/1999/xhtml" xml:lang="en" lang="en">
 <head>
  <title>
</title>
<meta http-equiv="Content-Type" content="text/html;charset=utf-8" />
  <meta name='ocr-system' content='tesseract 3.04.00' />
  <meta name='ocr-capabilities' content='ocr_page ocr_carea ocr_par ocr_line ocrx_word'/>
</head>
<body>
  <div class='ocr_page' id='page_1' title='image "./supoperaquaerepe01huttuoft_0205.png"; bbox 0 0 2456 4264; ppageno 0'>
   <div class='ocr_carea' id='block_1_1' title="bbox 483 257 2250 315">
    <p class='ocr_par' dir='ltr' id='par_1_1' title="bbox 483 257 2250 315">
     <span class='ocr_line' id='line_1_1' title="bbox 483 257 2250 315; baseline 0.003 -11"><span class='ocrx_word' id='word_1_1' title='bbox 483 275 783 305; x_wconf 71' lang='lat' dir='ltr'><em>nxcLAuATIO</em></span> <span class='ocrx_word' id='word_1_2' title='bbox 806 276 867 305; x_wconf 72' lang='lat' dir='ltr'><em>AD</em></span> <span class='ocrx_word' id='word_1_3' title='bbox 891 276 1240 307; x_wconf 66' lang='lat' dir='ltr'>IMPERATORE-M.</span> <span class='ocrx_word' id='word_1_4' title='bbox 1303 276 1481 306; x_wconf 73' lang='lat' dir='ltr'>FIGVRA</span> <span class='ocrx_word' id='word_1_5' title='bbox 1504 277 1754 313; x_wconf 72' lang='lat' dir='ltr'>VEBITATIS</span> <span class='ocrx_word' id='word_1_6' title='bbox 1779 271 1867 309; x_wconf 61' lang='lat' dir='ltr'><strong>ete.</strong></span> <span class='ocrx_word' id='word_1_7' title='bbox 2135 257 2250 315; x_wconf 80' lang='grc'><em>165</em></span> 
     </span>
    </p>
   </div>
   <div class='ocr_carea' id='block_1_2' title="bbox 0 407 2348 2779">
    <p class='ocr_par' dir='ltr' id='par_1_2' title="bbox 36 407 2251 557">
     <span class='ocr_line' id='line_1_2' title="bbox 85 407 2251 473; baseline 0.002 -15"><span class='ocrx_word' id='word_1_8' title='bbox 85 410 293 471; x_wconf 64' lang='grc' dir='ltr'><em>θρωνεᾳ</em></span> <span class='ocrx_word' id='word_1_9' title='bbox 331 407 622 457; x_wconf 78' lang='lat' dir='ltr'><em>Maiestatis</em></span> <span class='ocrx_word' id='word_1_10' title='bbox 656 411 738 467; x_wconf 74' lang='lat' dir='ltr'><em>tue</em></span> <span class='ocrx_word' id='word_1_11' title='bbox 774 408 1045 467; x_wconf 86' lang='lat' dir='ltr'><em>mandato,</em></span> <span class='ocrx_word' id='word_1_12' title='bbox 1097 421 1258 468; x_wconf 91' lang='lat' dir='ltr'><em>neque</em></span> <span class='ocrx_word' id='word_1_13' title='bbox 1305 409 1596 469; x_wconf 86' lang='lat' dir='ltr'><em>apostolicis</em></span> <span class='ocrx_word' id='word_1_14' title='bbox 1634 414 1816 470; x_wconf 88' lang='lat' dir='ltr'><em>postea</em></span> <span class='ocrx_word' id='word_1_15' title='bbox 1855 412 2094 473; x_wconf 75' lang='lat' dir='ltr'><em>decretis,</em></span> <span class='ocrx_word' id='word_1_16' title='bbox 2149 427 2251 462; x_wconf 87' lang='lat' dir='ltr'><em>una</em></span> 
     </span>
     <span class='ocr_line' id='line_1_3' title="bbox 36 490 2250 557; baseline 0.002 -15"><span class='ocrx_word' id='word_1_17' title='bbox 36 497 45 549; x_wconf 75' lang='lat' dir='ltr'>j</span> <span class='ocrx_word' id='word_1_18' title='bbox 81 506 194 547; x_wconf 69' lang='lat' dir='ltr'><em>cum</em></span> <span class='ocrx_word' id='word_1_19' title='bbox 236 506 328 542; x_wconf 87' lang='lat' dir='ltr'><em>suo</em></span> <span class='ocrx_word' id='word_1_20' title='bbox 365 492 625 554; x_wconf 87' lang='lat' dir='ltr'><em>Capnione</em></span> <span class='ocrx_word' id='word_1_21' title='bbox 671 492 954 541; x_wconf 81' lang='lat' dir='ltr'><em>obedientes</em></span> <span class='ocrx_word' id='word_1_22' title='bbox 1000 493 1206 541; x_wconf 84' lang='lat' dir='ltr'><em>inventi.</em></span> <span class='ocrx_word' id='word_1_23' title='bbox 1286 490 1325 540; x_wconf 85' lang='lat'><em>0</em></span> <span class='ocrx_word' id='word_1_24' title='bbox 1364 492 1786 543; x_wconf 72' lang='lat' dir='ltr'><em>Christianissime</em></span> <span class='ocrx_word' id='word_1_25' title='bbox 1833 501 1983 557; x_wconf 88' lang='lat' dir='ltr'><em>atque</em></span> <span class='ocrx_word' id='word_1_26' title='bbox 2031 498 2250 546; x_wconf 84' lang='lat' dir='ltr'><em>invictis—</em></span> 
     </span>
    </p>

    <p class='ocr_par' dir='ltr' id='par_1_3' title="bbox 0 577 2254 2170">
     <span class='ocr_line' id='line_1_4' title="bbox 79 577 2244 642; baseline 0.001 -13"><span class='ocrx_word' id='word_1_27' title='bbox 79 579 200 630; x_wconf 69' lang='lat' dir='ltr'><em>sime</em></span> <span class='ocrx_word' id='word_1_28' title='bbox 232 579 537 640; x_wconf 86' lang='lat' dir='ltr'><em>imperator,</em></span> <span class='ocrx_word' id='word_1_29' title='bbox 588 582 643 626; x_wconf 90' lang='lat' dir='ltr'><em>tu</em></span> <span class='ocrx_word' id='word_1_30' title='bbox 691 578 913 625; x_wconf 76' lang='lat' dir='ltr'><em>maxime</em></span> <span class='ocrx_word' id='word_1_31' title='bbox 959 577 1175 625; x_wconf 89' lang='lat' dir='ltr'><em>omnium</em></span> <span class='ocrx_word' id='word_1_32' title='bbox 1224 578 1428 638; x_wconf 76' lang='lat' dir='ltr'><em>novisti,</em></span> <span class='ocrx_word' id='word_1_33' title='bbox 1482 584 1602 638; x_wconf 91' lang='lat' dir='ltr'><em>quot</em></span> <span class='ocrx_word' id='word_1_34' title='bbox 1636 580 1859 640; x_wconf 87' lang='lat' dir='ltr'><em>labores,</em></span> <span class='ocrx_word' id='word_1_35' title='bbox 1914 587 2034 641; x_wconf 89' lang='lat' dir='ltr'><em>quot</em></span> <span class='ocrx_word' id='word_1_36' title='bbox 2070 595 2244 642; x_wconf 86' lang='lat' dir='ltr'><em>onera,</em></span> 
     </span>
     <span class='ocr_line' id='line_1_5' title="bbox 38 662 2248 728; baseline 0 -13"><span class='ocrx_word' id='word_1_37' title='bbox 38 712 44 715; x_wconf 87' lang='lat'>.</span> <span class='ocrx_word' id='word_1_38' title='bbox 81 668 200 727; x_wconf 74' lang='lat' dir='ltr'><em>quot</em></span> <span class='ocrx_word' id='word_1_39' title='bbox 232 663 490 722; x_wconf 87' lang='lat' dir='ltr'><em>miserias,</em></span> <span class='ocrx_word' id='word_1_40' title='bbox 533 667 654 723; x_wconf 91' lang='lat' dir='ltr'><em>quot</em></span> <span class='ocrx_word' id='word_1_41' title='bbox 692 662 1038 721; x_wconf 90' lang='lat' dir='ltr'><em>incommoda,</em></span> <span class='ocrx_word' id='word_1_42' title='bbox 1081 666 1202 723; x_wconf 89' lang='lat' dir='ltr'><em>quot</em></span> <span class='ocrx_word' id='word_1_43' title='bbox 1239 662 1457 723; x_wconf 86' lang='lat' dir='ltr'><em>denique</em></span> <span class='ocrx_word' id='word_1_44' title='bbox 1493 665 1836 724; x_wconf 82' lang='lat' dir='ltr'><em>calamitates,</em></span> <span class='ocrx_word' id='word_1_45' title='bbox 1889 671 1992 714; x_wconf 86' lang='lat' dir='ltr'><em>tum</em></span> <span class='ocrx_word' id='word_1_46' title='bbox 2021 680 2125 728; x_wconf 91' lang='lat' dir='ltr'><em>per</em></span> <span class='ocrx_word' id='word_1_47' title='bbox 2162 668 2248 715; x_wconf 91' lang='lat' dir='ltr'><em>im-</em></span> 
     </span>
     <span class='ocr_line' id='line_1_6' title="bbox 20 741 2247 819; baseline 0 -19"><span class='ocrx_word' id='word_1_48' title='bbox 20 741 390 819; x_wconf 40' lang='lat' dir='ltr'><em>(numatam</em></span> <span class='ocrx_word' id='word_1_49' title='bbox 427 749 564 796; x_wconf 90' lang='lat' dir='ltr'><em>aeris</em></span> <span class='ocrx_word' id='word_1_50' title='bbox 601 748 971 809; x_wconf 60' lang='lat' dir='ltr'><em>intempmiM,</em></span> <span class='ocrx_word' id='word_1_51' title='bbox 1014 751 1116 795; x_wconf 87' lang='lat' dir='ltr'><em>tum</em></span> <span class='ocrx_word' id='word_1_52' title='bbox 1145 760 1246 808; x_wconf 93' lang='lat' dir='ltr'><em>per</em></span> <span class='ocrx_word' id='word_1_53' title='bbox 1284 749 1606 808; x_wconf 85' lang='lat' dir='ltr'><em>apertissima</em></span> <span class='ocrx_word' id='word_1_54' title='bbox 1643 751 1818 798; x_wconf 89' lang='lat' dir='ltr'><em>mortis</em></span> <span class='ocrx_word' id='word_1_55' title='bbox 1845 751 2103 811; x_wconf 89' lang='lat' dir='ltr'><em>pericula,</em></span> <span class='ocrx_word' id='word_1_56' title='bbox 2147 756 2247 800; x_wconf 89' lang='lat' dir='ltr'><em>tum</em></span> 
     </span>
     <span class='ocr_line' id='line_1_7' title="bbox 16 824 2249 900; baseline 0.001 -19"><span class='ocrx_word' id='word_1_57' title='bbox 16 824 44 900; x_wconf 39' lang='grc' dir='ltr'><em>«ᾗ</em></span> <span class='ocrx_word' id='word_1_58' title='bbox 69 846 172 896; x_wconf 79' lang='lat' dir='ltr'><em>per</em></span> <span class='ocrx_word' id='word_1_59' title='bbox 205 837 484 881; x_wconf 78' lang='lat' dir='ltr'><em>extremam</em></span> <span class='ocrx_word' id='word_1_60' title='bbox 522 833 739 881; x_wconf 86' lang='lat' dir='ltr'><em>omnium</em></span> <span class='ocrx_word' id='word_1_61' title='bbox 777 832 1136 881; x_wconf 78' lang='lat' dir='ltr'><em>desolationem</em></span> <span class='ocrx_word' id='word_1_62' title='bbox 1173 846 1287 881; x_wconf 89' lang='lat' dir='ltr'><em>cum</em></span> <span class='ocrx_word' id='word_1_63' title='bbox 1325 832 1585 881; x_wconf 88' lang='lat' dir='ltr'><em>mandatis</em></span> <span class='ocrx_word' id='word_1_64' title='bbox 1612 833 1822 892; x_wconf 79' lang='lat' dir='ltr'><em>Cesaree</em></span> <span class='ocrx_word' id='word_1_65' title='bbox 1859 839 1944 893; x_wconf 75' lang='lat' dir='ltr'><em>tue</em></span> <span class='ocrx_word' id='word_1_66' title='bbox 1968 837 2249 884; x_wconf 87' lang='lat' dir='ltr'><em>maiestatis</em></span> 
     </span>
     <span class='ocr_line' id='line_1_8' title="bbox 0 915 2250 986; baseline -0 -18"><span class='ocrx_word' id='word_1_67' title='bbox 0 915 46 986; x_wconf 70' lang='grc' dir='ltr'><em>ξ</em></span> <span class='ocrx_word' id='word_1_68' title='bbox 78 919 131 968; x_wconf 78' lang='lat' dir='ltr'><em>in</em></span> <span class='ocrx_word' id='word_1_69' title='bbox 173 918 519 967; x_wconf 84' lang='lat' dir='ltr'><em>saeratissimo</em></span> <span class='ocrx_word' id='word_1_70' title='bbox 565 921 740 966; x_wconf 91' lang='lat' dir='ltr'><em>nostro</em></span> <span class='ocrx_word' id='word_1_71' title='bbox 786 918 998 978; x_wconf 72' lang='lat' dir='ltr'><em>neqocio</em></span> <span class='ocrx_word' id='word_1_72' title='bbox 1042 921 1226 966; x_wconf 88' lang='lat' dir='ltr'><em>contra</em></span> <span class='ocrx_word' id='word_1_73' title='bbox 1261 917 1631 977; x_wconf 82' lang='lat' dir='ltr'><em>perfidissimos</em></span> <span class='ocrx_word' id='word_1_74' title='bbox 1666 917 1852 975; x_wconf 81' lang='lat' dir='ltr'><em>Iudeos</em></span> <span class='ocrx_word' id='word_1_75' title='bbox 1900 919 2057 966; x_wconf 77' lang='lat' dir='ltr'><em>anxie</em></span> <span class='ocrx_word' id='word_1_76' title='bbox 2102 921 2250 968; x_wconf 87' lang='lat' dir='ltr'><em>nimis</em></span> 
     </span>
     <span class='ocr_line' id='line_1_9' title="bbox 6 989 2249 1065; baseline -0.001 -11"><span class='ocrx_word' id='word_1_77' title='bbox 6 989 44 1053; x_wconf 95' lang='lat'><em>5</em></span> <span class='ocrx_word' id='word_1_78' title='bbox 78 1002 399 1063; x_wconf 63' lang='lat' dir='ltr'><em>desudando,</em></span> <span class='ocrx_word' id='word_1_79' title='bbox 450 1003 544 1051; x_wconf 90' lang='lat' dir='ltr'><em>sim</em></span> <span class='ocrx_word' id='word_1_80' title='bbox 580 1015 872 1064; x_wconf 87' lang='lat' dir='ltr'><em>perpessus.</em></span> <span class='ocrx_word' id='word_1_81' title='bbox 949 1000 1104 1050; x_wconf 88' lang='lat' dir='ltr'><em>Novit</em></span> <span class='ocrx_word' id='word_1_82' title='bbox 1147 1014 1345 1062; x_wconf 91' lang='lat' dir='ltr'><em>quoque</em></span> <span class='ocrx_word' id='word_1_83' title='bbox 1388 1002 1709 1049; x_wconf 89' lang='lat' dir='ltr'><em>serenissima</em></span> <span class='ocrx_word' id='word_1_84' title='bbox 1754 1003 1989 1051; x_wconf 89' lang='lat' dir='ltr'><em>maiestas</em></span> <span class='ocrx_word' id='word_1_85' title='bbox 2026 1007 2116 1051; x_wconf 90' lang='lat' dir='ltr'><em>tua</em></span> <span class='ocrx_word' id='word_1_86' title='bbox 2154 1018 2249 1065; x_wconf 81' lang='lat' dir='ltr'><em>que</em></span> 
     </span>
     <span class='ocr_line' id='line_1_10' title="bbox 18 1086 2246 1158; baseline 0 -22"><span class='ocrx_word' id='word_1_87' title='bbox 18 1099 42 1158; x_wconf 65' lang='lat'><em>{3</em></span> <span class='ocrx_word' id='word_1_88' title='bbox 77 1087 203 1140; x_wconf 69' lang='lat' dir='ltr'><em>anilii</em></span> <span class='ocrx_word' id='word_1_89' title='bbox 233 1087 498 1136; x_wconf 83' lang='lat' dir='ltr'><em>innocenti</em></span> <span class='ocrx_word' id='word_1_90' title='bbox 530 1091 579 1136; x_wconf 88' lang='lat' dir='ltr'><em>et</em></span> <span class='ocrx_word' id='word_1_91' title='bbox 612 1086 867 1136; x_wconf 77' lang='lat' dir='ltr'><em>catholico</em></span> <span class='ocrx_word' id='word_1_92' title='bbox 903 1086 1096 1135; x_wconf 77' lang='lat' dir='ltr'><em>bomini</em></span> <span class='ocrx_word' id='word_1_93' title='bbox 1119 1086 1466 1147; x_wconf 76' lang='lat' dir='ltr'><em>proposuerit,</em></span> <span class='ocrx_word' id='word_1_94' title='bbox 1509 1098 1623 1134; x_wconf 90' lang='lat' dir='ltr'><em>cum</em></span> <span class='ocrx_word' id='word_1_95' title='bbox 1659 1099 1753 1146; x_wconf 77' lang='lat' dir='ltr'><em>eqo</em></span> <span class='ocrx_word' id='word_1_96' title='bbox 1790 1091 1839 1134; x_wconf 92' lang='lat' dir='ltr'><em>te</em></span> <span class='ocrx_word' id='word_1_97' title='bbox 1865 1088 2119 1136; x_wconf 89' lang='lat' dir='ltr'><em>dominum</em></span> <span class='ocrx_word' id='word_1_98' title='bbox 2144 1101 2246 1136; x_wconf 87' lang='lat' dir='ltr'><em>ser-</em></span> 
     </span>
     <span class='ocr_line' id='line_1_11' title="bbox 19 1161 2246 1234; baseline -0.001 -11"><span class='ocrx_word' id='word_1_99' title='bbox 19 1161 21 1169; x_wconf 60' lang='grc'>’</span> <span class='ocrx_word' id='word_1_100' title='bbox 69 1186 169 1224; x_wconf 71' lang='lat' dir='ltr'><em>,m</em></span> <span class='ocrx_word' id='word_1_101' title='bbox 200 1185 464 1234; x_wconf 83' lang='lat' dir='ltr'><em>sequerer,</em></span> <span class='ocrx_word' id='word_1_102' title='bbox 515 1185 584 1220; x_wconf 79' lang='lat' dir='ltr'><em>ex</em></span> <span class='ocrx_word' id='word_1_103' title='bbox 622 1170 835 1219; x_wconf 88' lang='lat' dir='ltr'><em>Brussel</em></span> <span class='ocrx_word' id='word_1_104' title='bbox 869 1169 1077 1232; x_wconf 88' lang='lat' dir='ltr'><em>Spiram</em></span> <span class='ocrx_word' id='word_1_105' title='bbox 1114 1183 1286 1218; x_wconf 86' lang='lat' dir='ltr'><em>versus</em></span> <span class='ocrx_word' id='word_1_106' title='bbox 1322 1183 1434 1218; x_wconf 90' lang='lat' dir='ltr'><em>cum</em></span> <span class='ocrx_word' id='word_1_107' title='bbox 1472 1183 1665 1219; x_wconf 88' lang='lat' dir='ltr'><em>summa</em></span> <span class='ocrx_word' id='word_1_108' title='bbox 1711 1173 1974 1221; x_wconf 87' lang='lat' dir='ltr'><em>maiestate</em></span> <span class='ocrx_word' id='word_1_109' title='bbox 2013 1174 2246 1234; x_wconf 74' lang='lat' dir='ltr'><em>proficis-</em></span> 
     </span>
     <span class='ocr_line' id='line_1_12' title="bbox 16 1249 2245 1327; baseline -0.001 -20"><span class='ocrx_word' id='word_1_110' title='bbox 16 1250 47 1327; x_wconf 52' lang='grc' dir='ltr'><em>,ἶ</em></span> <span class='ocrx_word' id='word_1_111' title='bbox 75 1261 281 1308; x_wconf 76' lang='lat' dir='ltr'><em>centem·</em></span> <span class='ocrx_word' id='word_1_112' title='bbox 355 1249 447 1305; x_wconf 85' lang='lat' dir='ltr'><em>Sic</em></span> <span class='ocrx_word' id='word_1_113' title='bbox 494 1257 627 1304; x_wconf 92' lang='lat' dir='ltr'><em>enim</em></span> <span class='ocrx_word' id='word_1_114' title='bbox 674 1257 807 1304; x_wconf 88' lang='lat' dir='ltr'><em>inter</em></span> <span class='ocrx_word' id='word_1_115' title='bbox 851 1258 1024 1303; x_wconf 90' lang='lat' dir='ltr'><em>cetera</em></span> <span class='ocrx_word' id='word_1_116' title='bbox 1069 1255 1251 1303; x_wconf 79' lang='lat' dir='ltr'><em>dixisti</em></span> <span class='ocrx_word' id='word_1_117' title='bbox 1293 1255 1424 1303; x_wconf 79' lang='lat' dir='ltr'><em>mibi·</em></span> <span class='ocrx_word' id='word_1_118' title='bbox 1462 1259 1622 1304; x_wconf 90' lang='lat' dir='ltr'><em>tecum</em></span> <span class='ocrx_word' id='word_1_119' title='bbox 1673 1257 1746 1304; x_wconf 92' lang='lat' dir='ltr'><em>ad</em></span> <span class='ocrx_word' id='word_1_120' title='bbox 1792 1258 1984 1318; x_wconf 81' lang='lat' dir='ltr'><em>aliquot</em></span> <span class='ocrx_word' id='word_1_121' title='bbox 2019 1258 2245 1305; x_wconf 88' lang='lat' dir='ltr'><em>miliaria</em></span> 
     </span>
     <span class='ocr_line' id='line_1_13' title="bbox 20 1332 2244 1406; baseline -0.001 -14"><span class='ocrx_word' id='word_1_122' title='bbox 20 1332 53 1400; x_wconf 47' lang='grc' dir='ltr'><em>ζμ</em></span> <span class='ocrx_word' id='word_1_123' title='bbox 75 1342 324 1406; x_wconf 63' lang='lat' dir='ltr'><em>equitium</em></span> <span class='ocrx_word' id='word_1_124' title='bbox 361 1341 572 1390; x_wconf 85' lang='lat' dir='ltr'><em>‘Dilecte</em></span> <span class='ocrx_word' id='word_1_125' title='bbox 610 1339 945 1403; x_wconf 78' lang='lat' dir='ltr'><em>Pfefferlcorn</em></span> <span class='ocrx_word' id='word_1_126' title='bbox 973 1341 1279 1401; x_wconf 86' lang='lat' dir='ltr'><em>patientiam</em></span> <span class='ocrx_word' id='word_1_127' title='bbox 1318 1339 1446 1388; x_wconf 76' lang='lat' dir='ltr'><em>habe</em></span> <span class='ocrx_word' id='word_1_128' title='bbox 1484 1341 1556 1388; x_wconf 93' lang='lat' dir='ltr'><em>ad</em></span> <span class='ocrx_word' id='word_1_129' title='bbox 1601 1345 1794 1403; x_wconf 87' lang='lat' dir='ltr'><em>tempus</em></span> <span class='ocrx_word' id='word_1_130' title='bbox 1838 1347 1952 1390; x_wconf 83' lang='lat' dir='ltr'><em>&#39;cum</em></span> <span class='ocrx_word' id='word_1_131' title='bbox 2005 1343 2244 1391; x_wconf 85' lang='lat' dir='ltr'><em>adversa-</em></span> 
     </span>
     <span class='ocr_line' id='line_1_14' title="bbox 20 1426 2243 1492; baseline -0.002 -14"><span class='ocrx_word' id='word_1_132' title='bbox 20 1484 25 1492; x_wconf 42' lang='lat'>·</span> <span class='ocrx_word' id='word_1_133' title='bbox 75 1427 316 1478; x_wconf 63' lang='grc' dir='ltr'><strong><em>ιϋείαίε</em></strong></span> <span class='ocrx_word' id='word_1_134' title='bbox 335 1431 385 1476; x_wconf 82' lang='lat' dir='ltr'><em>et</em></span> <span class='ocrx_word' id='word_1_135' title='bbox 419 1426 674 1476; x_wconf 83' lang='lat' dir='ltr'><em>laudabili</em></span> <span class='ocrx_word' id='word_1_136' title='bbox 701 1427 807 1485; x_wconf 80' lang='lat' dir='ltr'><em>sine</em></span> <span class='ocrx_word' id='word_1_137' title='bbox 850 1429 1038 1474; x_wconf 87' lang='lat' dir='ltr'><em>cuncta</em></span> <span class='ocrx_word' id='word_1_138' title='bbox 1085 1426 1288 1473; x_wconf 88' lang='lat' dir='ltr'><em>tandem</em></span> <span class='ocrx_word' id='word_1_139' title='bbox 1336 1426 1756 1475; x_wconf 86' lang='lat' dir='ltr'><em>terminabuntur.</em></span> <span class='ocrx_word' id='word_1_140' title='bbox 1833 1427 2009 1475; x_wconf 83' lang='lat' dir='ltr'><em>Habui</em></span> <span class='ocrx_word' id='word_1_141' title='bbox 2040 1428 2243 1488; x_wconf 88' lang='lat' dir='ltr'><em>patien-</em></span> 
     </span>
     <span class='ocr_line' id='line_1_15' title="bbox 22 1512 2244 1582; baseline -0.002 -19"><span class='ocrx_word' id='word_1_142' title='bbox 22 1578 27 1582; x_wconf 15' lang='grc' dir='ltr'><strong><em>Α</em></strong></span> <span class='ocrx_word' id='word_1_143' title='bbox 75 1514 224 1574; x_wconf 73' lang='lat' dir='ltr'><em>tiam,</em></span> <span class='ocrx_word' id='word_1_144' title='bbox 276 1525 307 1562; x_wconf 89' lang='lat' dir='ltr'><em>o</em></span> <span class='ocrx_word' id='word_1_145' title='bbox 342 1512 665 1575; x_wconf 80' lang='lat' dir='ltr'><em>inclytissime</em></span> <span class='ocrx_word' id='word_1_146' title='bbox 700 1512 1013 1572; x_wconf 89' lang='lat' dir='ltr'><em>imperator,</em></span> <span class='ocrx_word' id='word_1_147' title='bbox 1066 1515 1114 1558; x_wconf 96' lang='lat' dir='ltr'><em>et</em></span> <span class='ocrx_word' id='word_1_148' title='bbox 1159 1524 1321 1572; x_wconf 89' lang='lat' dir='ltr'><em>supra</em></span> <span class='ocrx_word' id='word_1_149' title='bbox 1370 1524 1520 1572; x_wconf 89' lang='lat' dir='ltr'><em>quam</em></span> <span class='ocrx_word' id='word_1_150' title='bbox 1561 1512 1667 1559; x_wconf 89' lang='lat' dir='ltr'><em>dici</em></span> <span class='ocrx_word' id='word_1_151' title='bbox 1693 1515 1861 1572; x_wconf 86' lang='lat' dir='ltr'><em>potest</em></span> <span class='ocrx_word' id='word_1_152' title='bbox 1897 1513 2244 1560; x_wconf 88' lang='lat' dir='ltr'><em>intolerabilia</em></span> 
     </span>
     <span class='ocr_line' id='line_1_16' title="bbox 40 1591 2245 1662; baseline -0.001 -15"><span class='ocrx_word' id='word_1_153' title='bbox 40 1591 287 1662; x_wconf 61' lang='lat' dir='ltr'><em>&#39;quedam</em></span> <span class='ocrx_word' id='word_1_154' title='bbox 333 1598 544 1659; x_wconf 71' lang='lat' dir='ltr'><em>indique</em></span> <span class='ocrx_word' id='word_1_155' title='bbox 587 1609 694 1645; x_wconf 90' lang='lat' dir='ltr'><em>sum</em></span> <span class='ocrx_word' id='word_1_156' title='bbox 738 1609 1021 1658; x_wconf 88' lang='lat' dir='ltr'><em>perpessus.</em></span> <span class='ocrx_word' id='word_1_157' title='bbox 1101 1595 1211 1656; x_wconf 78' lang='lat' dir='ltr'><em>qu</em></span> <span class='ocrx_word' id='word_1_158' title='bbox 1265 1597 1436 1657; x_wconf 91' lang='lat' dir='ltr'><em>itaque</em></span> <span class='ocrx_word' id='word_1_159' title='bbox 1490 1598 1670 1657; x_wconf 78' lang='lat' dir='ltr'><em>aloqus</em></span> <span class='ocrx_word' id='word_1_160' title='bbox 1722 1610 1931 1646; x_wconf 88' lang='lat' dir='ltr'><em>manens</em></span> <span class='ocrx_word' id='word_1_161' title='bbox 1975 1599 2245 1660; x_wconf 76' lang='lat' dir='ltr'><em>polyloqos</em></span> 
     </span>
     <span class='ocr_line' id='line_1_17' title="bbox 37 1679 2245 1746; baseline -0.001 -14"><span class='ocrx_word' id='word_1_162' title='bbox 37 1683 267 1746; x_wconf 67' lang='lat' dir='ltr'><em>‘repet-i,</em></span> <span class='ocrx_word' id='word_1_163' title='bbox 306 1687 357 1732; x_wconf 85' lang='lat' dir='ltr'><em>et</em></span> <span class='ocrx_word' id='word_1_164' title='bbox 379 1683 571 1732; x_wconf 91' lang='lat' dir='ltr'><em>nemini</em></span> <span class='ocrx_word' id='word_1_165' title='bbox 589 1695 778 1731; x_wconf 87' lang='lat' dir='ltr'><em>nocens</em></span> <span class='ocrx_word' id='word_1_166' title='bbox 802 1682 1010 1730; x_wconf 88' lang='lat' dir='ltr'><em>iniustos</em></span> <span class='ocrx_word' id='word_1_167' title='bbox 1045 1682 1183 1730; x_wconf 90' lang='lat' dir='ltr'><em>sensi</em></span> <span class='ocrx_word' id='word_1_168' title='bbox 1215 1679 1592 1742; x_wconf 85' lang='lat' dir='ltr'><em>malefactores.</em></span> <span class='ocrx_word' id='word_1_169' title='bbox 1673 1682 1816 1740; x_wconf 79' lang='lat' dir='ltr'><em>Quod</em></span> <span class='ocrx_word' id='word_1_170' title='bbox 1854 1688 1907 1731; x_wconf 93' lang='lat' dir='ltr'><em>ut</em></span> <span class='ocrx_word' id='word_1_171' title='bbox 1943 1696 2114 1731; x_wconf 81' lang='lat' dir='ltr'><em>verum</em></span> <span class='ocrx_word' id='word_1_172' title='bbox 2140 1696 2245 1730; x_wconf 85' lang='lat' dir='ltr'><em>esse</em></span> 
     </span>
     <span class='ocr_line' id='line_1_18' title="bbox 27 1753 2243 1832; baseline -0.001 -13"><span class='ocrx_word' id='word_1_173' title='bbox 27 1753 50 1773; x_wconf 52' lang='lat'><em>⁷</em></span> <span class='ocrx_word' id='word_1_174' title='bbox 66 1768 340 1832; x_wconf 64' lang='lat' dir='ltr'><em>puchaur,</em></span> <span class='ocrx_word' id='word_1_175' title='bbox 390 1781 421 1817; x_wconf 94' lang='lat' dir='ltr'><em>o</em></span> <span class='ocrx_word' id='word_1_176' title='bbox 456 1768 834 1816; x_wconf 86' lang='lat' dir='ltr'><em>clementissime</em></span> <span class='ocrx_word' id='word_1_177' title='bbox 872 1766 1050 1827; x_wconf 78' lang='lat' dir='ltr'><em>Cesar,</em></span> <span class='ocrx_word' id='word_1_178' title='bbox 1102 1768 1314 1828; x_wconf 83' lang='lat' dir='ltr'><em>itemque</em></span> <span class='ocrx_word' id='word_1_179' title='bbox 1361 1770 1415 1814; x_wconf 91' lang='lat' dir='ltr'><em>ut</em></span> <span class='ocrx_word' id='word_1_180' title='bbox 1463 1779 1631 1815; x_wconf 88' lang='lat' dir='ltr'><em>omnes</em></span> <span class='ocrx_word' id='word_1_181' title='bbox 1670 1767 1951 1816; x_wconf 75' lang='lat' dir='ltr'><em>Christiani</em></span> <span class='ocrx_word' id='word_1_182' title='bbox 1994 1770 2085 1829; x_wconf 89' lang='lat' dir='ltr'><em>qui</em></span> <span class='ocrx_word' id='word_1_183' title='bbox 2126 1771 2243 1816; x_wconf 91' lang='lat' dir='ltr'><em>sunt</em></span> 
     </span>
     <span class='ocr_line' id='line_1_19' title="bbox 18 1850 2243 1916; baseline -0.002 -13"><span class='ocrx_word' id='word_1_184' title='bbox 18 1854 28 1862; x_wconf 53' lang='lat'><em>&#39;⁴</em></span> <span class='ocrx_word' id='word_1_185' title='bbox 69 1857 123 1903; x_wconf 65' lang='lat' dir='ltr'><em>a</em></span> <span class='ocrx_word' id='word_1_186' title='bbox 150 1854 245 1916; x_wconf 75' lang='lat' dir='ltr'><em>qui</em></span> <span class='ocrx_word' id='word_1_187' title='bbox 269 1850 450 1914; x_wconf 80' lang='lat' dir='ltr'><em>futuri</em></span> <span class='ocrx_word' id='word_1_188' title='bbox 480 1856 597 1901; x_wconf 85' lang='lat' dir='ltr'><em>sunt</em></span> <span class='ocrx_word' id='word_1_189' title='bbox 631 1865 750 1901; x_wconf 85' lang='lat' dir='ltr'><em>vero</em></span> <span class='ocrx_word' id='word_1_190' title='bbox 786 1853 953 1901; x_wconf 87' lang='lat' dir='ltr'><em>verius</em></span> <span class='ocrx_word' id='word_1_191' title='bbox 987 1852 1207 1900; x_wconf 85' lang='lat' dir='ltr'><em>credant</em></span> <span class='ocrx_word' id='word_1_192' title='bbox 1235 1852 1392 1910; x_wconf 78' lang='lat' dir='ltr'><em>(licet</em></span> <span class='ocrx_word' id='word_1_193' title='bbox 1426 1853 1661 1913; x_wconf 89' lang='lat' dir='ltr'><em>superius</em></span> <span class='ocrx_word' id='word_1_194' title='bbox 1696 1853 1747 1900; x_wconf 89' lang='lat' dir='ltr'><em>in</em></span> <span class='ocrx_word' id='word_1_195' title='bbox 1773 1854 2047 1900; x_wconf 90' lang='lat' dir='ltr'><em>summario</em></span> <span class='ocrx_word' id='word_1_196' title='bbox 2072 1858 2243 1901; x_wconf 88' lang='lat' dir='ltr'><em>nostro</em></span> 
     </span>
     <span class='ocr_line' id='line_1_20' title="bbox 19 1936 2240 2001; baseline -0.001 -13"><span class='ocrx_word' id='word_1_197' title='bbox 19 1983 42 2001; x_wconf 43' lang='grc'><em>,.</em></span> <span class='ocrx_word' id='word_1_198' title='bbox 68 1939 194 1988; x_wconf 85' lang='lat' dir='ltr'><em>satis</em></span> <span class='ocrx_word' id='word_1_199' title='bbox 227 1939 293 1988; x_wconf 87' lang='lat' dir='ltr'><em>sit</em></span> <span class='ocrx_word' id='word_1_200' title='bbox 326 1939 655 1998; x_wconf 85' lang='lat' dir='ltr'><em>enarratum)</em></span> <span class='ocrx_word' id='word_1_201' title='bbox 694 1950 772 1985; x_wconf 91' lang='lat' dir='ltr'><em>me</em></span> <span class='ocrx_word' id='word_1_202' title='bbox 801 1936 991 1996; x_wconf 84' lang='lat' dir='ltr'><em>fecisse</em></span> <span class='ocrx_word' id='word_1_203' title='bbox 1027 1937 1347 1998; x_wconf 79' lang='lat' dir='ltr'><em>triumphare</em></span> <span class='ocrx_word' id='word_1_204' title='bbox 1383 1937 1669 1996; x_wconf 83' lang='lat' dir='ltr'><em>veritatem,</em></span> <span class='ocrx_word' id='word_1_205' title='bbox 1724 1938 1962 1985; x_wconf 75' lang='lat' dir='ltr'><em>vexillum</em></span> <span class='ocrx_word' id='word_1_206' title='bbox 1999 1937 2094 1985; x_wconf 80' lang='lat' dir='ltr'><em>boc</em></span> <span class='ocrx_word' id='word_1_207' title='bbox 2130 1938 2240 1985; x_wconf 90' lang='lat' dir='ltr'><em>loco</em></span> 
     </span>
     <span class='ocr_line' id='line_1_21' title="bbox 0 2010 2239 2101; baseline -0.003 -26"><span class='ocrx_word' id='word_1_208' title='bbox 0 2025 283 2101; x_wconf 43' lang='lat' dir='ltr'><em>”viderie</em></span> <span class='ocrx_word' id='word_1_209' title='bbox 317 2037 420 2086; x_wconf 86' lang='lat' dir='ltr'><em>per</em></span> <span class='ocrx_word' id='word_1_210' title='bbox 448 2010 628 2084; x_wconf 48' lang='lat' dir='ltr'><em>&#39;fiaure</em></span> <span class='ocrx_word' id='word_1_211' title='bbox 674 2022 874 2071; x_wconf 85' lang='lat' dir='ltr'><em>modum</em></span> <span class='ocrx_word' id='word_1_212' title='bbox 919 2022 1206 2081; x_wconf 88' lang='lat' dir='ltr'><em>subiiciam,</em></span> <span class='ocrx_word' id='word_1_213' title='bbox 1260 2023 1313 2070; x_wconf 86' lang='lat' dir='ltr'><em>in</em></span> <span class='ocrx_word' id='word_1_214' title='bbox 1352 2034 1456 2081; x_wconf 90' lang='lat' dir='ltr'><em>qua</em></span> <span class='ocrx_word' id='word_1_215' title='bbox 1491 2021 1603 2069; x_wconf 89' lang='lat' dir='ltr'><em>luce</em></span> <span class='ocrx_word' id='word_1_216' title='bbox 1639 2023 1833 2070; x_wconf 87' lang='lat' dir='ltr'><em>clarius</em></span> <span class='ocrx_word' id='word_1_217' title='bbox 1870 2022 2122 2070; x_wconf 84' lang='lat' dir='ltr'><em>videbitur</em></span> <span class='ocrx_word' id='word_1_218' title='bbox 2158 2022 2239 2070; x_wconf 95' lang='lat' dir='ltr'><em>Io-</em></span> 
     </span>
     <span class='ocr_line' id='line_1_22' title="bbox 15 2105 2254 2170; baseline -0.003 -10"><span class='ocrx_word' id='word_1_219' title='bbox 15 2108 44 2161; x_wconf 71' lang='lat'><em>²-5</em></span> <span class='ocrx_word' id='word_1_220' title='bbox 68 2121 252 2159; x_wconf 86' lang='lat' dir='ltr'><em>annem</em></span> <span class='ocrx_word' id='word_1_221' title='bbox 288 2108 540 2158; x_wconf 73' lang='lat' dir='ltr'><em>Reuchlin</em></span> <span class='ocrx_word' id='word_1_222' title='bbox 577 2121 776 2170; x_wconf 87' lang='lat' dir='ltr'><em>semper</em></span> <span class='ocrx_word' id='word_1_223' title='bbox 805 2105 971 2167; x_wconf 87' lang='lat' dir='ltr'><em>fuisse</em></span> <span class='ocrx_word' id='word_1_224' title='bbox 1006 2111 1054 2155; x_wconf 88' lang='lat' dir='ltr'><em>et</em></span> <span class='ocrx_word' id='word_1_225' title='bbox 1090 2107 1357 2155; x_wconf 89' lang='lat' dir='ltr'><em>scribendo</em></span> <span class='ocrx_word' id='word_1_226' title='bbox 1383 2110 1431 2154; x_wconf 89' lang='lat' dir='ltr'><em>et</em></span> <span class='ocrx_word' id='word_1_227' title='bbox 1455 2107 1762 2168; x_wconf 84' lang='lat' dir='ltr'><em>offendendo</em></span> <span class='ocrx_word' id='word_1_228' title='bbox 1780 2108 2025 2168; x_wconf 88' lang='lat' dir='ltr'><em>priorem,</em></span> <span class='ocrx_word' id='word_1_229' title='bbox 2067 2111 2254 2167; x_wconf 77' lang='lat' dir='ltr'><em>meque·</em></span> 
     </span>
    </p>

    <p class='ocr_par' dir='ltr' id='par_1_4' title="bbox 69 2192 2238 2256">
     <span class='ocr_line' id='line_1_23' title="bbox 69 2192 2238 2256; baseline -0.003 -11"><span class='ocrx_word' id='word_1_230' title='bbox 69 2207 171 2245; x_wconf 82' lang='lat' dir='ltr'><em>non</em></span> <span class='ocrx_word' id='word_1_231' title='bbox 207 2196 312 2244; x_wconf 86' lang='lat' dir='ltr'><em>nisi</em></span> <span class='ocrx_word' id='word_1_232' title='bbox 340 2197 672 2256; x_wconf 80' lang='lat' dir='ltr'><em>provocatum</em></span> <span class='ocrx_word' id='word_1_233' title='bbox 712 2206 775 2242; x_wconf 88' lang='lat' dir='ltr'><em>ac</em></span> <span class='ocrx_word' id='word_1_234' title='bbox 813 2193 966 2255; x_wconf 89' lang='lat' dir='ltr'><em>impie</em></span> <span class='ocrx_word' id='word_1_235' title='bbox 1000 2193 1155 2251; x_wconf 78' lang='lat' dir='ltr'><em>lesum</em></span> <span class='ocrx_word' id='word_1_236' title='bbox 1193 2197 1284 2240; x_wconf 94' lang='lat' dir='ltr'><em>aut</em></span> <span class='ocrx_word' id='word_1_237' title='bbox 1331 2192 1596 2253; x_wconf 87' lang='lat' dir='ltr'><em>scripsisse</em></span> <span class='ocrx_word' id='word_1_238' title='bbox 1646 2197 1737 2240; x_wconf 90' lang='lat' dir='ltr'><em>aut</em></span> <span class='ocrx_word' id='word_1_239' title='bbox 1784 2196 2056 2240; x_wconf 87' lang='lat' dir='ltr'><em>attentasse</em></span> <span class='ocrx_word' id='word_1_240' title='bbox 2102 2193 2238 2253; x_wconf 91' lang='lat' dir='ltr'><em>quic-</em></span> 
     </span>
    </p>

    <p class='ocr_par' dir='ltr' id='par_1_5' title="bbox 42 2276 2241 2427">
     <span class='ocr_line' id='line_1_24' title="bbox 68 2276 2241 2343; baseline -0.002 -14"><span class='ocrx_word' id='word_1_241' title='bbox 68 2292 237 2343; x_wconf 76' lang='lat' dir='ltr'><em>quam.</em></span> <span class='ocrx_word' id='word_1_242' title='bbox 312 2278 358 2327; x_wconf 62' lang='lat' dir='ltr'>ff</span> <span class='ocrx_word' id='word_1_243' title='bbox 394 2278 506 2327; x_wconf 84' lang='lat' dir='ltr'><em>Hoc</em></span> <span class='ocrx_word' id='word_1_244' title='bbox 541 2279 693 2327; x_wconf 91' lang='lat' dir='ltr'><em>etiam</em></span> <span class='ocrx_word' id='word_1_245' title='bbox 740 2283 814 2326; x_wconf 89' lang='lat' dir='ltr'><em>est</em></span> <span class='ocrx_word' id='word_1_246' title='bbox 857 2278 952 2326; x_wconf 88' lang='lat' dir='ltr'><em>toti</em></span> <span class='ocrx_word' id='word_1_247' title='bbox 994 2278 1182 2326; x_wconf 90' lang='lat' dir='ltr'><em>mundo</em></span> <span class='ocrx_word' id='word_1_248' title='bbox 1228 2276 1684 2335; x_wconf 88' lang='lat' dir='ltr'><em>considerandum,</em></span> <span class='ocrx_word' id='word_1_249' title='bbox 1737 2277 1874 2338; x_wconf 88' lang='lat' dir='ltr'><em>quod</em></span> <span class='ocrx_word' id='word_1_250' title='bbox 1917 2278 1968 2325; x_wconf 89' lang='lat' dir='ltr'><em>in</em></span> <span class='ocrx_word' id='word_1_251' title='bbox 2016 2277 2241 2326; x_wconf 87' lang='lat' dir='ltr'><em>omnibus</em></span> 
     </span>
     <span class='ocr_line' id='line_1_25' title="bbox 42 2355 1927 2427; baseline -0.004 -11"><span class='ocrx_word' id='word_1_252' title='bbox 42 2366 188 2416; x_wconf 21' lang='lat' dir='ltr'><em>*mea</em></span> <span class='ocrx_word' id='word_1_253' title='bbox 221 2365 427 2427; x_wconf 77' lang='lat' dir='ltr'><em>scriptis</em></span> <span class='ocrx_word' id='word_1_254' title='bbox 461 2377 659 2426; x_wconf 87' lang='lat' dir='ltr'><em>semper</em></span> <span class='ocrx_word' id='word_1_255' title='bbox 694 2377 772 2411; x_wconf 90' lang='lat' dir='ltr'><em>me</em></span> <span class='ocrx_word' id='word_1_256' title='bbox 807 2362 1101 2411; x_wconf 88' lang='lat' dir='ltr'><em>subiecerim</em></span> <span class='ocrx_word' id='word_1_257' title='bbox 1138 2363 1306 2423; x_wconf 73' lang='lat' dir='ltr'><em>riqori</em></span> <span class='ocrx_word' id='word_1_258' title='bbox 1341 2374 1406 2410; x_wconf 93' lang='lat' dir='ltr'><em>ac</em></span> <span class='ocrx_word' id='word_1_259' title='bbox 1441 2363 1701 2410; x_wconf 83' lang='lat' dir='ltr'><em>severitati</em></span> <span class='ocrx_word' id='word_1_260' title='bbox 1734 2362 1874 2410; x_wconf 88' lang='lat' dir='ltr'><em>iuris.</em></span> <span class='ocrx_word' id='word_1_261' title='bbox 1903 2355 1927 2427; x_wconf 80' lang='grc' dir='ltr'>Η</span> 
     </span>
    </p>

    <p class='ocr_par' dir='ltr' id='par_1_6' title="bbox 12 2443 2348 2625">
     <span class='ocr_line' id='line_1_26' title="bbox 41 2443 443 2512; baseline 0 -60"><span class='ocrx_word' id='word_1_262' title='bbox 41 2479 54 2512; x_wconf 43' lang='lat'>⁵</span> <span class='ocrx_word' id='word_1_263' title='bbox 428 2443 443 2452; x_wconf 73' lang='lat'>.</span> 
     </span>
     <span class='ocr_line' id='line_1_27' title="bbox 12 2546 2348 2625; baseline -0.002 -27"><span class='ocrx_word' id='word_1_264' title='bbox 12 2569 60 2625; x_wconf 76' lang='lat'><em>²!</em></span> <span class='ocrx_word' id='word_1_265' title='bbox 365 2549 562 2610; x_wconf 71' lang='lat' dir='ltr'><em>Fiqura</em></span> <span class='ocrx_word' id='word_1_266' title='bbox 615 2548 844 2597; x_wconf 87' lang='lat' dir='ltr'><em>veritatis</em></span> <span class='ocrx_word' id='word_1_267' title='bbox 891 2549 943 2596; x_wconf 87' lang='lat' dir='ltr'><em>in</em></span> <span class='ocrx_word' id='word_1_268' title='bbox 992 2560 1093 2609; x_wconf 89' lang='lat' dir='ltr'><em>qua</em></span> <span class='ocrx_word' id='word_1_269' title='bbox 1141 2548 1214 2595; x_wconf 92' lang='lat' dir='ltr'><em>ad</em></span> <span class='ocrx_word' id='word_1_270' title='bbox 1260 2547 1456 2595; x_wconf 90' lang='lat' dir='ltr'><em>oculum</em></span> <span class='ocrx_word' id='word_1_271' title='bbox 1504 2549 1656 2607; x_wconf 87' lang='lat' dir='ltr'><em>patet</em></span> <span class='ocrx_word' id='word_1_272' title='bbox 1710 2546 1955 2594; x_wconf 88' lang='lat' dir='ltr'><em>Ioannem</em></span> <span class='ocrx_word' id='word_1_273' title='bbox 2230 2549 2348 2603; x_wconf 70' lang='lat' dir='ltr'><em>mij·</em></span> 
     </span>
    </p>

    <p class='ocr_par' dir='ltr' id='par_1_7' title="bbox 357 2628 1950 2779">
     <span class='ocr_line' id='line_1_28' title="bbox 357 2628 1950 2694; baseline -0.003 -11"><span class='ocrx_word' id='word_1_274' title='bbox 357 2633 605 2683; x_wconf 77' lang='lat' dir='ltr'><em>Reuehlin</em></span> <span class='ocrx_word' id='word_1_275' title='bbox 663 2635 716 2682; x_wconf 90' lang='lat' dir='ltr'><em>in</em></span> <span class='ocrx_word' id='word_1_276' title='bbox 771 2633 997 2683; x_wconf 88' lang='lat' dir='ltr'><em>omnibus</em></span> <span class='ocrx_word' id='word_1_277' title='bbox 1048 2633 1151 2682; x_wconf 90' lang='lat' dir='ltr'><em>suis</em></span> <span class='ocrx_word' id='word_1_278' title='bbox 1203 2632 1407 2694; x_wconf 87' lang='lat' dir='ltr'><em>scriptis</em></span> <span class='ocrx_word' id='word_1_279' title='bbox 1459 2636 1507 2679; x_wconf 91' lang='lat' dir='ltr'><em>et</em></span> <span class='ocrx_word' id='word_1_280' title='bbox 1545 2628 1710 2690; x_wconf 82' lang='lat' dir='ltr'><em>factis</em></span> <span class='ocrx_word' id='word_1_281' title='bbox 1755 2644 1950 2692; x_wconf 87' lang='lat' dir='ltr'><em>semper</em></span> 
     </span>
     <span class='ocr_line' id='line_1_29' title="bbox 775 2716 1509 2779; baseline -0.003 -12"><span class='ocrx_word' id='word_1_282' title='bbox 775 2716 938 2778; x_wconf 82' lang='lat' dir='ltr'><em>fuisse</em></span> <span class='ocrx_word' id='word_1_283' title='bbox 973 2731 1114 2767; x_wconf 87' lang='lat' dir='ltr'><em>reum</em></span> <span class='ocrx_word' id='word_1_284' title='bbox 1155 2718 1509 2779; x_wconf 74' lang='lat' dir='ltr'><em>oriqinarium.</em></span> 
     </span>
    </p>
   </div>
   <div class='ocr_carea' id='block_1_3' title="bbox 12 2829 2244 3745">
    <p class='ocr_par' dir='ltr' id='par_1_8' title="bbox 12 2829 2244 3067">
     <span class='ocr_line' id='line_1_30' title="bbox 205 2829 2244 2895; baseline -0.003 -12"><span class='ocrx_word' id='word_1_285' title='bbox 205 2832 250 2883; x_wconf 69' lang='grc' dir='ltr'>ί</span> <span class='ocrx_word' id='word_1_286' title='bbox 287 2833 602 2884; x_wconf 84' lang='lat' dir='ltr'><em>Consultatio</em></span> <span class='ocrx_word' id='word_1_287' title='bbox 634 2838 936 2895; x_wconf 74' lang='lat' dir='ltr'><em>prepostera</em></span> <span class='ocrx_word' id='word_1_288' title='bbox 973 2833 1188 2882; x_wconf 89' lang='lat' dir='ltr'><em>Ioannis</em></span> <span class='ocrx_word' id='word_1_289' title='bbox 1212 2832 1462 2881; x_wconf 81' lang='lat' dir='ltr'><em>Reuclzlin</em></span> <span class='ocrx_word' id='word_1_290' title='bbox 1494 2829 1621 2890; x_wconf 81' lang='lat' dir='ltr'><em>sons</em></span> <span class='ocrx_word' id='word_1_291' title='bbox 1657 2836 1704 2879; x_wconf 90' lang='lat' dir='ltr'><em>et</em></span> <span class='ocrx_word' id='word_1_292' title='bbox 1742 2831 1887 2891; x_wconf 79' lang='lat' dir='ltr'><em>oriqo</em></span> <span class='ocrx_word' id='word_1_293' title='bbox 1925 2831 2083 2878; x_wconf 88' lang='lat' dir='ltr'><em>omnis</em></span> <span class='ocrx_word' id='word_1_294' title='bbox 2119 2830 2244 2877; x_wconf 86' lang='lat' dir='ltr'><em>mali</em></span> 
     </span>
     <span class='ocr_line' id='line_1_31' title="bbox 21 2891 2237 2979; baseline -0.002 -13"><span class='ocrx_word' id='word_1_295' title='bbox 21 2891 131 2970; x_wconf 68' lang='lat'><em>⁸00</em></span> <span class='ocrx_word' id='word_1_296' title='bbox 164 2920 314 2970; x_wconf 85' lang='lat' dir='ltr'><em>totius</em></span> <span class='ocrx_word' id='word_1_297' title='bbox 350 2923 519 2979; x_wconf 81' lang='lat' dir='ltr'><em>nostre</em></span> <span class='ocrx_word' id='word_1_298' title='bbox 554 2919 916 2978; x_wconf 87' lang='lat' dir='ltr'><em>contentionis,</em></span> <span class='ocrx_word' id='word_1_299' title='bbox 970 2918 1033 2966; x_wconf 90' lang='lat' dir='ltr'><em>ab</em></span> <span class='ocrx_word' id='word_1_300' title='bbox 1071 2917 1469 2979; x_wconf 79' lang='lat' dir='ltr'><em>Archiepiscopo</em></span> <span class='ocrx_word' id='word_1_301' title='bbox 1509 2917 1839 2976; x_wconf 73' lang='lat' dir='ltr'><em>Moquntim,</em></span> <span class='ocrx_word' id='word_1_302' title='bbox 1883 2916 2143 2975; x_wconf 89' lang='lat' dir='ltr'><em>imperiali</em></span> <span class='ocrx_word' id='word_1_303' title='bbox 2178 2928 2237 2961; x_wconf 87' lang='lat' dir='ltr'><em>ea</em></span> 
     </span>
     <span class='ocr_line' id='line_1_32' title="bbox 12 3000 2236 3067; baseline -0.004 -13"><span class='ocrx_word' id='word_1_304' title='bbox 12 3005 120 3067; x_wconf 56' lang='lat' dir='ltr'><em>igin</em></span> <span class='ocrx_word' id='word_1_305' title='bbox 165 3017 235 3054; x_wconf 87' lang='lat' dir='ltr'><em>re·</em></span> <span class='ocrx_word' id='word_1_306' title='bbox 257 3005 602 3054; x_wconf 90' lang='lat' dir='ltr'><em>commissario</em></span> <span class='ocrx_word' id='word_1_307' title='bbox 639 3009 689 3052; x_wconf 93' lang='lat' dir='ltr'><em>et</em></span> <span class='ocrx_word' id='word_1_308' title='bbox 725 3005 828 3052; x_wconf 88' lang='lat' dir='ltr'><em>suis</em></span> <span class='ocrx_word' id='word_1_309' title='bbox 864 3007 912 3051; x_wconf 93' lang='lat' dir='ltr'><em>et</em></span> <span class='ocrx_word' id='word_1_310' title='bbox 947 3002 1072 3051; x_wconf 81' lang='lat' dir='ltr'><em>mibi</em></span> <span class='ocrx_word' id='word_1_311' title='bbox 1104 3003 1325 3063; x_wconf 81' lang='lat' dir='ltr'><em>leqitime</em></span> <span class='ocrx_word' id='word_1_312' title='bbox 1360 3003 1747 3051; x_wconf 86' lang='lat' dir='ltr'><em>communicata.</em></span> <span class='ocrx_word' id='word_1_313' title='bbox 1824 3000 1887 3047; x_wconf 85' lang='lat' dir='ltr'><em>In</em></span> <span class='ocrx_word' id='word_1_314' title='bbox 1938 3012 2041 3060; x_wconf 88' lang='lat' dir='ltr'><em>qua</em></span> <span class='ocrx_word' id='word_1_315' title='bbox 2077 3013 2236 3060; x_wconf 86' lang='lat' dir='ltr'><em>supra</em></span> 
     </span>
    </p>

    <p class='ocr_par' dir='ltr' id='par_1_9' title="bbox 65 3076 2238 3149">
     <span class='ocr_line' id='line_1_33' title="bbox 65 3076 2238 3149; baseline -0.005 -10"><span class='ocrx_word' id='word_1_316' title='bbox 65 3089 239 3140; x_wconf 82' lang='lat' dir='ltr'><em>datam</em></span> <span class='ocrx_word' id='word_1_317' title='bbox 273 3090 422 3149; x_wconf 78' lang='lat' dir='ltr'><em>fidem</em></span> <span class='ocrx_word' id='word_1_318' title='bbox 460 3100 525 3138; x_wconf 91' lang='lat' dir='ltr'><em>ac</em></span> <span class='ocrx_word' id='word_1_319' title='bbox 559 3094 742 3138; x_wconf 89' lang='lat' dir='ltr'><em>contra</em></span> <span class='ocrx_word' id='word_1_320' title='bbox 779 3076 1041 3137; x_wconf 78' lang='lat' dir='ltr'><em>veritatem</em></span> <span class='ocrx_word' id='word_1_321' title='bbox 1080 3093 1235 3136; x_wconf 88' lang='lat' dir='ltr'><em>antea</em></span> <span class='ocrx_word' id='word_1_322' title='bbox 1271 3088 1475 3136; x_wconf 87' lang='lat' dir='ltr'><em>cuidam</em></span> <span class='ocrx_word' id='word_1_323' title='bbox 1514 3087 1726 3135; x_wconf 88' lang='lat' dir='ltr'><em>nobilia</em></span> <span class='ocrx_word' id='word_1_324' title='bbox 1751 3099 1804 3133; x_wconf 86' lang='lat' dir='ltr'><em>se</em></span> <span class='ocrx_word' id='word_1_325' title='bbox 1831 3083 2124 3145; x_wconf 84' lang='lat' dir='ltr'><em>professam</em></span> <span class='ocrx_word' id='word_1_326' title='bbox 2162 3097 2238 3131; x_wconf 72' lang='lat' dir='ltr'><em>mc</em></span> 
     </span>
    </p>

    <p class='ocr_par' dir='ltr' id='par_1_10' title="bbox 42 3169 2235 3245">
     <span class='ocr_line' id='line_1_34' title="bbox 42 3169 2235 3245; baseline -0.004 -22"><span class='ocrx_word' id='word_1_327' title='bbox 42 3172 460 3245; x_wconf 42' lang='lat' dir='ltr'><em>*Pepericomum</em></span> <span class='ocrx_word' id='word_1_328' title='bbox 507 3174 650 3235; x_wconf 88' lang='lat' dir='ltr'><em>apud</em></span> <span class='ocrx_word' id='word_1_329' title='bbox 689 3174 956 3232; x_wconf 77' lang='lat' dir='ltr'><em>Cesaream</em></span> <span class='ocrx_word' id='word_1_330' title='bbox 1002 3173 1322 3221; x_wconf 87' lang='lat' dir='ltr'><em>Maiestatem</em></span> <span class='ocrx_word' id='word_1_331' title='bbox 1351 3172 1641 3233; x_wconf 90' lang='lat' dir='ltr'><em>proditorie</em></span> <span class='ocrx_word' id='word_1_332' title='bbox 1674 3170 2033 3230; x_wconf 72' lang='lat' dir='ltr'><em>redarquendo</em></span> <span class='ocrx_word' id='word_1_333' title='bbox 2083 3169 2235 3230; x_wconf 82' lang='lat' dir='ltr'><em>diffa-</em></span> 
     </span>
    </p>

    <p class='ocr_par' dir='ltr' id='par_1_11' title="bbox 43 3249 1298 3321">
     <span class='ocr_line' id='line_1_35' title="bbox 43 3249 1298 3321; baseline -0.001 -15"><span class='ocrx_word' id='word_1_334' title='bbox 43 3249 242 3320; x_wconf 58' lang='grc' dir='ltr'><em>ῗηιαυίί,</em></span> <span class='ocrx_word' id='word_1_335' title='bbox 281 3264 338 3309; x_wconf 87' lang='lat' dir='ltr'><em>ut</em></span> <span class='ocrx_word' id='word_1_336' title='bbox 372 3260 425 3308; x_wconf 90' lang='lat' dir='ltr'><em>in</em></span> <span class='ocrx_word' id='word_1_337' title='bbox 453 3259 842 3321; x_wconf 82' lang='lat' dir='ltr'><em>precedentibus</em></span> <span class='ocrx_word' id='word_1_338' title='bbox 877 3263 950 3307; x_wconf 91' lang='lat' dir='ltr'><em>est</em></span> <span class='ocrx_word' id='word_1_339' title='bbox 985 3263 1298 3307; x_wconf 86' lang='lat' dir='ltr'><em>enarratum.</em></span> 
     </span>
    </p>

    <p class='ocr_par' dir='ltr' id='par_1_12' title="bbox 74 3340 2234 3648">
     <span class='ocr_line' id='line_1_36' title="bbox 205 3340 2234 3406; baseline -0.002 -15"><span class='ocrx_word' id='word_1_340' title='bbox 205 3342 247 3391; x_wconf 60' lang='grc' dir='ltr'>ί</span> <span class='ocrx_word' id='word_1_341' title='bbox 284 3343 525 3406; x_wconf 86' lang='lat' dir='ltr'><em>Sequitur</em></span> <span class='ocrx_word' id='word_1_342' title='bbox 568 3344 824 3405; x_wconf 85' lang='lat' dir='ltr'><em>speculum</em></span> <span class='ocrx_word' id='word_1_343' title='bbox 870 3356 1033 3391; x_wconf 88' lang='lat' dir='ltr'><em>meum</em></span> <span class='ocrx_word' id='word_1_344' title='bbox 1080 3343 1317 3390; x_wconf 89' lang='lat' dir='ltr'><em>manuale</em></span> <span class='ocrx_word' id='word_1_345' title='bbox 1364 3342 1630 3402; x_wconf 73' lang='lat' dir='ltr'><em>Moquntie</em></span> <span class='ocrx_word' id='word_1_346' title='bbox 1690 3353 1722 3387; x_wconf 87' lang='lat' dir='ltr'><em>a</em></span> <span class='ocrx_word' id='word_1_347' title='bbox 1776 3353 1853 3388; x_wconf 88' lang='lat' dir='ltr'><em>me</em></span> <span class='ocrx_word' id='word_1_348' title='bbox 1908 3340 2234 3401; x_wconf 83' lang='lat' dir='ltr'><em>compositum</em></span> 
     </span>
     <span class='ocr_line' id='line_1_37' title="bbox 149 3425 2232 3490; baseline -0.003 -12"><span class='ocrx_word' id='word_1_349' title='bbox 149 3428 332 3478; x_wconf 84' lang='lat' dir='ltr'><em>ibidem</em></span> <span class='ocrx_word' id='word_1_350' title='bbox 368 3430 691 3490; x_wconf 89' lang='lat' dir='ltr'><em>impressum,</em></span> <span class='ocrx_word' id='word_1_351' title='bbox 734 3429 787 3476; x_wconf 89' lang='lat' dir='ltr'><em>in</em></span> <span class='ocrx_word' id='word_1_352' title='bbox 826 3442 924 3488; x_wconf 87' lang='lat' dir='ltr'><em>quo</em></span> <span class='ocrx_word' id='word_1_353' title='bbox 961 3429 1152 3488; x_wconf 88' lang='lat' dir='ltr'><em>scripsi</em></span> <span class='ocrx_word' id='word_1_354' title='bbox 1185 3431 1369 3475; x_wconf 87' lang='lat' dir='ltr'><em>contra</em></span> <span class='ocrx_word' id='word_1_355' title='bbox 1408 3427 1655 3475; x_wconf 85' lang='lat' dir='ltr'><em>Ioannem</em></span> <span class='ocrx_word' id='word_1_356' title='bbox 1695 3425 1944 3473; x_wconf 79' lang='lat' dir='ltr'><em>Beuclzlin</em></span> <span class='ocrx_word' id='word_1_357' title='bbox 1985 3425 2117 3473; x_wconf 91' lang='lat' dir='ltr'><em>iusta</em></span> <span class='ocrx_word' id='word_1_358' title='bbox 2156 3438 2232 3472; x_wconf 90' lang='lat' dir='ltr'><em>oc-</em></span> 
     </span>
     <span class='ocr_line' id='line_1_38' title="bbox 74 3495 2233 3573; baseline -0.004 -10"><span class='ocrx_word' id='word_1_359' title='bbox 74 3495 268 3563; x_wconf 72' lang='lat' dir='ltr'><em>⁴asicme</em></span> <span class='ocrx_word' id='word_1_360' title='bbox 301 3519 462 3563; x_wconf 89' lang='lat' dir='ltr'><em>motus</em></span> <span class='ocrx_word' id='word_1_361' title='bbox 498 3517 547 3561; x_wconf 88' lang='lat' dir='ltr'><em>et</em></span> <span class='ocrx_word' id='word_1_362' title='bbox 583 3513 798 3573; x_wconf 76' lang='lat' dir='ltr'><em>indiqna</em></span> <span class='ocrx_word' id='word_1_363' title='bbox 835 3512 966 3570; x_wconf 79' lang='lat' dir='ltr'><em>lesus</em></span> <span class='ocrx_word' id='word_1_364' title='bbox 1002 3511 1323 3571; x_wconf 86' lang='lat' dir='ltr'><em>contumelia,</em></span> <span class='ocrx_word' id='word_1_365' title='bbox 1366 3525 1467 3559; x_wconf 89' lang='lat' dir='ltr'><em>non</em></span> <span class='ocrx_word' id='word_1_366' title='bbox 1506 3510 1766 3558; x_wconf 87' lang='lat' dir='ltr'><em>nominata</em></span> <span class='ocrx_word' id='word_1_367' title='bbox 1805 3514 1970 3558; x_wconf 87' lang='lat' dir='ltr'><em>tamen</em></span> <span class='ocrx_word' id='word_1_368' title='bbox 2007 3510 2163 3570; x_wconf 84' lang='lat' dir='ltr'><em>ipsius</em></span> <span class='ocrx_word' id='word_1_369' title='bbox 2202 3521 2233 3554; x_wconf 85' lang='lat' dir='ltr'><em>a</em></span> 
     </span>
     <span class='ocr_line' id='line_1_39' title="bbox 75 3581 560 3648; baseline -0.006 0"><span class='ocrx_word' id='word_1_370' title='bbox 75 3581 113 3596; x_wconf 39' lang='lat'><em>&#39;⁴</em></span> <span class='ocrx_word' id='word_1_371' title='bbox 172 3599 560 3648; x_wconf 78' lang='lat' dir='ltr'><em>consultatione.</em></span> 
     </span>
    </p>

    <p class='ocr_par' dir='ltr' id='par_1_13' title="bbox 80 3662 2233 3745">
     <span class='ocr_line' id='line_1_40' title="bbox 80 3662 2233 3745; baseline -0.004 -14"><span class='ocrx_word' id='word_1_372' title='bbox 80 3662 99 3679; x_wconf 46' lang='grc' dir='ltr'><strong><em>γ</em></strong></span> <span class='ocrx_word' id='word_1_373' title='bbox 204 3681 247 3730; x_wconf 67' lang='lat'>1</span> <span class='ocrx_word' id='word_1_374' title='bbox 286 3682 476 3732; x_wconf 86' lang='lat' dir='ltr'><em>Contra</em></span> <span class='ocrx_word' id='word_1_375' title='bbox 514 3683 643 3731; x_wconf 79' lang='lat' dir='ltr'><em>illud</em></span> <span class='ocrx_word' id='word_1_376' title='bbox 678 3683 902 3745; x_wconf 86' lang='lat' dir='ltr'><em>imprimi</em></span> <span class='ocrx_word' id='word_1_377' title='bbox 929 3681 1059 3741; x_wconf 85' lang='lat' dir='ltr'><em>fecit</em></span> <span class='ocrx_word' id='word_1_378' title='bbox 1096 3682 1318 3731; x_wconf 87' lang='lat' dir='ltr'><em>Ioannes</em></span> <span class='ocrx_word' id='word_1_379' title='bbox 1356 3680 1603 3731; x_wconf 79' lang='lat' dir='ltr'><em>Beucltlin</em></span> <span class='ocrx_word' id='word_1_380' title='bbox 1640 3693 1782 3729; x_wconf 87' lang='lat' dir='ltr'><em>suam</em></span> <span class='ocrx_word' id='word_1_381' title='bbox 1820 3679 2233 3729; x_wconf 84' lang='lat' dir='ltr'><em>consultationem</em></span> 
     </span>
    </p>
   </div>
   <div class='ocr_carea' id='block_1_4' title="bbox 15 3325 143 3812">
    <p class='ocr_par' dir='ltr' id='par_1_14' title="bbox 15 3325 143 3812">
     <span class='ocr_line' id='line_1_41' title="bbox 15 3325 116 3470; baseline 0 794"><span class='ocrx_word' id='word_1_382' title='bbox 15 3325 116 3470; x_wconf 95' lang='lat' dir='ltr'><em> </em></span> 
     </span>
     <span class='ocr_line' id='line_1_42' title="bbox 15 3470 143 3812; baseline 0 0"><span class='ocrx_word' id='word_1_383' title='bbox 15 3470 143 3812; x_wconf 95' lang='lat' dir='ltr'><em>  </em></span> 
     </span>
    </p>
   </div>
   <div class='ocr_carea' id='block_1_5' title="bbox 66 3817 402 3831">
    <p class='ocr_par' dir='ltr' id='par_1_15' title="bbox 66 3817 402 3831">
     <span class='ocr_line' id='line_1_43' title="bbox 66 3817 402 3831; baseline 0 433"><span class='ocrx_word' id='word_1_384' title='bbox 66 3817 402 3831; x_wconf 95' lang='lat' dir='ltr'><em> </em></span> 
     </span>
    </p>
   </div>
   <div class='ocr_carea' id='block_1_6' title="bbox 179 3903 715 3961">
    <p class='ocr_par' dir='ltr' id='par_1_16' title="bbox 179 3903 715 3961">
     <span class='ocr_line' id='line_1_44' title="bbox 179 3903 715 3961; baseline 0.004 -14"><span class='ocrx_word' id='word_1_385' title='bbox 179 3903 215 3932; x_wconf 79' lang='lat'><em>¹⁸</em></span> <span class='ocrx_word' id='word_1_386' title='bbox 250 3906 516 3961; x_wconf 72' lang='lat' dir='ltr'><em>Tunqrensia</em></span> <span class='ocrx_word' id='word_1_387' title='bbox 548 3906 715 3949; x_wconf 82' lang='lat' dir='ltr'><em>Groeca.</em></span> 
     </span>
    </p>
   </div>
  </div>
 </body>
</html>
