2456 4264
322 310 443 370 420
476 335 636 364 ῙΔΟΟΒῙ
658 332 995 363 ΗΟΟΗΒΤΒΑΤΕΝ
1017 333 1077 361 ΑΙ)
1098 333 1285 362 LEONEM
1307 331 1457 363 PAPAM
1477 333 1536 361 ET
1557 333 1931 364 MAXAEMILIANVM
1952 332 2049 363 Iup·
2069 332 2310 362 EPISTOLA.

318 469 571 528 apostolica
601 479 693 525 per
720 478 872 524 penas
904 476 1218 522 censurasque
1249 464 1514 509 nullatenus
1557 466 1750 509 coerciti
1792 465 2047 524 triplicibus
2083 465 2302 524 profecto
2347 468 2451 509 tur-

309 540 512 598 pissimis
557 541 603 581 et
639 536 961 581 lenocinalibus
991 536 1193 593 epistolis
1224 548 1401 594 quoquo
1435 547 1597 581 versus
1634 537 1682 579 in
1716 539 1925 580 nostram
1966 538 2289 594 nequissimam
2326 535 2451 594 infa-

314 611 450 654 miam
481 608 695 664 (diversis
729 605 1022 665 temporibus)
1060 607 1106 649 in
1139 606 1356 650 mundum
1393 606 1548 661 editis,
1597 607 1826 650 silentium
1861 606 1920 650 ab
1954 607 2112 651 eadem
2146 608 2253 651 sede
2280 618 2449 664 prece-

307 683 441 738 ptum
480 679 728 723 temerarie
762 679 885 722 citra
930 688 1104 722 omnem
1149 678 1372 721 rationem
1422 676 1731 735 infreqerunt.
1805 675 1973 730 Quibus
2010 680 2163 721 tamen
2198 678 2291 721 alia
2328 679 2450 734 ipso-

313 763 416 794 rum
453 750 728 808 nequissima
762 752 807 793 et
839 743 1271 792 inchristianissima
1312 747 1531 806 facinora
1578 759 1856 806 maqnopere
1901 748 1949 791 in
2005 749 2186 792 malicia
2223 750 2452 806 prestant,

313 820 533 865 adversus
570 819 817 875 christum,
855 819 1070 878 spiritum
1105 821 1319 862 sanctum
1355 821 1401 862 et
1439 821 1628 862 sanctos
1666 820 1713 862 in
1745 818 1863 875 celo,
1897 818 2120 863 adversus
2151 819 2454 876 apostolicam

310 890 461 935 sedem
505 894 753 945 temerata,
803 890 986 948 quando
1041 878 1242 933 tunicam
1286 888 1397 933 Iesu
1445 888 1611 933 christi
1645 888 1959 947 pediculosam
2012 889 2220 934 scribunt
2266 893 2456 946 vestem,

310 961 589 1021 Crucemque
613 963 708 1006 eius
741 961 1023 1005 benedictam
1058 962 1105 1004 in
1142 974 1233 1019 qua
1271 960 1502 1018 redempti
1530 972 1686 1005 sumus
1718 957 1823 1019 (heu
1853 972 1951 1004 rem
1976 961 2179 1018 coqitatu
2202 955 2448 1022 indrynam)

300 1033 630 1091 permerdant,
679 1032 862 1091 quando
899 1045 991 1090 pro
1027 1031 1219 1075 ludibrio
1255 1030 1427 1075 habent
1461 1031 1812 1088 spiritussancti
1843 1031 2049 1076 invocari
2089 1033 2318 1089 qratiam,
2366 1033 2451 1075 aut

308 1104 579 1148 dominicam
617 1103 833 1148 meditari
867 1105 1132 1162 passionem
1174 1105 1340 1147 contra
1381 1102 1570 1146 insidias
1615 1103 1921 1157 inimicorum,
1967 1100 2159 1156 Quando
2207 1103 2451 1160 imaqinem·

309 1176 466 1219 sancti
496 1173 633 1219 Petri
666 1174 1008 1233 blasphemant,
1054 1172 1388 1232 Maqorumque
1424 1185 1625 1230 corpora
1662 1172 1816 1217 dicere
1854 1186 1946 1218 non
1986 1171 2181 1217 horrent
2221 1185 2320 1217 esse
2363 1186 2448 1216 ru-

309 1247 449 1290 sticos
483 1257 546 1290 ex
590 1244 887 1303 westphalia,
927 1243 1120 1300 Quando
1161 1243 1465 1302 indulqentias
1509 1255 1685 1303 quoque
1709 1244 2023 1303 permerdant
2049 1243 2272 1302 papales,
2319 1246 2366 1287 et
2401 1242 2456 1289 ia

307 1328 452 1375 qenus
482 1317 688 1374 plurima
724 1317 1014 1375 nequissima.
1088 1314 1294 1373 Insuper
1330 1315 1515 1360 tulimus
1542 1315 1786 1374 patienter
1820 1315 2018 1359 iniustas
2053 1313 2456 1371 debacchationes,

311 1400 367 1432 ac
400 1400 492 1432 non
530 1390 625 1431 tam
662 1388 902 1432 mordaces
930 1400 1066 1446 quam
1095 1387 1273 1445 iniquos
1307 1387 1490 1431 aculeos
1524 1386 1670 1443 ipsius
1701 1385 1895 1431 Ioannis
1928 1384 2180 1441 Reuchlin,
2218 1400 2247 1429 a
2284 1385 2447 1444 quibus

309 1460 356 1502 in
391 1457 553 1503 cabula
584 1470 673 1502 sua
708 1470 758 1503 se
794 1462 1056 1515 temperare
1093 1458 1232 1503 livore
1269 1460 1405 1502 actus
1438 1457 1657 1515 nequivit.
1730 1457 1797 1501 Et
1830 1456 1993 1501 deinde
2027 1458 2329 1501 sustinuimus
2365 1469 2456 1502 co·-

307 1542 412 1573 ram
448 1528 530 1573 deo
565 1532 612 1572 et
643 1527 893 1573 hominibus
927 1529 1074 1575 virum
1110 1528 1238 1572 nobis
1272 1527 1664 1572 iniuriosissimum
1704 1525 1800 1588 (qui
1832 1539 1883 1572 os
1917 1527 2233 1572 maledictione
2253 1518 2456 1585 plenum?

305 1604 472 1644 contra
508 1612 592 1644 nos
625 1597 854 1658 exercuit)
884 1598 1012 1644 nobis
1044 1598 1169 1657 false
1201 1599 1266 1643 ad
1297 1600 1470 1643 crimen
1507 1599 1780 1657 impinqens‚
1818 1598 1868 1642 id
1899 1598 2023 1657 quod
2049 1593 2192 1659 (teste
2225 1594 2329 1660 deo)
2363 1608 2450 1644 nos-

305 1671 466 1728 latuit,
504 1682 589 1714 nec
617 1671 766 1730 aliquo
794 1672 897 1715 iure
924 1673 1011 1714 aut
1040 1672 1161 1715 scire
1192 1672 1277 1714 aut
1311 1669 1520 1714 cohibere
1548 1670 1747 1714 devincti
1774 1666 2046 1730 fueramus)
2075 1669 2298 1714 hominem
2328 1683 2445 1727 pro-

304 1741 433 1786 dolor
465 1755 495 1785 a
534 1740 735 1786 moribus
769 1742 953 1799 optimis
999 1741 1440 1799 spectatissimorum
1476 1740 1785 1799 patriciorum
1821 1739 2269 1799 Nurenberqensium
2313 1739 2444 1799 (quos

211 1811 279 1865 aij
302 1811 520 1856 honestas
552 1812 824 1870 sinqularis,
867 1812 1091 1869 preclara
1123 1807 1341 1871 iujsticia,
1388 1812 1848 1869 circumspectissima
1882 1822 2063 1869 semper
2106 1811 2307 1856 reddidit
2343 1825 2456 1856 ma·:

300 1884 538 1941 ximopere
560 1877 946 1943 commendabiles)
979 1882 1330 1941 deqenerantem
1354 1882 1646 1927 Billibaldum
1673 1881 2008 1940 pirckmerium
2046 1884 2127 1941 qui
2156 1894 2300 1942 usque
2330 1882 2444 1929 adeo

300 1954 603 1998 maledicendi
633 1954 809 2008 avidus,
845 1967 932 2012 quo
968 1953 1342 1999 mordacissimus
1377 1957 1425 1998 et
1460 1965 1541 1998 eas
1572 1953 1751 2013 quidem
1775 1954 2011 2012 plurimas
2033 1955 2079 1997 in
2104 1952 2335 2012 theoloqos
2360 1953 2441 1999 Co-

300 2026 522 2070 lonienses
557 2024 662 2077 (sibi
684 2037 921 2083 nunquam
944 2019 1157 2085 iniurios)
1180 2024 1392 2082 effutiret
1420 2024 1719 2070 contumelias
1753 2023 1904 2081 (haud
1929 2024 2302 2071 animadvertens
2325 2024 2445 2070 stulu:

301 2099 397 2141 tum
433 2107 530 2140 esse
570 2097 618 2140 in
654 2096 888 2154 principio
934 2094 1154 2155 effluere,
1201 2096 1250 2139 in
1296 2097 1400 2153 ipsa
1451 2098 1606 2140 autem
1640 2094 1837 2140 historia
1879 2096 2104 2155 succinqi)
2145 2096 2445 2154 praemialem

297 2166 550 2211 maledictis
577 2167 766 2226 plenam
801 2168 1030 2226 conqessit
1065 2166 1326 2226 epistolam,
1363 2179 1451 2226 que
1477 2169 1738 2212 tractatum
1768 2178 1861 2225 pre
1892 2166 2133 2212 verborum
2161 2167 2456 2225 pluralitate:

293 2237 446 2297 ferme
492 2237 721 2297 adequat,
771 2239 847 2283 cui
888 2240 986 2282 tam
1030 2237 1273 2297 impudens
1319 2250 1370 2282 os
1414 2242 1510 2293 est,
1560 2240 1615 2283 ut
1660 2239 1815 2283 causis
1853 2249 1904 2282 se
1938 2240 2124 2297 inqerat
2159 2237 2441 2297 theoloqicis,

295 2312 430 2354 immo
465 2309 604 2368 leqem
646 2308 864 2368 theoloyis
895 2309 1124 2368 presiqat,
1173 2310 1303 2353 cuius
1337 2313 1465 2354 certe
1501 2308 1799 2368 theoloqicam
1826 2310 2051 2367 peritiam
2088 2319 2219 2353 nemo
2255 2304 2456 2357 instita&

295 2374 400 2425 rum
432 2393 596 2440 maqno
615 2381 779 2438 precio
819 2383 1136 2436 mercaretur,
1181 2379 1247 2423 Et
1274 2380 1477 2438 proinde
1514 2381 1648 2426 nimis
1680 2379 1845 2439 frivole
1880 2377 1951 2439 (ut
1985 2391 2144 2426 verum
2178 2368 2456 2440 fateamur&

291 2450 707 2510 qiqantomachiam
741 2452 929 2496 inermis
955 2452 1242 2510 pusillusque
1276 2452 1486 2496 intravit.
1557 2450 1663 2505 Hec
1691 2463 1800 2497 vero
1833 2451 1915 2495 isti
1942 2451 2188 2510 fecerunt,
2228 2464 2313 2497 nos
2350 2458 2442 2496 auf-‘2

296 2525 386 2566 tem
423 2524 650 2568 tacuimus
681 2517 960 2584 (quanquam
998 2522 1062 2567 ad
1094 2523 1258 2567 similia
1292 2522 1418 2582 loqui
1443 2520 1767 2581 potuissemus)
1805 2523 1852 2566 in
1874 2522 2052 2567 silentio
2089 2526 2133 2567 et
2161 2534 2246 2580 spe
2280 2516 2443 2581 (quarm

290 2605 436 2652 super
470 2593 618 2649 divine
654 2606 793 2648 cause
821 2593 1102 2652 fortitudine
1137 2597 1184 2638 et
1221 2596 1395 2652 optima
1431 2595 1613 2638 iusticia
1641 2592 1950 2652 concepimus)
1997 2597 2235 2638 manentes
2271 2593 2438 2639 avidis*

289 2665 403 2709 sime
436 2666 485 2709 in
523 2677 579 2709 ea
605 2665 719 2723 fidei
751 2677 895 2710 causa
933 2664 1157 2709 adversus
1185 2665 1371 2723 impium
1410 2665 1659 2723 Capnionis
1695 2664 1888 2709 libellum
1922 2664 2216 2724 diffinitivam
2251 2667 2435 2714 sentem

290 2736 418 2779 tiam.
502 2735 670 2781 Verum
705 2737 920 2795 lonqioris
957 2748 1085 2790 more
1110 2737 1296 2794 pertesi
1329 2731 1559 2797 (nimirum
1587 2735 1666 2795 qui
1701 2736 1900 2781 triennio
1933 2737 2162 2781 iusticiam
2192 2737 2435 2782 instantia

288 2807 400 2851 sime
435 2807 742 2865 prestolando
782 2805 1043 2866 petivimus)
1091 2805 1352 2852 Romanam
1396 2808 1652 2866 linquente-s
1695 2806 1881 2864 urbem,
1920 2810 2228 2866 posteaquam
2265 2806 2433 2866 pedefi

290 2877 519 2923 Coloniam
554 2879 892 2935 intulissemus,
930 2879 1102 2937 paucis
1147 2877 1312 2923 dehinc
1347 2878 1502 2924 diebus
1537 2878 1764 2938 quendam
1799 2877 2074 2936 offendimus
2120 2878 2311 2923 libellum
2349 2877 2435 2926 θοὴ

287 2948 406 3003 lonie
439 2950 738 3007 impressum,
783 2962 841 2994 ac
877 2953 989 2994 ante
1024 2949 1178 2994 oculos
1212 2953 1398 2994 nostros
1433 2954 1479 2995 et
1526 2963 1684 2995 coram
1731 2949 1926 3007 editum,
1973 2951 2054 3009 qui
2091 2950 2257 3009 plane,
2303 2950 2346 2994 si
2385 2946 2433 3010 a}

287 3032 369 3064 nos
403 3019 656 3065 dumtaoeat
690 3020 939 3076 deseviret,
977 3023 1063 3065 aut
1091 3019 1218 3065 nobis
1252 3021 1396 3065 solum
1431 3021 1628 3066 iniurius
1663 3024 1798 3076 esset,
1835 3021 1955 3065 labia
1992 3025 2119 3066 certe
2155 3024 2318 3065 nostra
2341 3026 2431 3084 nott

286 3092 562 3148 aperuisset.
636 3093 700 3137 At
733 3093 948 3150 quoniam
985 3091 1371 3149 deprehendimus
1397 3106 1488 3150 per
1515 3103 1566 3136 os
1593 3092 1690 3137 eius
1714 3090 1934 3137 diabolum
1960 3091 2267 3137 intolerabiles
2295 3088 2431 3145 cuivfi

285 3161 464 3206 sincero
491 3161 744 3208 christiano
776 3162 960 3208 sibilare
994 3161 1323 3220 blasphemias,
1363 3164 1573 3221 citraque
1597 3175 1772 3208 omnem
1801 3163 2075 3221 doctrinam,
2114 3163 2333 3223 quosdam
2365 3160 2428 3208 vi&

285 3242 364 3275 ros
401 3233 613 3298 loquaces
643 3236 690 3278 in
735 3246 785 3278 eo
821 3234 1015 3279 dilutum
1049 3235 1321 3292 porrexisse
1354 3235 1712 3293 capnionisticas
1762 3233 1945 3291 sordes,
1980 3236 2061 3293 qui
2092 3237 2222 3279 certo
2257 3234 2428 3279 ceram

287 3293 486 3361 (quando
516 3306 794 3361 parturiunt
829 3309 1018 3361 montes,
1055 3306 1267 3350 nascitur
1294 3308 1449 3350 autem
1473 3305 1695 3351 ridiculus
1723 3303 1842 3364 mus)
1879 3305 2094 3350 dedecori
2113 3306 2259 3363 maqis
2293 3310 2427 3380 quain

283 3378 555 3418 ornamento
592 3375 677 3419 sibi
706 3375 858 3433 fuere,
896 3387 1202 3435 cerneresque
1238 3388 1316 3422 eos
1343 3378 1391 3421 in
1427 3376 1770 3422 subversionem
1798 3378 1987 3435 qarrire
2021 3377 2233 3422 veritatis
2267 3362 2425 3421 catha*

283 3442 392 3498 lice,
440 3457 497 3488 ac
525 3446 724 3502 perinde
757 3448 804 3490 in
841 3448 1095 3493 omnimoda
1141 3459 1282 3502 cause
1327 3447 1495 3493 christi
1539 3447 1900 3507 deniqrationem
1935 3445 2091 3508 (quam
2135 3449 2183 3492 in
2222 3444 2429 3506 sequen&

282 3525 422 3571 opere
459 3513 730 3574 diqeremus)
770 3518 819 3561 in
861 3518 1122 3563 libertatem
1154 3521 1462 3578 prorupimus
1495 3520 1696 3577 filiorum
1752 3519 1828 3564 dei
1873 3522 2157 3581 compertum
2206 3517 2425 3582 habente?

278 3583 391 3642 fidei
419 3588 579 3639 nostre
610 3588 834 3631 neminem
862 3602 952 3633 non
983 3590 1114 3634 modo
1148 3603 1240 3635 non
1277 3591 1517 3647 damnari,
1561 3591 1698 3636 immo
1734 3591 1923 3644 ecclesie
1955 3593 2100 3650 caput
2132 3589 2421 3650 quemadmffl

282 3654 391 3699 dum
423 3659 468 3700 et
497 3657 673 3714 reliqua
705 3658 910 3702 membra
924 3694 936 3714 ,
970 3662 1063 3706 sive
1098 3673 1230 3719 reyes
1259 3663 1354 3707 sive
1374 3662 1618 3720 principes
1652 3663 1763 3718 sint,
1794 3661 1906 3719 fidei
1938 3662 2040 3721 iuqo
2075 3660 2300 3706 subiectos
2327 3663 2423 3706 esae

280 3729 519 3785 oportere,
557 3728 840 3787 scientesque
873 3731 1087 3788 quoniam
1119 3735 1303 3789 oportet
1329 3735 1442 3792 plus
1476 3732 1656 3779 obedire
1691 3733 1775 3779 deo
1805 3746 1942 3792 quam
1979 3731 2244 3788 hominibus,
2281 3735 2422 3791 nequ&

389 3878 428 3907 ²5
466 3876 618 3934 epist]
659 3881 732 3923 Of.
760 3880 891 3923 Hutt.
922 3892 1025 3935 opp.
1047 3881 1082 3922 Ι.
1104 3894 1147 3924 n.
1168 3882 1360 3925 LXIIII.
1389 3897 1433 3937 p.
1459 3883 1552 3926 151.
1666 3883 1704 3911 4⁰
1732 3884 1937 3938 prexisse
1969 3887 2009 3926 1.
2122 3881 2160 3910 ³⁸
2191 3876 2417 3946 quonianfl

277 3950 349 4007 qffi
366 3955 406 3996 1.
427 3957 469 3992 et
496 3953 560 3993 sio
586 3952 630 3995 in
659 3966 752 4007 sqq.
2386 3952 2415 3973 ””
