2456 4264
238 226 355 287 442
629 239 878 270 mzvcnmm
900 239 959 267 AD
981 237 1364 266 Pmcmmmnnvu
1383 238 1618 268 EmsronAE
1638 238 1769 268 DA'rAE
1789 238 1833 268 A.
1860 234 1954 272 1520.

236 387 301 433 1111
339 387 603 440 surrogatus
640 375 819 421 nomine
855 372 1111 417 Dominicus
1148 371 1202 416 de
1238 371 1485 422 laco-batiis,
1523 371 1766 419 Cardinalis
1802 387 1947 435 nuper
1983 389 2007 420 a
2042 372 2192 419 Leone
2228 387 2351 420 crea-

243 464 316 502 tus
355 456 413 499 sit
451 468 485 496 3.
524 445 704 494 Bartolo
742 445 788 499 in
825 440 996 492 Insula,
1035 441 1347 492 acutissimus,
1386 447 1439 487 ut
1475 443 1624 497 aiunt,
1662 442 1842 496 iurista‚
1881 459 2033 491 coram
2069 459 2160 505 quo
2198 444 2354 490 volunt

235 527 288 571 dc
324 522 521 584 apicibus
559 517 670 562 iuris
709 513 1104 572 sophismatizare‚
1154 514 1190 557 si
1238 513 1355 558 forte
1399 513 1576 572 possint
1612 526 1683 558 me
1719 514 1775 561 ad
1810 528 2027 575 expensas
2072 520 2353 575 retorquere.

234 595 499 640 Inchoantur
535 584 813 634 autem.haec
847 588 1090 643 postquam
1115 583 1381 629 Franciscus
1420 596 1498 627 eos
1535 582 1762 629 diffidavit.
1835 584 2022 646 Scripsit
2057 591 2205 632 autem
2240 585 2354 630 idem

234 664 493 709 Franciscus
533 657 586 703 ad
622 668 716 705 me,
764 653 884 713 quod
930 652 975 697 in
1024 653 1094 698 die
1139 655 1382 699 nativitatis
1420 652 1585 699 Christi
1630 656 1802 700 venerit
1837 655 1892 701 ad
1928 670 2031 702 eum
2066 656 2388 716 provincialis5

234 747 331 779 cum
370 728 631 791 quibusdam
670 723 872 786 patribus
910 722 1149 784 provinciae
1187 729 1232 768 et
1268 725 1607 784 impetraverint
1652 726 1816 771 iterum
1863 726 1917 771 ab
1963 739 2019 772 30
2056 740 2195 772 unum
2232 740 2356 772 men-

235 816 351 853 sem,
390 801 435 845 in
474 812 563 859 quo
600 796 737 842 velint
772 807 945 841 mecum
981 800 1187 840 tractare.
1260 794 1314 839 Et
1351 795 1672 841 concluserunt
1706 809 1808 842 cum
1844 810 1924 847 30,
1963 797 2085 857 quod
2120 811 2227 843 casu
2265 811 2355 857 quo

234 885 405 918 mecum
442 869 559 915 infra
595 881 695 913 eum
732 879 930 911 mensem
966 880 1057 911 non
1094 866 1500 918 concordarentur,
1548 866 1670 926 quod
1714 872 1822 913 tunc
1857 881 1941 928 pro
1978 881 2097 913 nunc
2134 869 2357 914 consenti-

233 951 345 993 rent,
386 940 507 1001 quod
543 939 767 998 acciperet
803 936 856 981 ad
895 950 942 981 se
978 936 1152 996 aliquot
1188 938 1309 982 viros
1347 937 1503 983 doctos
1543 943 1588 982 et
1624 936 1955 984 ecclesiasticos
1980 952 2064 998 pro
2091 944 2219 998 parte
2243 951 2356 988 mea,

235 1021 278 1059 et
315 1014 400 1073 ipsi
438 1011 691 1070 acciperent
728 1007 782 1053 ad
820 1021 867 1053 se
905 1007 1082 1067 aliquos
1119 1007 1290 1068 pariter
1324 1009 1446 1053 viros
1484 1007 1641 1053 doctos
1681 1014 1727 1054 et
1751 1007 2097 1059 ecclesiasticos,
2136 1010 2214 1068 qui
2238 1009 2355 1055 circa
2375 1019 2412 1050 10

235 1084 498 1129 dominicam
536 1077 664 1125 Oculi
712 1077 838 1123 litem
884 1078 998 1124 hanc
1044 1091 1124 1138 per
1171 1078 1446 1124 amicabilem
1495 1079 1780 1126 concordiam
1817 1085 2142 1141 componerent
2178 1085 2223 1124 et
2259 1078 2359 1125 fini·

236 1160 348 1199 rent.
422 1151 566 1212 Super
614 1164 703 1210 quo
752 1154 969 1194 venerunt
1015 1149 1069 1194 ad
1113 1162 1183 1194 me
1220 1151 1346 1195 missi
1383 1165 1407 1195 a
1442 1149 1707 1196 Provinciali
1745 1150 1799 1197 ad
1836 1150 2183 1210 colloquendum
2222 1163 2360 1211 super

233 1223 442 1284 capitulis
478 1222 625 1282 pacis,
676 1225 722 1265 et
770 1220 872 1279 quia
918 1219 1043 1265 nolui
1089 1223 1269 1266 causam
1315 1222 1517 1281 recipere
1565 1221 1619 1266 de
1667 1221 1873 1267 manibus
1918 1221 2084 1267 nobilis
2120 1220 2358 1271 Francisci‚

233 1295 304 1341 cui
339 1293 577 1343 cesserim,
615 1290 715 1336 ideo
753 1291 1104 1350 impetraverunt
1141 1306 1165 1336 a
1201 1305 1272 1336 me
1308 1305 1578 1337 consensum
1614 1292 1755 1338 habiti
1794 1298 2041 1343 tractatus,
2089 1298 2140 1337 ut
2176 1291 2359 1352 praefer-

234 1373 320 1416 tur,
359 1371 404 1410 et
439 1363 677 1409 nominatae
715 1366 820 1406 sunt
855 1374 1060 1421 personae
1097 1361 1279 1408 illorum
1317 1362 1611 1409 amicabilium
1647 1365 2017 1423 compositorum,
2055 1362 2101 1408 in
2139 1377 2250 1423 quas
2275 1377 2359 1408 nos
2379 1371 2416 1403 15

233 1435 369 1482 ambae
406 1440 559 1495 partes
596 1433 923 1483 consensimus,
963 1438 1008 1477 et
1043 1433 1105 1478 ita
1142 1447 1166 1478 a
1203 1446 1274 1478 me
1310 1440 1611 1486 recesserunt,
1652 1435 1773 1495 quod
1809 1434 2016 1480 dixerunt
2042 1435 2223 1479 omnino
2249 1433 2364 1479 hanc

234 1507 357 1552 litem
394 1505 492 1551 fore
528 1503 783 1554 extinctam,
824 1504 928 1563 quia
964 1505 1153 1564 promisi
1190 1505 1254 1550 eis
1290 1518 1361 1550 me
1399 1506 1549 1551 omnia
1585 1512 1714 1565 grata
1747 1511 1792 1550 et
1828 1511 1924 1551 rata
1949 1504 2223 1555 habiturum,
2262 1519 2362 1565 quae

233 1579 314 1623 hac
349 1577 394 1621 in
433 1589 566 1621 causa
605 1589 657 1621 ex
692 1579 885 1635 utraque
921 1580 1051 1634 parte
1087 1574 1422 1621 concluderent.
1496 1575 1605 1622 Cum
1641 1577 1784 1636 igitur
1820 1576 2060 1622 considero
2098 1574 2216 1621 diem
2251 1576 2365 1622 nati-

232 1648 379 1693 vitatis
404 1647 590 1696 Domini,
630 1658 720 1705 quo
757 1644 959 1690 inducias
994 1647 1161 1691 mensis
1198 1637 1513 1706 impetrarunt,
1552 1653 1597 1692 et
1633 1647 1871 1694 considero
1910 1647 2024 1693 diem
2064 1648 2131 1691 13.
2158 1646 2362 1697 Ianuarii,

234 1732 332 1764 cum
369 1719 455 1763 mei
492 1721 814 1777 procuratores
852 1715 904 1762 ad
942 1728 1013 1760 me
1058 1716 1235 1762 litteras
1287 1717 1607 1776 obsignabant,
1655 1731 1844 1778 possum
1890 1719 2094 1778 cogitare
2141 1717 2361 1778 quodssea
2378 1728 2420 1761 20

232 1790 380 1834 Romae
420 1788 510 1833 sint
556 1788 812 1847 nuperrime
857 1786 1023 1838 moliti,
1071 1793 1123 1832 ut
1168 1787 1333 1834 nobilis
1370 1787 1598 1834 Francisci
1642 1789 1901 1835 institutum
1946 1789 2179 1848 negotium
2224 1790 2364 1848 impe-

234 1860 371 1905 diant.
444 1857 537 1919 Ego
577 1862 725 1903 autem
765 1858 924 1918 scripsi
961 1857 1171 1908 Romam,
1210 1864 1261 1903 ut
1298 1864 1620 1919 procuratores
1656 1861 1743 1904 mei
1782 1859 2036 1921 supplicent
2071 1859 2218 1920 Papae,
2258 1873 2364 1919 qua-

235 1937 363 1976 tenus
402 1929 456 1976 ad
503 1935 704 1988 tempus,
757 1929 888 1974 etiam
935 1929 1021 1973 mei
1068 1929 1449 1990 contemplatione
1497 1931 1870 1991 supersedeatur,
1920 1932 2037 1977 sicut
2081 1931 2169 1976 iam
2216 1929 2364 1975 tribus

234 2002 360 2046 annis
407 2005 514 2060 post
560 1999 818 2045 mandatum
864 1999 917 2044 de
966 1999 1299 2059 supersedendo
1347 2000 1401 2046 ab
1440 2001 1704 2048 adversariis
1740 2002 1852 2048 meis
1888 2003 2192 2062 impetratum,
2232 2001 2364 2047 etiam

234 2085 303 2116 me
340 2072 477 2116 invito
516 2069 603 2115 fuit
640 2075 879 2115 cessatum.
953 2070 1063 2115 Item
1111 2071 1231 2131 quod
1269 2072 1418 2118 dicant
1452 2072 1851 2119 Reverendissimis
1887 2072 2136 2124 Iudicibus,
2185 2085 2364 2118 causam
2382 2083 2424 2116 '.‘5

234 2143 287 2187 de
325 2156 549 2188 consensu
586 2140 781 2201 partium
819 2142 906 2187 iam
947 2143 1125 2187 tractari
1163 2155 1244 2202 per
1281 2144 1613 2204 compositores
1650 2143 1819 2190 electos
1856 2143 1910 2189 ad
1946 2143 2221 2190 amicabilem
2259 2156 2365 2189 con-

235 2213 452 2263 cordiam,
492 2225 630 2272 quare
667 2211 792 2257 nolui
828 2213 1114 2272 praecipitare
1151 2226 1260 2257 rem.
1335 2214 1400 2259 Tu
1438 2214 1684 2275 responde,
1735 2216 1772 2260 si
1810 2221 1966 2275 potes,
2016 2214 2124 2274 quid
2160 2214 2365 2260 facturus

234 2285 314 2329 sim
351 2282 602 2329 commode:
642 2288 687 2328 et
721 2281 818 2328 vale
854 2282 1060 2329 feliciter.
1134 2283 1378 2344 Anglopoli
1416 2288 1457 2330 4.
1482 2284 1633 2331 Idibus
1669 2285 1924 2337 Februarii,
1962 2300 2079 2332 anno
2117 2284 2311 2330 M.D.XX.

1536 2355 1689 2402 Iohan.
1726 2356 1941 2403 Reuchlin
1980 2355 2076 2401 .LL.
2113 2355 2294 2402 Doctor.

1012 2522 1360 2571 Consultissimo
1399 2525 1578 2572 domino
2376 2528 2420 2561 3⁰

860 2609 1182 2661 Bilibaldo
1231 2613 1736 2670 Pirckheimer0‚

678 2707 875 2769 patricio
905 2706 1269 2769 Norimbergensi
1306 2711 1576 2757 amicissimo
1615 2725 1697 2757 suo
1736 2710 1778 2756 S.
1806 2710 1852 2756 P.
1879 2711 1923 2757 D.

370 2807 431 2852 Ne
471 2806 702 2853 tabellario
740 2808 932 2852 huic-se
970 2807 1178 2853 offerenti
1213 2806 1552 2870 Norimbergam
1589 2809 1755 2856 iterum
1789 2810 1901 2856 nihil
1938 2809 2193 2856 litterarum
2231 2809 2284 2855 ad
2322 2816 2368 2855 te

235 2878 407 2929 darem,
447 2879 523 2938 qui
562 2881 667 2925 sane
705 2877 968 2930 festinabat,
1007 2879 1087 2925 has
1126 2878 1284 2925 saltem
1321 2881 1507 2942 pauxilli
1543 2883 1759 2927 momenti
1795 2880 1961 2932 scribo,
2002 2880 2166 2941 quibus
2204 2881 2368 2927 certio-

235 2963 329 2994 rem
366 2955 409 2994 te
446 2949 584 3000 facio,
633 2948 871 2995 consilium
910 2963 980 2994 me
1018 2955 1145 2995 tuum
1184 2964 1283 2996 esse
1321 2958 1579 3013 sequutum.
1651 2952 1759 2998 Nam
1808 2965 1983 2997 omnem
2029 2951 2167 2998 retexi
2205 2950 2364 2997 Sicano
2383 2963 2423 2996 35

236 3033 332 3065 11130
372 3019 718 3066 fraterculorum
756 3021 800 3065 in
838 3021 962 3066 curia
998 3020 1193 3066 Romana
1231 3021 1473 3075 fallaciam,
1522 3029 1566 3068 et
1615 3023 1736 3084 quod
1772 3037 1935 3069 novum
1971 3036 2237 3084 processum
2273 3036 2368 3068 mo-

236 3089 444 3142 liantur,⁴
469 3098 652 3151 agentes
689 3104 772 3152 per
807 3091 1105 3152 leguleiorum
1142 3093 1451 3152 captiunculas
1489 3100 1535 3140 et
1570 3094 1830 3140 brocardica
1868 3093 2141 3140 vaframenta
2179 3093 2232 3139 ad
2269 3092 2368 3138 nul-

237 3160 403 3206 litatem
442 3164 675 3211 sententiae
712 3161 962 3222 Spirensis,
1013 3176 1145 3222 quam
1191 3163 1244 3208 de
1291 3179 1416 3210 more
1463 3166 1599 3211 curiae
1650 3177 1731 3226 per
1780 3165 1938 3211 sordes
1983 3163 2114 3211 facile
2150 3169 2369 3225 poterunt

242 3231 504 3290 impetrare,
554 3239 604 3278 ut
651 3246 866 3292 expensas
913 3234 1116 3293 pendam.
1193 3233 1334 3295 Spero
1382 3236 1509 3281 illum
1546 3235 1782 3282 Herculem
1819 3249 1989 3296 ponere
2024 3236 2238 3296 nequitiis
2274 3248 2369 3280 mo-

238 3299 355 3344 dum.
426 3301 525 3347 Dies
562 3303 806 3350 amicabilis
844 3310 1064 3350 tractatus
1102 3305 1156 3350 ad
1193 3306 1384 3352 medium
1423 3307 1776 3368 quadragesimae
1814 3305 2202 3353 consentientibus
2227 3306 2366 3367 parti·
2383 3316 2424 3349 40

351 3492 365 3519 ¹
396 3495 463 3543 de,
486 3497 734 3539 Iacobutiis
763 3499 951 3540 Goldast.
1042 3497 1242 3552 creatus]
1275 3500 1349 3541 die
1371 3499 1440 3543 26.
1462 3501 1561 3543 Iun.
1587 3514 1627 3544 a.
1652 3500 1775 3542 1517.
1799 3513 1900 3542 eum
1923 3501 2030 3542 aliis
2059 3499 2264 3554 triginta.
2296 3498 2366 3543 Cf.

240 3564 294 3613 de
336 3578 388 3605 eo
420 3565 607 3620 ciacon,
637 3570 718 3610 vit.
747 3570 922 3623 pontiff.
945 3570 1028 3610 III.
1051 3583 1093 3622 p.
1116 3568 1211 3611 383.
1326 3569 1345 3595 4
1375 3571 1617 3612 diffudauit
1649 3572 1837 3613 Goldast.
1953 3570 1970 3596 ⁶
2008 3572 2368 3625 impetrauerunt

241 3635 427 3675 Goldast.
516 3636 532 3661 ⁹
563 3637 733 3691 aliquot
761 3642 822 3681 sic
851 3641 935 3683 111.
960 3642 1146 3682 Goldast.
1235 3638 1267 3665 ¹¹
1300 3641 1465 3685 domin.
1487 3639 1591 3694 Oc.]
1618 3642 1659 3682 d.
1684 3642 1752 3684 11.
1773 3643 1908 3682 Mart.
1932 3655 1972 3682 a.
1998 3639 2120 3682 1520.
2209 3637 2243 3664 1³
2272 3651 2365 3679 ma-

237 3704 348 3759 nib.]
375 3707 620 3749 maioribus
653 3710 838 3752 Goldast.
927 3709 964 3771 ¹⁵,
1001 3709 1265 3751 amabilium
1306 3712 1494 3752 Goldast.
1582 3710 1684 3765 nos]
1726 3725 1817 3752 non
1857 3711 2045 3752 Goldast.
2130 3707 2166 3734 ²3
2197 3712 2367 3750 cotem-

236 3776 391 3829 ptione
424 3777 609 3818 Goldast.
693 3779 729 3805 ²4
759 3779 833 3834 ab]
867 3782 924 3823 ob
957 3782 1144 3823 Goldast.

349 3845 383 3871 3³
416 3850 638 3889 asserenti
671 3851 857 3896 Goldast.
945 3850 982 3878 4⁰
1012 3851 1129 3894 med.
1153 3849 1324 3903 quadr.]
1358 3850 1400 3890 d.
1422 3851 1462 3891 2.
1484 3850 1595 3891 Mai.
1620 3863 1661 3892 a.
1684 3849 1807 3891 1520.
