2456 4264
435 299 439 302 ·
485 290 590 320 von.
615 290 648 320 1.
711 285 764 319 18.
786 291 926 318 Pn'rm
950 290 1193 318 NEGELINI.
1291 285 1340 317 19.
1367 290 1600 319 εΤΕΡΗΑΝῐ
1623 291 1897 321 CALVASTRI.
2194 271 2271 327 29

319 419 452 483 Ergo
491 424 538 470 te
576 435 793 478 oramuS,
904 433 1096 469 necnon
1136 418 1311 469 devote
1349 417 1702 484 supplicamuS‚

317 504 382 554 Ut
417 519 530 554 ores
567 519 659 569 pro
698 503 879 555 nostris
916 505 1145 568 peccatiS,
1256 511 1462 568 propter
1500 504 1740 554 honorem
1779 505 2121 556 universitatis,

245 603 345 669 Ipsi
401 604 570 653 dicunt
625 605 755 668 quod
814 605 987 654 doctor
1040 598 1315 660 Re’uchlin,
1379 604 1463 667 qui
1517 603 1751 654 hebraice
1807 612 2010 654 vocatur
2066 606 2275 656 Ioannes

25 712 26 715 ¹
106 689 339 754 Capnion,
377 690 636 754 acquisivit
671 705 821 739 unam
859 689 1151 739 sententiam
1189 704 1282 753 pro
1321 703 1373 738 sc
1399 689 1448 737 in
1477 689 1635 753 Spira,
1675 690 1759 739 sed
1787 692 2007 754 magistri
2034 693 2186 741 nostri
2214 692 2274 741 de

31 773 277 826 sordine
314 774 682 839 predicatorum
721 775 904 832 dicunt,
945 774 1077 838 quod
1116 789 1214 822 non
1254 780 1414 830 nocet,
1456 776 1568 838 quia
1607 774 1687 824 ille
1714 777 1974 839 episcopus
2000 777 2275 828 nonhabet

102 857 472 921 intelligentiam
519 862 568 908 in
620 876 760 909 sacra
809 859 1073 924 theologia.
1150 859 1211 907 Et
1260 860 1494 921 magister
1541 865 1710 908 noster
1748 859 2075 910 Hochstratus
2114 870 2186 911 est
2224 864 2271 911 in

28 972 36 1003 ,ε
103 945 244 996 Curia
283 943 530 1002 Romana,
582 951 631 994 et
677 951 750 994 est
796 944 925 994 bene
974 946 1103 993 visus
1151 944 1286 1008 apud
1322 943 1575 992 (lominum
1615 942 1957 1008 apostolicum.
2033 946 2092 995 Et
2131 949 2274 996 etiam

28 1016 36 1110 ζΐ
101 1028 251 1092 habet
287 1029 631 1080 sufficientiam
671 1031 719 1078 in
758 1031 984 1094 pecuniis
1024 1035 1073 1078 et
1109 1030 1156 1077 in
1198 1028 1320 1077 aliis,
1397 1028 1500 1092 Ego
1526 1027 1700 1077 vellem
1729 1028 1847 1078 dare
1875 1036 2108 1093 quattuor
2134 1045 2274 1094 gros-

29 1107 44 1166 ’ἕ
100 1129 182 1165 sos
217 1114 348 1179 quod
386 1115 565 1164 scirem
604 1116 888 1164 veritatem:
930 1130 1015 1164 vos
1052 1113 1242 1164 debetis
1281 1113 1402 1162 mihi
1440 1113 1678 1162 scribere.
1754 1114 1934 1164 Sancte
1973 1115 2119 1174 deuS,
2160 1118 2274 1183 quid

30 1170 178 1267 best
212 1198 344 1264 quod
383 1215 485 1249 non
524 1200 711 1249 mittitis
747 1200 867 1248 mihi
894 1198 1047 1249 semel
1074 1214 1223 1249 unam
1254 1197 1500 1248 litteram?
1538 1198 1726 1248 Tamen
1754 1213 1846 1262 ego
1873 1199 2034 1250 habeo
2065 1201 2275 1252 libenter

30 1286 50 1350 r
101 1284 295 1350 quando
319 1284 536 1335 scribitis
561 1285 698 1334 mihi.
756 1283 939 1341 Valcte,
981 1291 1029 1334 et
1055 1284 1323 1349 dignemini
1349 1283 1469 1332 mihi
1496 1282 1709 1333 salutare
1735 1285 2023 1348 magistrum
2052 1294 2273 1336 nostrum

19 1358 54 1441 ξ’
99 1353 405 1420 Valentinum
445 1370 506 1420 de
545 1366 921 1436 Gelterssheym,
963 1375 1012 1419 et
1049 1371 1343 1433 magistrum
1380 1374 1605 1418 nostrum
1630 1369 1905 1419 Arnoldum
1944 1371 2004 1420 de
2031 1371 2274 1436 Tungaris

19 1448 54 1540 {3
98 1455 147 1504 in
171 1453 323 1506 bursa
349 1455 614 1512 Laurentii,
656 1463 703 1506 et
729 1457 1022 1519 magistrum
1049 1460 1275 1504 nostrum
1301 1454 1596 1518 Remigium,
1626 1460 1673 1504 et
1699 1455 1953 1504 dominum
1980 1456 2272 1520 Rutgerum,

33 1548 51 1598 ζ
98 1541 148 1590 in
194 1537 344 1590 bursa
383 1542 566 1591 montis
601 1540 930 1600 licentiatum,
982 1546 1030 1591 et
1066 1556 1224 1606 prope
1264 1541 1393 1590 diem
1433 1541 1723 1603 magistrum
1761 1543 2111 1600 nostrandum,
2162 1559 2275 1593 nec-

21 1613 198 1692 ἰριηοιι
235 1625 488 1676 dominum
527 1626 761 1677 Ioannem
800 1626 1110 1677 Pfefl'erkorn
1151 1627 1307 1676 virum
1347 1625 1590 1682 zelosum‚
1632 1632 1681 1675 et
1718 1625 1838 1676 alios
1877 1628 1959 1692 qui
1998 1634 2112 1677 suut
2148 1629 2276 1678 bene

35 1697 53 1770 [t
97 1709 362 1776 qualificati
398 1713 448 1761 in
486 1711 751 1778 theologia,
793 1719 841 1763 et
876 1714 926 1761 in
967 1712 1173 1762 artibus,
1237 1712 1298 1761 Et
1335 1711 1491 1762 valete
1526 1713 1574 1761 in
1602 1713 1804 1761 nomine
1832 1713 2032 1762 domini.
2098 1715 2274 1767 Datum

36 1800 54 1852 ζ,
95 1796 148 1847 in
181 1795 414 1847 TreviriS.

37 1991 66 2136 ᾗ
1144 2036 1231 2097 19.

4 2146 57 2218 ².
646 2155 1111 2239 ⁸Stephanus
1172 2153 1672 2219 Calvastrius

39 2146 88 2343 ἱ
1006 2271 1355 2323 Baccalaurius

50 2409 61 2429 ,
713 2369 1045 2439 Magistro
1084 2370 1374 2423 Ortvino
1415 2369 1660 2422 Gratio

43 2452 320 2557 ⁸{Salutem
374 2500 490 2535 cum
544 2485 818 2536 humilitate
874 2501 989 2550 erga
1049 2492 1258 2536 vestram
1307 2486 1649 2536 maioritatem.
1727 2484 2028 2534 Venerabilis
2076 2485 2275 2534 domine

101 2570 362 2635 magister:
402 2573 534 2621 venit
569 2572 668 2621 huc
706 2587 834 2633 unus
872 2573 1038 2622 socius
1076 2573 1159 2637 qui
1197 2573 1410 2637 portavit
1449 2576 1582 2620 certa
1623 2572 1858 2628 carmina,
1900 2578 1947 2621 et
1985 2571 2104 2620 dixit
2143 2570 2274 2634 quod

44 2680 75 2731 3-
101 2671 187 2707 vos
229 2659 576 2723 composuistis
625 2657 733 2716 illa,
783 2664 832 2707 et
879 2658 1138 2707 intimastis
1186 2659 1235 2706 in
1276 2656 1504 2707 Colonia:
1557 2663 1674 2705 tunc
1720 2672 1849 2706 unus
1888 2663 2031 2720 poeta
2073 2657 2152 2705 hic
2192 2658 2277 2721 qui

47 2739 255 2813 {shabet
289 2757 517 2807 magnam
556 2742 766 2801 laudem,
807 2743 891 2792 sed
931 2758 1028 2792 non
1068 2749 1141 2793 est
1167 2741 1295 2792 bene
1322 2742 1634 2797 christianus,
1675 2742 1792 2791 vidit
1816 2741 1895 2791 illa
1925 2748 1973 2792 et
1999 2742 2119 2791 dixit
2145 2741 2275 2806 quod

99 2824 202 2878 'non
239 2834 355 2879 sunt
399 2828 553 2887 bona,
612 2834 661 2878 et
708 2828 839 2894 quod
888 2827 1074 2878 habent
1120 2828 1271 2878 multa
1319 2829 1455 2877 vitia:
1516 2834 1564 2877 et
1613 2842 1703 2891 ego
1753 2828 1875 2878 dixi:
1929 2829 1995 2877 ‘si
2045 2829 2277 2890 magister

49 2964 69 2989 u
103 2910 332 2964 Ortvinus
370 2915 670 2979 composuit,
710 2921 830 2965 tunc
869 2930 967 2964 non
1007 2915 1192 2965 habent
1231 2915 1368 2970 vitia,
1410 2914 1504 2962 hoc
1543 2918 1618 2961 est
1657 2913 1889 2962 certum':
1932 2919 1979 2962 et
2020 2913 2146 2962 volui
2186 2914 2275 2960 ini-

20 3029 38 3036 ·
104 2998 370 3064 pignorare
406 3001 624 3051 tunicam
663 3015 838 3058 meam,
880 2999 1012 3067 quod
1050 3001 1091 3050 si
1130 2999 1209 3050 illa
1249 3005 1404 3049 metra
1446 2998 1691 3048 haberent
1729 2999 1856 3056 vitia,
1899 3003 2014 3047 tunc
2053 3013 2137 3047 vos
2178 3013 2275 3046 nou

52 3132 56 3137 ,
107 3086 528 3151 composuissetis:
568 3086 655 3136 sed
694 3088 732 3136 si
772 3101 856 3135 vos
894 3086 1309 3150 composuissctiS,
1350 3091 1468 3133 tunc
1495 3100 1591 3132 non
1620 3082 1862 3132 haberent
1890 3085 2023 3132 vitia:
2066 3091 2112 3132 et
2140 3085 2275 3131 mitto

52 3167 244 3227 ”vobis
280 3171 368 3222 ista
409 3173 625 3222 carmina
667 3172 796 3237 quod
840 3171 1039 3221 videatis
1077 3187 1138 3220 an
1179 3186 1262 3220 vos
1301 3171 1507 3219 finxistis
1545 3168 1639 3226 illa,
1682 3174 1728 3217 et
1754 3168 1980 3218 scribatis
2008 3168 2140 3217 mihi.
2218 3168 2277 3216 Et

72 3260 183 3324 *vest
214 3254 336 3307 illud
376 3273 578 3307 carmen
617 3259 856 3323 scriptum
895 3259 946 3307 in
987 3252 1148 3307 morte
1186 3257 1405 3320 magistri
1443 3256 1596 3304 nostri
1626 3254 1796 3318 Sotphi
1835 3255 1881 3303 in
1910 3253 2058 3303 bursa
2089 3252 2273 3306 Rueck.

56 3313 78 3361 ᾧ
109 3340 191 3407 qni
235 3340 352 3392 olim
402 3344 679 3408 composuit
725 3342 911 3408 glosam
962 3341 1256 3400 notabilem,
1317 3347 1364 3391 ct
1415 3356 1546 3389 nunc
1596 3339 1867 3404 prohdolor
1916 3345 1988 3390 est
2037 3345 2272 3388 mortuus,

56 3415 398 3495 {Requiescat
434 3430 484 3477 in
525 3444 661 3493 pace.
737 3428 797 3477 Et
836 3434 910 3478 est
947 3430 1018 3477 sic
1059 3428 1326 3477 initiatum:

517 3528 607 3577 llic
647 3527 768 3577 obiit
805 3544 958 3577 unum
997 3527 1389 3578 solennissimum
1429 3527 1752 3590 suppositum,

518 3613 614 3663 Per
651 3615 1103 3678 spiritumsanctum
1143 3613 1444 3662 universitati
1485 3618 1669 3668 natum,

78 3805 97 3825 ‘—
225 3797 259 3824 ¹²
289 3798 604 3852 Geltcrsheym
638 3803 679 3843 2.

0 3903 1 3908 ,
227 3868 260 3895 ¹⁸
289 3870 404 3911 Haec
438 3870 636 3923 epistola
662 3870 725 3913 19.
749 3872 951 3924 repetita.
976 3875 1046 3911 est
1078 3870 1200 3910 infra
1233 3869 1322 3911 vol.
1348 3870 1405 3910 11.
1431 3873 1535 3923 post
1558 3882 1677 3911 num.
1701 3867 1769 3915 (32,
1841 3866 1873 3892 2¹
1900 3867 1959 3908 M.
1991 3868 2105 3908 l....',’.
2198 3864 2273 3903 Gr.

0 3940 2 3964 ³
70 3950 74 3954 ’
113 3940 205 3983 1.2.
237 3941 344 3985 Gra.
370 3945 412 3983 3.
