2456 4264
229 240 314 281 XX
692 239 834 270 mnex
855 236 1010 266 nonvu
1033 235 1131 270 QvAE
1154 233 1242 261 noc
1264 228 1502 260 vonvmmz
1526 223 1865 255 cou'rmmwrvn.

2271 343 2358 386 Pag.

368 431 497 492 plane
535 428 716 475 serviles
763 425 1060 484 agasonisque
1110 433 1269 479 operas
1318 417 1536 475 exigeret,
1585 425 1684 456 sese
1733 410 1907 455 elocare
1953 410 2110 469 nequi-

368 503 506 550 visse,
545 504 703 558 utpote
742 497 815 555 qui
854 493 1068 552 magister
1104 488 1386 534 Coloniensis
1425 487 1497 530 sit.
1571 484 1628 527 De
1666 482 1998 526 curtisanorum
2038 493 2112 524 su-

367 570 516 631 perbia
538 575 580 612 et
601 566 814 627 graduum
836 562 1186 610 academicorum
1203 556 1563 603 Germanicorum
1587 551 1702 612 apud
1728 563 1806 596 eos
1831 556 2111 610 contemptu.

366 640 574 698 Magister
611 635 715 696 quid
752 635 810 680 sit
848 638 1062 693 quattuor
1096 628 1239 674 modis
1277 626 1536 686 explicatur.

232 754 314 802 2⁴.
360 747 607 812 Philippus
642 745 806 794 Mesue
845 740 1043 790 Ortvino
1082 737 1262 786 Grati0.
1406 711 1634 782 Rostock.
1749 764 2114 778 .....
2153 724 2370 774 224.’225

369 823 426 867 lle
463 835 595 866 causa
635 818 731 862 fidei
760 812 1157 861 Rostochiensibus
1196 807 1395 854 narranti
1423 805 1668 866 Speculum
1707 801 1889 848 oculare
1917 801 2114 848 Coloniae

369 891 651 937 combustum
690 900 809 936 esse,
848 884 1065 930 Ecbertus
1091 882 1144 925 de
1173 879 1345 925 Harlem
1373 875 1713 922 Reuchlinianas
1740 879 1892 938 partes
1916 871 2118 918 defendit

370 960 615 1006 sententias
643 957 977 1003 universitatum
1004 952 1128 1013 parvi
1150 950 1363 1010 pendens.
1401 945 1666 991 Parisiensia
1683 942 2117 1003 Rostochiensiaque

370 1032 423 1076 de
462 1045 547 1075 non
587 1027 853 1089 recipiendis
891 1024 1077 1070 alterius
1115 1020 1261 1067 utrius
1300 1015 1603 1064 universitatis
1641 1013 1870 1074 magistris
1908 1019 2094 1059 statuta.

234 1145 316 1194 25.
346 1139 546 1189 Adoll'us
575 1136 829 1200 Klingesor
857 1133 1055 1182 Ortvino
1083 1130 1262 1180 Grati0.
1408 1126 1443 1174 F
1448 1123 1772 1174 ranckfordiae
1797 1121 1858 1172 ad
1885 1121 2111 1172 Oderam.
2152 1127 2248 1168 225.
2289 1126 2371 1167 226

375 1213 510 1258 Curas
548 1218 734 1272 propter
760 1221 936 1254 causam
974 1206 1073 1251 fidei
1115 1216 1351 1249 aversurus
1390 1198 1615 1260 quomodo
1653 1197 1750 1259 ipse
1787 1211 1888 1243 cum
1927 1196 2119 1257 quodam

376 1283 596 1343 quondam
634 1278 887 1326 Coloniensi
924 1277 977 1323 de
1013 1272 1294 1336 Pepericorni
1334 1271 1419 1316 fide
1456 1284 1507 1315 ac
1543 1269 1707 1315 foetore
1742 1267 1918 1314 ludaico
1967 1267 2120 1328 dispu-

377 1354 534 1399 taverit
571 1358 613 1396 et
651 1351 703 1396 de
739 1350 991 1408 virginitate
1028 1345 1211 1391 Arnoldi
1248 1343 1301 1388 de
1339 1341 1556 1401 Tungari,
1597 1345 1790 1386 enarrat.

238 1454 319 1502 26.
361 1449 600 1497 Ilenricus
638 1442 1002 1495 Schaffsmulius
1042 1440 1239 1489 Ortvino
1279 1437 1461 1489 Grati0.
1608 1450 1663 1484 ex
1703 1433 1834 1484 urhe
1853 1433 2024 1482 Roma.
2101 1471 2112 1482 .
2151 1437 2248 1480 226.
2288 1438 2368 1478 227

374 1521 651 1566 Consultatio
690 1519 743 1564 de
781 1531 833 1564 eo
873 1518 948 1577 qui
986 1514 1135 1560 ieiunii
1173 1513 1244 1558 die
1281 1525 1411 1558 ovum
1449 1523 1549 1556 cum
1586 1509 1712 1570 pullo
1750 1507 1958 1559 comedit,
1997 1521 2050 1552 an
2078 1513 2123 1552 et

377 1591 506 1652 quale
553 1596 783 1651 peccatum
833 1586 1129 1635 commiserit,
1178 1597 1232 1629 an
1281 1581 1393 1643 pulli
1444 1580 1643 1626 nondum
1691 1577 1862 1625 exclusi
1911 1574 2122 1624 carnibus

376 1660 643 1721 conparandi
684 1661 773 1704 sint
811 1664 887 1704 aut
924 1655 1148 1701 vermibus
1187 1654 1263 1714 qui
1312 1659 1418 1698 sunt
1465 1652 1507 1696 in
1557 1651 1701 1697 caseis
1746 1649 2121 1709 leguminibusve.

376 1731 631 1777 Hochstrati
668 1730 755 1775 iam
791 1728 906 1774 bene
942 1725 1159 1772 nummati
1198 1738 1373 1769 causam
1411 1734 1629 1783 prospere
1667 1719 1922 1767 succedere.

237 1831 318 1879 27.
358 1825 644 1874 Wilhelmus
683 1823 858 1872 Storch
897 1822 1098 1871 Ortvino
1137 1820 1316 1870 Grati0.
1459 1816 1642 1866 Romae.
1754 1852 2116 1865 .....
2155 1818 2374 1862 227..,229

376 1899 588 1954 Queritur
625 1898 1007 1958 exoptatissimum
1049 1895 1219 1940 Ortvini
1256 1892 1419 1937 librum
1457 1897 1616 1938 contra
1653 1889 1870 1936 Reuchlin
1910 1888 1995 1934 sihi
2033 1902 2124 1935 non

375 1969 504 2019 mitti,
545 1983 631 2028 quo
671 1967 861 2013 curiales
899 1966 1072 2027 pudore
1111 1963 1366 2009 suffundere
1404 1967 1573 2023 posset,
1612 1967 1659 2007 et
1695 1973 1872 2008 carmen
1898 1959 1953 2006 de
1978 1959 2124 2005 Hoch-

375 2040 503 2085 strati
542 2039 733 2084 adventu
771 2037 1071 2097 compositum
1110 2035 1262 2080 mittit.

241 2137 321 2187 28.
361 2133 634 2182 Bernhardi
673 2132 800 2183 Gelff
834 2131 1031 2180 Ortvino
1071 2130 1253 2180 Grati0.
1399 2129 1450 2177 in
1489 2129 1634 2178 Curia
1670 2126 1905 2177 Romana.
2018 2165 2028 2175 .
2105 2119 2124 2174 .’
2156 2129 2374 2173 229...235

376 2207 592 2254 Amicitiae
630 2221 728 2252 cum
767 2206 950 2251 Ortvino
989 2203 1304 2251 contrahendae
1342 2217 1503 2254 causa,
1552 2215 1684 2262 quem
1724 2200 1950 2261 Epistolas
1987 2199 2038 2246 Ο.
2075 2198 2122 2244 V.

378 2278 568 2322 edidisse
607 2278 816 2337 opinatur
853 2277 925 2322 hic
975 2275 1289 2335 theologorum
1340 2274 1492 2319 fautor
1530 2272 2005 2334 Pepericornianaeque
2052 2269 2127 2315 de-

380 2348 595 2392 fensionis
636 2348 876 2392 admirator
913 2361 963 2392 ac
1001 2347 1237 2396 defensor,
1278 2347 1417 2390 mittit
1453 2344 1604 2390 decem
1639 2341 1868 2388 Articulos
1905 2357 1929 2388 a
1954 2340 2127 2387 Reuch-

380 2417 541 2462 linistis
583 2424 787 2477 tanquam
826 2417 1061 2464 haereticos
1104 2423 1148 2461 et
1193 2417 1360 2462 crimen
1405 2414 1523 2460 laesae
1560 2414 1807 2460 maiestatis
1844 2412 2145 2458 continentes

380 2487 593 2533 collectos
631 2502 730 2533 cum
769 2489 864 2533 suis
901 2486 1287 2548 responsionibus.

242 2584 322 2633 29.
362 2580 598 2631 Ecbertus
635 2582 889 2646 Ungenant
925 2582 1122 2631 Ortvino
1163 2583 1344 2633 Grati0.
1490 2581 1730 2630 Lovaniae.
1852 2618 1864 2629 .
1939 2617 1951 2628 .
2027 2616 2038 2627 .
2117 2615 2128 2626 .
2296 2582 2380 2624 236

380 2654 610 2701 Valentino
649 2656 702 2701 de
739 2657 1028 2702 Geltersheim
1066 2656 1242 2701 debitos
1280 2656 1392 2702 duos
1432 2654 1630 2702 florenos
1669 2669 1717 2700 se
1755 2652 2012 2699 soluturum
2049 2665 2127 2697 ne·

381 2732 485 2782 gat,
524 2739 623 2770 cum
662 2741 805 2787 neque
845 2727 918 2772 ille
956 2726 1192 2787 promissis
1232 2727 1434 2772 stetisset
1470 2726 1641 2772 lautum
1669 2724 1816 2771 cibum
1845 2737 1892 2770 se
1919 2723 2126 2769 daturum

380 2808 478 2840 esse
515 2796 552 2840 si
590 2811 848 2857 prosperam
890 2811 1067 2857 operam
1107 2797 1232 2843 daret
1267 2797 1504 2847 Ecbertus‚
1542 2803 1595 2842 ut
1631 2794 1861 2842 Coloniam
1899 2795 2129 2840 venientes

381 2867 480 2909 novi
519 2866 723 2927 discipuli
762 2874 1049 2928 captarentur
1085 2875 1135 2912 ut
1171 2868 1318 2915 bursae
1355 2867 1577 2913 Valentini
1615 2865 1792 2913 sodales
1829 2865 2007 2911 fierent.

246 2963 330 3011 30.
371 2958 620 3008 Balthasar
658 2960 864 3010 Sclauch
905 2961 1101 3011 Ortvino
1139 2963 1320 3012 Grati0.
1463 2964 1515 3011 in
1553 2963 1755 3012 Vienna.
1849 3000 1860 3010 .
1937 2998 1948 3009 .
2025 2997 2037 3008 .
2113 2997 2123 3007 .
2164 2964 2259 3006 236.
2298 2964 2379 3006 237

384 3032 579 3093 Stupens
617 3035 869 3095 gaudioque
907 3037 1134 3082 exsultans
1170 3036 1457 3097 Pepericorni
1494 3037 1811 3082 Defensionem
1846 3036 1995 3095 ipsum
2033 3034 2130 3078 eius

385 3110 626 3154 auctorem,
664 3107 853 3151 amicum
893 3121 1038 3159 suum,
1077 3107 1343 3158 admiratur,
1383 3123 1433 3153 ac
1469 3121 1527 3152 ne
1564 3106 1768 3166 theologi
1805 3106 1924 3150 inter
1961 3119 2009 3150 se
2034 3118 2130 3149 cer-

387 3179 493 3222 tent.
542 3180 689 3219 utrum
738 3175 976 3235 Speculum
1025 3176 1205 3223 oculare
1259 3178 1611 3223 comburendum
1660 3192 1714 3222 an
1767 3176 1822 3221 ad
1879 3174 2129 3236 patibulum

385 3243 742 3301 suspendendum
780 3246 862 3296 sit,
902 3246 979 3291 sed
1014 3253 1065 3292 ut
1101 3248 1347 3293 concordes
1385 3249 1476 3293 sint
1514 3250 1641 3293 enixe
1678 3247 1849 3293 suadet.
1911 3247 2000 3291 Iam
2027 3244 2132 3290 Vin·
2164 3258 2167 3263 ·

383 3311 572 3358 dobonae
599 3313 997 3361 Reuchlinistarum
1025 3331 1257 3362 numerum
1283 3319 1345 3363 ita
1383 3332 1588 3364 crescere
1625 3318 1910 3368 lamentatur,
1948 3323 2000 3362 ut
2037 3328 2130 3361 eam

387 3383 745 3434 universitatem.
796 3387 923 3430 cuius
960 3394 1108 3432 rector
1145 3395 1214 3432 est
1251 3388 1492 3440 VadianUS,
1530 3389 1658 3434 cuius
1697 3388 1806 3434 socii
1845 3393 1952 3432 sunt
1988 3387 2133 3432 Tann-

385 3458 566 3501 stetter.
607 3453 919 3513 Cuspinianus‚
958 3456 1113 3507 Resch‚
1147 3458 1303 3503 Lazius
1331 3465 1375 3502 et
1412 3458 1487 3503 alii
1523 3459 1677 3509 multi,
1717 3458 1972 3518 relinquere
2008 3457 2134 3516 cogi-

390 3527 476 3572 tet;
516 3522 593 3566 sed
631 3523 790 3569 solatio
830 3526 1041 3585 scriptori
1079 3535 1148 3571 est
1186 3528 1454 3573 Heckmanni
1493 3529 1700 3574 societas.

249 3620 330 3668 31.
372 3614 595 3665 Albertus
632 3618 841 3666 Strunck
880 3618 1076 3667 Ortvino
1115 3622 1294 3670 Grati⁰.
1439 3622 1602 3670 Romae
1608 3660 2119 3672 .......
2292 3625 2382 3668 238

392 3688 568 3734 Veniam
607 3690 720 3750 petit
759 3692 880 3751 quod
916 3706 1004 3738 non
1051 3695 1212 3753 saepius
1250 3695 1424 3740 litteras
1475 3696 1571 3747 det,
1623 3697 1700 3741 sed
1751 3698 1935 3742 nimium
1973 3697 2125 3742 Romae

390 3757 609 3809 calorem,
647 3761 920 3821 nimiumque
958 3762 1154 3808 laborem
1191 3765 1533 3823 impendendum
1572 3780 1669 3810 esse
1710 3766 1852 3826 siquis
1882 3767 2126 3814 secundum

394 3843 549 3874 omnes
588 3832 696 3876 artis
736 3832 914 3891 regulas
953 3832 1166 3892 epistolas
1206 3833 1400 3878 scribere
1438 3835 1558 3880 velit.
