2456 4264
224 241 302 300 30
875 254 1112 285 EPISTOLAE
1135 251 1441 282 OBSCVRORVM
1465 247 1688 278 vlnonM.

627 386 766 445 Quod
803 384 930 435 rexit
965 384 1014 433 in
1052 382 1200 432 bursa
1237 378 1420 436 Kneck,
1614 446 1618 449 ἱ

627 471 696 520 Do
735 469 899 518 macht
936 482 989 516 er
1027 467 1104 515 die
1145 463 1340 528 copulat
1378 477 1470 511 von
1506 458 1647 509 stuck
1684 473 1745 507 zu
1781 456 1936 508 stuck.

630 553 668 601 O
707 555 747 601 si
783 552 1020 616 potuisset
1056 549 1235 598 diutius
1272 548 1433 596 vivere

626 637 686 685 Et
722 634 831 699 plus
868 635 917 682 in
955 632 1087 696 glosa
1126 629 1327 679 notabili
1365 628 1610 678 scrihere:

625 720 765 769 Tunc
803 718 1076 767 adiuvasset
1110 714 1239 762 hanc
1275 713 1642 761 universitatem

552 815 558 819 ·
627 804 687 852 Et
724 803 967 852 docuisset
1004 797 1254 847 scholares
1291 796 1474 845 bonam
1509 794 1822 843 latinitatem:

630 887 724 936 Sed
764 900 894 935 nunc
931 888 1187 947 postquam
1226 880 1434 929 decessit

628 973 687 1021 Et
724 969 1051 1020 Alexandrum
1089 964 1306 1013 nondum
1345 964 1461 1013 satis
1501 961 1754 1025 expressit,

628 1055 922 1105 Universitas
958 1052 1093 1115 luget
1129 1063 1270 1098 suum
1310 1045 1586 1095 membrum

627 1140 878 1203 Tanquam
918 1151 1061 1186 unam
1098 1133 1351 1183 lucernam
1388 1129 1461 1179 vel
1501 1116 1867 1185 candelabrum,

630 1223 768 1283 Quod
806 1222 950 1284 longe
987 1220 1178 1283 lateque
1214 1216 1338 1266 luxit

630 1309 723 1358 Per
762 1307 1031 1355 doctrinam
1070 1319 1161 1367 que
1201 1300 1260 1349 ab
1301 1315 1360 1350 eo
1387 1298 1561 1363 fluxit:

629 1393 781 1442 Nemo
820 1398 917 1439 tam
955 1388 1082 1436 hene
1120 1386 1315 1449 scripsit
1353 1382 1743 1432 constructiones

630 1477 688 1524 Et
725 1472 1054 1524 confundebat
1090 1476 1260 1535 poetas
1297 1468 1407 1516 illos
1443 1467 1670 1523 bufoneS‚

631 1561 723 1619 Qui
759 1573 856 1607 non
892 1561 1027 1606 recte
1065 1555 1257 1607 discunt
1293 1553 1676 1617 grammaticam,

631 1645 724 1693 Per
761 1643 968 1706 logicam
1007 1640 1322 1689 scientiarum
1361 1638 1643 1695 scie11tiam3

631 1729 691 1777 Et
727 1729 774 1776 in
813 1726 906 1775 fide
944 1740 1043 1774 non
1081 1729 1195 1773 sunt
1232 1721 1504 1778 illuminati,

633 1813 746 1861 Ideo
785 1827 810 1859 a
849 1814 1013 1858 sancta
1053 1807 1257 1858 ecclesia
1295 1804 1520 1861 alienati;

631 1897 690 1945 Et
727 1897 766 1944 si
805 1910 899 1944 non
938 1892 1107 1942 volunt
1143 1897 1279 1941 recte
1318 1891 1527 1954 opinari,

628 1981 765 2028 Tunc
804 1979 982 2028 debent
1021 1992 1109 2041 per
1146 1975 1497 2026 Hochstratum
1537 1974 1861 2029 concremari,

632 2065 724 2122 Qui
760 2064 992 2112 Ioannem
1029 2060 1271 2111 Reuchlin
1309 2061 1405 2109 iam
1444 2060 1606 2109 citavit

631 2150 690 2197 Et
726 2149 776 2196 in
813 2148 992 2196 iudicio
1033 2145 1322 2194 mirabiliter
1358 2145 1601 2194 tractavit.

633 2232 729 2282 Sed
768 2238 816 2279 tu
857 2231 994 2288 audi,
1035 2231 1155 2280 deus
1193 2229 1518 2294 omnipotenS,

635 2315 775 2374 Quod
815 2330 904 2378 ego
944 2329 1031 2363 oro
1069 2313 1275 2378 supplex
1314 2329 1370 2362 ac
1406 2313 1557 2362 flens:
1805 2376 1807 2378 η

633 2400 701 2449 Da
739 2405 931 2448 mortuo
969 2398 1191 2448 membro
1229 2399 1446 2448 favorem
1482 2397 1837 2461 sempiternum

635 2483 694 2532 Et
729 2484 864 2532 mitte
900 2490 1068 2546 poetas
1105 2483 1164 2532 ad
1201 2484 1465 2532 infernum.

231 2613 350 2662 Mihi
386 2611 573 2660 videtur
611 2609 739 2674 quod
780 2615 853 2659 est
890 2611 1126 2672 optimum
1153 2625 1367 2668 carmen,
1407 2608 1494 2659 sed
1521 2623 1620 2657 non
1647 2609 1748 2658 scio
1775 2607 2210 2672 quomodo‘debeo
2237 2623 2401 2658 scau-³

234 2697 377 2752 dere,
425 2696 536 2759 quia
575 2701 648 2743 est
683 2693 903 2743 mirabile
942 2709 1121 2757 genus,
1174 2701 1221 2743 et
1260 2708 1351 2757 ego
1390 2699 1583 2743 tantum
1633 2694 1736 2742 scio
1769 2692 2037 2743 'scandere
2075 2672 2397 2742 hexametras

234 2780 342 2829 Non
379 2779 564 2828 debetis
600 2780 698 2842 pati
735 2778 865 2842 quod
903 2778 1074 2843 aliquis
1100 2779 1416 2842 reprehendit
1442 2783 1600 2828 vestra
1627 2778 1868 2841 carmina:
1909 2781 1959 2827 et
1982 2777 2128 2841 igitur
2155 2752 2403 2826 scribatis

236 2863 376 2912 mihi:
415 2868 533 2911 tunc
571 2876 661 2925 ego
699 2861 809 2910 volo
845 2877 930 2911 vos
968 2862 1231 2913 defendere
1268 2877 1425 2928 usque
1463 2862 1525 2913 ad
1550 2861 1784 2915 duellum.
1854 2861 1917 2911 Et
1941 2859 2096 2911 valete
2121 2877 2182 2912 ex
2205 2861 2393 2911 Monam

236 2949 383 2996 sterio
419 2947 470 2995 in
505 2946 818 3011 Westphalia.
1508 2957 1511 2960 ’

348 3157 365 3183 ²
401 3171 480 3198 von
509 3157 582 3198 leot
610 3171 661 3198 zu
691 3156 822 3197 dreclc
854 3156 954 3199 edd.
984 3160 1086 3208 post
1119 3157 1371 3210 exemplum
1404 3171 1444 3199 a.
1480 3158 1602 3202 1556.
1625 3159 1673 3199 in
1699 3157 1782 3201 16⁰.
1806 3156 2083 3212 publicatae,
2128 3160 2181 3197 el:¹
2207 3157 2274 3197 ita
2307 3122 2395 3198 est-⁷

239 3227 286 3268 in
319 3227 524 3279 exemplo
554 3227 641 3269 vol.
665 3227 723 3267 ΙΙ.
753 3230 855 3279 post
887 3240 955 3279 ep.
984 3225 1054 3268 62.
1084 3227 1303 3279 repetit03
1338 3230 1386 3267 in
1419 3229 1625 3282 exemplo
1655 3229 1789 3269 huius
1820 3229 1955 3282 primi
1984 3227 2229 3270 voluminis
2261 3225 2380 3280 quod

239 3310 279 3339 a.
306 3295 425 3337 1556.
451 3298 496 3336 in
527 3295 585 3336 8⁰.
610 3297 800 3349 prodiit,
834 3300 918 3347 est,
951 3300 1000 3335 ut
1031 3297 1077 3335 in
1110 3299 1240 3348 1...3.‚
1271 3297 1320 3338 υό
1348 3299 1470 3349 ftuck
1498 3313 1549 3339 zu
1575 3299 1714 3350 ftuck.
1799 3298 1817 3324 ³
1848 3299 2022 3339 diutins
2051 3301 2110 3339 2.‘
2173 3297 2210 3323 ²⁸
2239 3297 2378 3341 bexa-

236 3371 398 3407 metra.
421 3369 463 3406 2.
