2456 4264
215 214 231 271 1
251 215 326 272 52
504 239 600 268 loA.
623 239 938 268 PEPERICOBNI
961 239 1190 268 DEFENSIO
1214 239 1396 268 CONTRA
1419 238 1628 268 FAMOSAS
1651 242 1693 270 Ο.
1716 242 1763 270 V.
1784 240 2050 272 EPISTOLAS.

206 372 373 420 valent
419 370 562 430 apud
595 368 922 428 Sanctitatem
970 370 1197 417 Vestram
1235 382 1417 430 preces
1458 364 1679 427 filiorum
1720 374 1919 419 tuorum
1963 372 2057 419 tibi
2089 373 2353 434 obsequen-

207 456 532 513 tissimorum,
575 454 737 528 nostri
769 465 926 500 causa
963 466 1044 500 res
1079 453 1170 511 bec
1206 467 1300 514 que
1336 458 1386 501 et
1416 453 1568 512 fidem
1604 453 1908 502 catholicam
1943 461 1992 503 et
2027 469 2118 504 nos
2152 460 2254 504 tam
2280 459 2352 505 in-

208 542 324 587 time
358 538 643 596 concernit,
694 541 741 583 et
784 537 978 584 brevem
1025 541 1073 584 et
1109 542 1336 598 optatum
1373 541 1708 598 consequatur
1738 539 1916 598 finem,
1968 544 2023 588 ut
2067 545 2114 588 et
2158 541 2236 588 his
2272 544 2359 602 qui

201 636 302 683 pro
336 622 437 680 fide
471 624 671 668 certant
701 620 945 679 fiduciam
973 621 1217 681 prebeas,
1266 626 1313 668 et
1350 622 1411 669 ab
1449 622 1526 670 bis
1562 623 1653 682 qui
1685 635 1795 670 eam
1831 623 1901 670 eis
1937 624 2239 685 impuqnant
2274 638 2354 673 vo-

208 720 312 754 cem
349 705 685 754 insultationis
721 702 935 763 auferas
971 704 1188 753 Lovanii
1222 705 1412 754 decimo
1449 706 1697 753 kalendas
1733 706 1924 755 Iunias.
2372 719 2395 752 5

466 858 508 906 (Ι
545 858 833 920 Sequuntur
877 859 1095 917 littere
1142 859 1443 907 venerabilis
1489 863 1536 907 et
1583 861 1817 921 apprime
1852 861 1990 909 docti
2023 862 2109 909 do-

468 944 594 992 mini
626 943 860 1003 maqistri
895 942 1181 991 Adriani
1215 944 1544 992 Florentii
1577 944 1652 992 de
1693 941 1997 992 Traiecto
2033 959 2108 993 ec-

470 1028 616 1085 clesie
659 1029 827 1075 sancti
860 1027 1143 1075 Salvatoris
1190 1029 1242 1076 in
1294 1026 1530 1076 Traiecto
1565 1030 1820 1090 prepositi
1861 1043 1924 1078 ac
1970 1043 2110 1078 vene-

471 1113 634 1169 rande
673 1112 930 1171 academie
967 1112 1294 1160 Lovaniensis
1333 1112 1665 1160 Cancellarii:
1712 1118 1760 1161 et
1795 1114 2118 1162 illustrissimi

473 1197 660 1245 Karoli
693 1196 1061 1256 Hispaniarum
1096 1196 1251 1256 Reqis
1286 1198 1571 1245 consiliarii
1611 1198 1799 1258 scripte
1847 1198 1932 1245 ad
1972 1211 2111 1246 vene·
2383 1214 2424 1247 ιο

475 1281 685 1328 rabilem
725 1280 1136 1329 Cardinalem
1172 1287 1394 1339 sancte
1434 1281 1659 1330 Crucis
1693 1282 1850 1330 libros
1885 1282 2117 1331 videlicet

762 1356 974 1414 Ioannis
1011 1365 1258 1414 Reuclzlin
1295 1379 1322 1413 e
1358 1366 1522 1414 medio
1559 1366 1822 1414 tollendos.

363 1478 405 1525 (Ι
451 1479 877 1527 Reverendissime
926 1479 978 1527 in
1018 1478 1212 1527 Christo
1249 1483 1407 1539 pater
1442 1483 1719 1540 preceptor
1765 1478 2212 1528 observandissime
2252 1487 2372 1543 post

221 1564 545 1612 humillimam
581 1564 1076 1612 commendationem.
1144 1563 1496 1612 Commendavi
1519 1563 1723 1624 pridem
1752 1563 2066 1624 paternitati
2088 1569 2249 1624 vestre
2274 1565 2369 1614 Re-

225 1649 577 1714 verendissime
614 1660 818 1696 causam
850 1648 976 1706 fidei
998 1661 1147 1708 quam
1167 1647 1346 1706 frater
1370 1647 1585 1696 Iacobus
1611 1647 1674 1695 de
1697 1647 2038 1696 Hocltstraten
2063 1661 2209 1708 sacre
2235 1651 2369 1699 theo-
2390 1673 2429 1704 15

220 1733 352 1793 loqie
392 1730 661 1793 professor
702 1746 769 1780 ex
803 1734 915 1781 zelo
962 1732 1046 1780 dei
1088 1732 1202 1780 istic
1236 1732 1565 1793 prosequitur
1610 1744 1802 1791 roqans
1849 1736 1905 1780 ut
1951 1733 2003 1780 in
2050 1734 2372 1795 expeditione

221 1817 414 1874 iusticie
451 1816 760 1877 assequenda
807 1817 982 1864 eadem
1018 1817 1312 1877 paternitas
1358 1820 1523 1864 vestra
1559 1815 1993 1865 Reverendissima
2038 1817 2118 1866 illi
2161 1819 2371 1868 adiuva-

220 1905 384 1949 mento
409 1914 512 1948 esse
537 1902 852 1960 diqnaretur.
928 1899 1270 1962 Sperabamus
1294 1901 1423 1948 enim
1450 1901 1713 1960 neqocium
1737 1901 1880 1950 sacri
1897 1903 2154 1962 qeneralis
2177 1904 2378 1951 consilii

220 1985 578 2033 ,lateranensis
615 1983 993 2045 diffinitoribus,
1037 1998 1248 2046 quorum
1275 1986 1568 2046 paternitas
1603 1988 1768 2033 vestra
1793 1984 2226 2035 Reverendissima
2264 1989 2373 2037 dux

111 2077 221 2131 (μὴ)
242 2074 290 2118 et
327 2070 512 2130 auriqa
548 2073 621 2117 est
656 2071 964 2118 commissum
1002 2070 1082 2118 iri.
1113 2064 1134 2135 ΙΙ
1161 2068 1263 2117 Sed
1290 2067 1485 2128 fefellit
1521 2083 1612 2117 nos
1637 2070 1807 2131 opinio
1831 2074 1879 2119 et
1901 2071 2259 2121 sollicitatione
2282 2073 2368 2121 ho-
2386 2093 2428 2125 ιο

219 2156 404 2203 minum
440 2154 586 2202 buius
620 2155 776 2213 seculi
809 2168 872 2202 ne
908 2154 963 2202 id
997 2154 1194 2215 quidem
1225 2155 1522 2215 permissum
1560 2158 1634 2202 est
1669 2159 1725 2204 ut
1750 2157 2047 2219 paternitas
2083 2161 2249 2205 vestra
2273 2157 2370 2206 Re-

221 2240 576 2288 verendissima
613 2253 680 2287 ex
717 2240 1058 2288 commissione
1096 2240 1379 2300 apostolica
1414 2251 1527 2287 cum
1566 2239 1682 2288 aliis
1716 2241 1993 2301 susciperet
2027 2253 2177 2300 cause
2201 2239 2370 2303 ⁴coeni-

220 2325 403 2372 tionem
441 2324 850 2384 decisionemque.
915 2322 1103 2372 Scribit
1141 2324 1198 2371 ob
1237 2324 1292 2371 id
1326 2324 1378 2371 in
1410 2325 1785 2385 presentiarum
1820 2325 2134 2374 sanctissimo
2171 2327 2372 2376 domino

219 2412 390 2457 nostro
421 2422 557 2470 pape
594 2409 956 2457 illustrissimus
990 2408 1359 2470 Hispaniarum
1386 2408 1648 2469 princeps,
1690 2408 1919 2458 dominus
1955 2423 2104 2470 meus,
2146 2415 2200 2459 ut
2222 2424 2374 2471 cause

220 2494 336 2541 huic
373 2506 521 2553 quam
557 2494 817 2542 celerrime
847 2495 997 2552 finem
1033 2493 1225 2554 imponi
1251 2490 1438 2551 faciat.
1514 2493 1708 2541 Precor
1753 2506 1845 2554 eqo
1889 2494 2249 2556 paternitatem
2296 2509 2371 2545 ve·
2388 2518 2431 2551 25

220 2582 376 2626 stram
414 2578 894 2626 Reverendissimam
932 2582 980 2626 et
1012 2590 1109 2639 per
1145 2578 1341 2626 viscera
1377 2577 1529 2626 Ibesu
1564 2578 1743 2626 christi
1768 2578 1994 2646 'obtestor
2030 2583 2084 2628 ut
2119 2580 2232 2641 ipsa
2267 2593 2370 2629 mu-

221 2676 332 2710 rum
368 2675 472 2710 sese
508 2667 734 2724 opponat
760 2676 863 2724 pro
901 2663 1047 2711 domo
1094 2662 1179 2710 dei
1221 2675 1382 2722 neque
1426 2663 1562 2711 sinat
1607 2675 1814 2712 causam
1857 2663 1982 2723 fidei
2025 2665 2168 2725 apud
2209 2665 2374 2713 sedem

223 2748 550 2808 apostolicam
588 2752 689 2795 tam
717 2748 879 2808 parvi
906 2748 1026 2806 fieri
1059 2751 1115 2795 ut
1151 2760 1183 2794 a
1221 2745 1589 2805 diffinitoribus
1624 2748 1826 2796 consilii
1855 2749 2113 2810 ¹qeneralis
2137 2753 2375 2798 avocetur

214 2832 558 2893 privatimque
593 2837 780 2892 aqatur
817 2832 902 2880 ubi
936 2832 999 2879 de
1028 2830 1206 2890 forma
1234 2845 1504 2892 processus
1539 2833 1701 2893 maqis
1737 2845 1888 2893 quam
1926 2834 1989 2881 de
2023 2846 2174 2892 cause
2198 2836 2374 2882 merito

221 2917 405 2976 aqitur.
482 2917 667 2965 Fovete
703 2930 852 2978 queso
880 2917 1255 2978 pusillanimem
1293 2915 1573 2977 theoloqum
1623 2921 1672 2965 et
1711 2930 1841 2978 pars
1883 2917 2009 2976 fidei
2041 2931 2145 2979 pro
2183 2919 2373 2967 viribus
2387 2943 2431 2976 30

223 3002 473 3049 adiuvate.
552 2999 665 3048 Non
699 3006 824 3062 puto
863 3015 986 3063 opus
1021 3013 1126 3048 esse
1161 3005 1216 3048 ut
1252 3013 1403 3059 cause
1439 3002 1621 3049 merita
1659 2988 1924 3063 attineam,
1966 3002 2372 3064 quandoquidem

222 3098 326 3132 rem
363 3097 551 3132 omnem
583 3086 867 3146 plenissime
903 3089 950 3132 et
998 3084 1310 3133 subtilissime
1355 3098 1421 3134 ex
1470 3087 1580 3148 ipso
1625 3087 1870 3147 maqistro
1907 3086 2093 3136 Iacobo
2139 3087 2370 3136 audietis·

226 3167 368 3225 Quod
391 3169 633 3228 reliquum
670 3173 742 3217 est
777 3183 888 3218 cum
927 3170 1061 3217 omni
1095 3170 1374 3218 humilitate
1410 3171 1535 3230 bone
1567 3172 1737 3232 qratie
1773 3175 1930 3230 vestre
1966 3184 2045 3219 me
2082 3173 2372 3221 commendo

225 3253 599 3312 amplectarque
626 3266 729 3314 pro
766 3268 970 3302 munere
996 3255 1241 3315 preclaro
1267 3255 1313 3303 si
1334 3255 1600 3316 aliquoties
1625 3256 1862 3316 diqnetur
1885 3257 2060 3305 eadem
2085 3262 2253 3306 vestra
2271 3270 2371 3319 pa-

222 3338 433 3384 ternitas
458 3336 889 3386 Reverendissima
927 3352 1083 3399 opera
1119 3351 1230 3386 mea
1267 3341 1344 3388 uti
1372 3353 1522 3401 quam
1558 3353 1746 3389 summo
1784 3341 2032 3389 desiderio
2068 3343 2220 3403 cupio
2252 3339 2370 3402 feli·
2387 3366 2429 3400 35

222 3422 350 3469 citer
375 3433 529 3480 aqere
566 3422 617 3469 in
655 3425 803 3471 terris
840 3427 887 3470 et
914 3427 1033 3485 post
1068 3424 1200 3472 hanc
1237 3426 1387 3472 vitam
1412 3426 1757 3474 calamitosam
1784 3426 1854 3474 ad
1877 3427 2156 3484 eternitatis
2175 3427 2374 3486 ¹qaudia

215 3505 498 3567 pervenire.
575 3505 660 3554 Ex
699 3506 1053 3567 Middelburqo
1089 3510 1270 3557 mensis
1309 3509 1454 3558 Maii.
1495 3510 1577 3558 die
1613 3519 1730 3554 «τη.
1769 3509 1917 3558 Anno
1955 3509 2289 3558 .M.06000.XV-

332 3703 349 3729 5
379 3702 572 3755 Louanij
596 3716 637 3746 X.
659 3700 740 3743 kl’.
772 3702 1028 3745 Ianuarias.
1050 3702 1086 3744 b.
1165 3702 1199 3728 ¹³
1230 3702 1340 3741 Item
1371 3703 1526 3744 Latine
1556 3706 1599 3745 in
1629 3704 1666 3746 b.
1693 3720 1750 3739 =
1779 3704 2038 3756 Befohyrm.
2072 3702 2152 3744 fol.
2175 3701 2281 3757 gijb.
2304 3715 2369 3756 sq.

223 3775 612 3818 obseruantirsime
643 3775 679 3818 b.
777 3772 812 3800 ¹4
842 3772 1124 3814 humilimam
1154 3772 1191 3816 h.
1287 3773 1462 3827 pridem
1492 3787 1587 3827 per.
1611 3775 1665 3816 V.
1686 3775 1724 3817 b.
1822 3773 1857 3800 ¹⁵
1888 3775 1943 3815 de
1974 3775 2055 3815 ho:
2090 3775 2217 3814 sacre
2248 3773 2369 3815 theo.
2443 3796 2446 3799 -

220 3861 323 3901 pro:
356 3847 390 3889 h.
479 3845 515 3872 ³⁰
545 3859 651 3900 pars
680 3847 741 3885 sic
772 3848 811 3887 1.
830 3845 865 3887 b.
952 3843 987 3869 ³³
1018 3843 1207 3895 reliqum
1241 3846 1279 3884 1.
