2456 4264
210 275 330 333 278
796 298 1030 325 EPISTOLAE
1055 280 1359 326 OBSCVRORVM
1380 295 1589 324 VIRORVM
1611 294 1762 323 NOVAE.
1808 334 1811 337 Ι

1235 504 1321 563 59.

661 635 701 681 ([
747 619 1141 680 Iohannes
1193 618 1889 700 Cocleariligneus

793 732 1121 802 Magistro
1187 733 1471 785 Ortvino
1527 732 1763 784 Gratio

1158 832 1389 882 Salutem.

352 946 669 996 Commisistis
707 947 825 995 mihi
865 946 994 1011 quod
1035 946 1230 1010 quando
1270 952 1341 995 est
1378 946 1456 994 hic
1495 947 1655 1001 missa,
1695 952 1811 994 tunc
1850 945 2007 995 debeo
2045 946 2385 1008 interrogarer>

210 1032 269 1081 ab
310 1031 535 1080 omnibus
574 1031 896 1081 kauffmannis
934 1033 1016 1096 qui
1053 1032 1251 1080 veniunt
1289 1046 1347 1079 ex
1387 1031 1588 1079 diversis
1625 1029 1872 1094 partibuS‚
1912 1030 1972 1079 de
2009 1029 2088 1079 illa
2128 1031 2352 1078 coniura-
2426 1088 2437 1101 -‚

210 1118 366 1172 tione,
408 1116 467 1165 de
507 1131 600 1179 qua
641 1116 876 1180 scriptum
916 1122 988 1165 est
1025 1115 1183 1173 vohis,
1225 1117 1334 1179 quia
1375 1115 1556 1165 debent
1593 1130 1698 1164 esse
1737 1114 1886 1180 aliqui
1923 1119 2065 1180 poete
2104 1120 2153 1163 et
2188 1115 2352 1178 iuristc
2410 1134 2414 1142 ·

212 1202 294 1264 qui
332 1201 554 1250 fecerunt
593 1203 1003 1258 coniurationem,
1044 1201 1173 1264 quod
1211 1200 1381 1249 volunt
1420 1199 1686 1249 Iohannem
1725 1199 1964 1249 ReuchIIn
2003 1198 2270 1258 defendere
2308 1205 2356 1248 et

213 1291 381 1334 contra
421 1284 695 1349 Theologos
734 1285 1046 1335 Colonienscs
1087 1294 1133 1335 et
1172 1285 1348 1334 fratres
1386 1285 1717 1350 predicatores
1763 1284 2005 1340 scribere,
2056 1285 2147 1333 nisi
2194 1285 2353 1333 statim
2411 1311 2430 1333 ·,

213 1371 458 1419 dimittunt
506 1370 777 1434 predictum
817 1371 1081 1420 Iohannem
1119 1370 1382 1420 Reuchlin:
1433 1370 1606 1419 Sciatis
1653 1369 1781 1434 quod
1834 1369 1926 1418 feci
1973 1383 2199 1432 magnam
2249 1367 2429 1421 dili-102·

214 1455 426 1518 gentiam
466 1454 716 1517 querendo
756 1462 803 1504 et
840 1456 1190 1519 interrogando
1230 1460 1277 1504 et
1312 1453 1482 1503 ultimo
1523 1456 1630 1504 veni
1669 1453 1728 1503 ad
1770 1469 1919 1503 unum
1945 1452 2270 1503 librivendum
2297 1454 2356 1504 de
2415 1444 2420 1455 ’

213 1538 434 1603 partibus
473 1539 827 1603 superioribus.
902 1541 1011 1604 Ipse
1050 1540 1167 1588 dixit
1193 1539 1311 1587 mihi
1339 1538 1602 1596 mirabiIia‚
1642 1540 1703 1588 Et
1737 1539 2002 1588 nominavit
2036 1539 2153 1588 mihi
2180 1538 2358 1588 multos
2423 1594 2426 1595 ⁷

215 1630 261 1672 et
307 1624 427 1672 dixit
474 1624 603 1688 quod
658 1625 770 1673 vidit
816 1626 996 1689 scripta
1046 1640 1217 1674 eorum
1257 1639 1350 1687 que
1389 1624 1584 1672 mittunt
1620 1623 1711 1671 sibi
1750 1622 1809 1671 ad
1847 1624 2068 1672 Invicem.
2145 1623 2205 1671 Et
2243 1623 2359 1672 dixit
2392 1629 2411 1663 ³-

213 1709 372 1772 prImo
411 1708 471 1756 de
509 1709 709 1758 doctore
748 1710 948 1758 Murner
988 1710 1069 1773 qui
1109 1715 1180 1758 est
1218 1709 1353 1772 quasi
1403 1714 1549 1772 caput
1594 1707 1721 1757 illius
1768 1696 2038 1763 Societatis,
2091 1708 2219 1772 quod
2271 1708 2359 1757 scit
2399 1723 2405 1732 ·’

178 1854 180 1856 ¹
215 1793 430 1855 perfecte
469 1794 597 1856 quod
639 1795 740 1858 ipsc
780 1795 1054 1858 composuit
1091 1808 1242 1842 unum
1282 1792 1461 1841 librum
1510 1792 1570 1842 de
1616 1791 1859 1842 scandalis
1905 1791 2264 1857 predicatorum
2313 1797 2415 1853 eta
2454 1822 2456 1847 .

216 1873 367 1925 unum
405 1876 548 1926 alium
588 1879 637 1925 in
678 1878 1010 1927 defensionem
1047 1877 1305 1927 Reuchlin.
1382 1883 1547 1941 postea
1588 1878 1852 1927 nominavit
1889 1877 2226 1928 Hermannum
2264 1876 2358 1927 Bu·
2404 1923 2413 1929 .

215 1962 422 2017 schium‚
464 1961 634 2011 dicens
661 1963 792 2026 quod
818 1962 935 2011 vidit
962 1962 1215 2028 epistolam
1254 1963 1358 2012 eius
1396 1964 1446 2010 in
1485 1977 1580 2026 qua
1616 1963 1858 2027 promittit
1894 1963 2039 2012 sociis
2076 1963 2190 2019 suiS,
2231 1961 2360 2027 quod

215 2058 315 2094 non
354 2045 454 2094 vult
493 2061 597 2096 esse
635 2048 883 2105 minimus,
925 2054 972 2097 et
1009 2047 1239 2097 audacter
1277 2046 1376 2096 vult
1413 2052 1542 2096 stare
1580 2061 1672 2112 pro
1698 2046 1953 2097 Reuchlin.
2030 2047 2150 2096 Item
2189 2046 2409 2097 deinde&
2452 2031 2456 2104 l

217 2131 335 2180 dixit
372 2131 501 2196 quod
542 2133 684 2181 etiam
725 2139 798 2182 est
833 2135 884 2181 in
922 2132 1001 2182 illa
1030 2127 1377 2182 Coniuratione
1405 2131 1578 2181 Comes
1605 2132 1665 2181 de
1703 2146 1824 2180 nova
1863 2130 2034 2197 Aquila
2062 2131 2362 2182 Coloniensis
2452 2124 2456 2168 ¹

217 2217 502 2274 Canonicus‚
545 2222 591 2265 et
629 2218 759 2281 quod
798 2217 906 2268 talis
945 2218 1219 2280 composuit
1255 2216 1496 2266 mirabilia
1535 2217 1595 2266 de
1633 2215 1895 2282 Theologis
1933 2232 2027 2282 que
2066 2217 2165 2266 vult
2201 2218 2416 2273 statim„

216 2302 529 2365 imprimere:
581 2302 640 2350 Et
686 2303 789 2365 ipse
827 2302 974 2352 habet
1011 2301 1190 2351 multos
1228 2301 1347 2350 alios
1385 2303 1567 2351 amicos
1605 2308 1652 2351 et
1690 2301 1880 2352 nobiles
1918 2317 2041 2366 quos
2077 2303 2180 2367 ipse
2220 2295 2409 2352 etiam'*

216 2386 412 2449 instigat
458 2386 652 2449 scriptis
699 2386 798 2435 suis
845 2387 975 2451 quod
1015 2386 1198 2436 debent
1237 2386 1398 2436 favere
1437 2386 1642 2435 Iohanni
1678 2387 1933 2436 Reuchlin.
2008 2387 2131 2437 Item
2167 2385 2395 2455 Bilihals

219 2470 309 2518 dus
347 2470 514 2518 nescio
553 2471 688 2534 quiS‚
739 2471 824 2535 qui
871 2471 1018 2521 debet
1066 2486 1171 2521 esse
1219 2472 1270 2520 in
1309 2470 1642 2536 Nurmberga:
1693 2472 1796 2535 ipse
1843 2472 1958 2521 fecit
1996 2472 2171 2522 multas
2207 2472 2407 2522 minas:

219 2554 386 2603 dicens
413 2554 542 2619 quod
580 2554 776 2605 realiter
815 2555 915 2605 vult
954 2556 1185 2621 expedire
1210 2554 1489 2619 Theologos
1526 2556 1719 2620 scriptis
1757 2557 1869 2605 suis,
1945 2556 2086 2607 Tunc
2123 2571 2214 2621 ego
2240 2557 2360 2607 dixi:

574 2637 684 2696 ‘Qui
721 2642 931 2690 moritur
969 2642 1135 2698 miniS,
1247 2639 1331 2689 Ille
1369 2639 1756 2705 compulsabitur
1793 2640 2015 2698 bombis',
2371 2650 2412 2695 n

218 2725 463 2774 teutonice
511 2723 661 2782 „Wer
708 2740 802 2774 von
849 2732 1031 2775 trewen
1078 2725 1245 2783 stirht,
1297 2725 1392 2775 den
1439 2725 1512 2774 sol
1558 2741 1671 2775 man
1718 2726 1805 2774 mit
1854 2725 2043 2776 surtzen
2093 2742 2202 2776 zum
2242 2725 2360 2791 grah
2396 2763 2397 2767 ,

218 2807 465 2859 leutten''.'
541 2809 814 2859 Nominavit
862 2811 982 2859 mihi
1028 2816 1196 2874 postea
1246 2825 1396 2860 unum
1442 2816 1637 2876 poetam
1682 2812 1733 2859 in
1771 2810 1995 2861 Erfordia
2045 2813 2127 2876 qui
2166 2817 2362 2861 vocatur

221 2894 450 2944 thanus
476 2894 658 2944 Hessus
686 2900 732 2944 et
757 2894 903 2945 debet
929 2910 1035 2945 esse
1061 2895 1247 2944 iuvenis
1286 2901 1334 2944 et
1371 2896 1742 2959 expertissimus
1780 2903 1950 2960 poeta:
1991 2902 2038 2946 et
2074 2895 2182 2946 talis
2219 2895 2402 2946 habet·-

224 2995 373 3028 unum
412 2980 599 3028 socium
636 2979 818 3029 ibidem
856 2980 1037 3029 dictum
1076 2980 1324 3029 Petreium
1362 2964 1750 3045 Aper-bachium:
1800 2981 1892 3044 ipsi
1933 2987 2231 3045 componunt
2268 2982 2360 3030 iam

221 3063 373 3113 libros
412 3079 533 3127 quos
572 3063 739 3113 volunt
776 3066 934 3113 statim
972 3066 1254 3128 imprimere
1292 3066 1385 3114 nisi
1411 3066 1650 3129 Theologi
1688 3065 1871 3115 faciunt
1908 3067 2218 3115 concordiam
2248 3079 2355 3115 cum
2371 3085 2413 3119 au

223 3148 476 3197 Reuchlin.
552 3147 671 3198 Cum
720 3148 815 3198 hoc
861 3149 1007 3199 debet
1056 3149 1418 3214 esse'Liptzick
1467 3165 1595 3199 unus
1631 3149 1864 3214 Anglicus
1912 3151 2078 3200 nescio
2117 3149 2359 3215 quomodo

225 3233 394 3281 dictus,
469 3233 564 3282 Sed
604 3233 750 3282 credo
790 3234 919 3298 quod
959 3240 1031 3284 est
1080 3234 1161 3283 ille
1210 3236 1291 3299 qui
1339 3235 1430 3283 suit
1477 3240 1588 3283 ante
1639 3235 1762 3285 duos
1814 3251 1968 3284 annos
2007 3235 2231 3300 Colonie,
2281 3234 2361 3299 qui

227 3323 300 3366 est
338 3318 480 3365 etiarn
520 3332 660 3366 unus.
738 3324 785 3366 et
822 3319 1065 3368 Vadianus
1105 3319 1310 3384 Vienne,
1363 3319 1422 3368 de
1470 3335 1566 3384 quo
1616 3320 1782 3369 dicunt
1831 3320 1961 3384 quod
2011 3327 2084 3370 est
2130 3317 2360 3370 terribilis

225 3406 382 3465 poeta.
457 3401 574 3450 Item
613 3403 660 3450 in
689 3402 831 3451 Curia
859 3403 1123 3453 Cardinalis
1161 3410 1233 3453 est
1270 3405 1466 3469 quidam
1494 3404 1676 3469 Caspar
1716 3404 1917 3453 Ursinus
1955 3405 2039 3470 qui
2076 3405 2166 3452 scit
2203 3405 2360 3453 facere

338 3625 354 3651 ³
385 3626 443 3667 M.
467 3628 506 3666 4.
594 3623 611 3649 ⁴
643 3625 718 3667 Su,
739 3628 800 3667 sic
821 3629 862 3667 4.
897 3629 1011 3668 omis.
1035 3633 1074 3669 5.
1164 3628 1431 3670 Ommisistis
1452 3634 1490 3671 5.
1519 3632 1659 3682 spatio
1689 3632 1837 3670 relicto
1868 3631 2020 3670 initiali
2041 3629 2075 3669 C
2162 3627 2299 3669 michi
2317 3630 2357 3668 5.
2430 3670 2431 3673 ¹

228 3703 268 3738 et
296 3698 358 3738 sic
386 3702 483 3749 post
514 3697 651 3749 quinq.
676 3699 716 3735 in
747 3697 824 3736 leae
845 3711 912 3748 ep.
990 3697 1007 3721 6
1039 3699 1340 3739 Kaufmannis
1362 3704 1402 3739 5.
1482 3700 1496 3724 ¹3
1527 3702 1592 3739 Io.
1616 3704 1656 3740 4.
1689 3701 1815 3740 Ioan.
1839 3705 1879 3740 5.
1960 3699 1992 3725 ¹⁰
2023 3701 2084 3739 10.
2110 3702 2148 3741 4.
2171 3700 2296 3740 Ioan.
2316 3700 2374 3740 5.v

230 3768 261 3793 ¹³
294 3768 389 3808 vidi
419 3772 459 3808 5.
554 3765 638 3791 ¹92⁰
671 3766 844 3806 Coloni.
871 3767 1062 3809 Canoni.
1085 3772 1123 3809 5.
1211 3769 1439 3809 mirabliia
1470 3773 1510 3809 5.
1600 3783 1623 3822 e
1647 3773 1685 3812 4.
1723 3784 1746 3809 e
1769 3775 1807 3812 5.
1894 3768 1929 3795 22
1961 3772 2025 3810 Io.
2049 3774 2090 3810 5.
2177 3768 2212 3795 ²³
2244 3763 2356 3822 quis]
2428 3780 2445 3807 Ν

231 3851 315 3890 quo
349 3841 441 3879 45.
531 3836 566 3862 ²5
596 3838 822 3889 Proprium
850 3824 1010 3877 versun}
1041 3838 1217 3878 dicterio
1248 3839 1377 3878 tribui
1403 3841 1579 3879 voluisse
1610 3845 1821 3880 auctorem
1846 3842 2006 3892 putavi.
2077 3837 2356 3893 coppulsabi-

230 3914 301 3949 tur
330 3912 370 3950 5.
459 3907 494 3933 ²⁶
526 3909 670 3948 fiirtzc
699 3911 739 3949 5.
828 3906 864 3932 ²8
894 3907 1079 3948 Eobaus
1109 3911 1149 3948 5.
1238 3906 1271 3932 3¹
1304 3909 1500 3961 Lipzick
1529 3912 1569 3948 5.
1658 3908 1693 3933 ³²
1724 3923 1749 3962 e
1782 3911 1822 3949 4.
1857 3923 1880 3949 e
1911 3914 1950 3952 5.
