2456 4264
266 282 386 342 358
723 305 1106 335 LAMENTATIONES
1127 305 1432 334 onscvnouvu
1452 305 1663 335 vmonvu
1689 291 1945 348 [vn'rznnsL

149 451 246 507 εἰμ’
914 435 1160 493 Sixtus
1202 436 1387 512 Papa
1431 441 1727 513 quartus

444 549 638 597 dilectis
670 549 789 605 filiis
823 544 1035 596 Rec'tori
1066 549 1284 597 Decanis
1320 563 1383 597 ac
1418 550 1734 598 universitati
1766 551 1919 598 studii
1954 544 2202 599 Colonien.

398 661 582 709 Dilecti
621 660 741 719 filii,
793 659 1017 709 Salutem
1063 666 1110 709 et
1147 663 1473 723 apostolicam
1508 662 1912 711 benedictionem.
1987 663 2280 724 Accepimus
2315 665 2391 711 lit-

258 753 397 795 teras
434 748 648 804 vestras,
689 757 755 792 ex
792 746 967 806 quibus
1002 759 1115 794 cum
1153 748 1461 795 iocunditate
1497 748 1842 807 intelleximus,
1884 760 1980 807 quo
2015 749 2125 795 zelo
2156 748 2281 806 fidei
2314 761 2391 795 or-

258 831 501 888 thodoxe,
552 841 749 889 quaque
784 830 1062 890 prudentia
1097 832 1306 901 scripta⁶
1327 844 1543 879 erronea
1579 832 1791 891 heresim
1835 832 2089 892 sapientia
2133 832 2258 891 leqi,
2305 833 2390 879 im·
2412 837 2434 869 5

248 916 410 978 primi
444 927 507 962 ac
542 913 693 962 vendi
715 914 1101 974 prohibueritis,
1150 916 1654 977 muliercularumque
1699 917 2000 977 imperitiam
2036 917 2390 976 represseritis.

258 1013 358 1061 qua
405 999 520 1047 dum
566 1001 817 1058 tenentur,
868 999 1269 1060 interpretantur
1316 1001 1452 1069 quod
1495 1002 1743 1060 nesciunt,
1793 1005 1841 1048 et
1883 1001 2254 1061 scripturarum
2301 1001 2399 1048 sibi

259 1087 506 1145 usurpant
540 1084 821 1142 scientiam,
863 1085 913 1131 in
949 1085 1196 1132 maximos
1233 1085 1524 1133 dilabuntur
1560 1099 1786 1144 errores,
1829 1099 1921 1133 nec
1956 1085 2052 1133 sibi
2084 1086 2268 1145 solum,
2309 1086 2397 1133 sed

260 1170 372 1217 aliis
398 1180 590 1229 quoque
616 1169 898 1216 animarum
925 1169 1260 1229 precipicium
1285 1174 1500 1218 struunt.
1577 1170 1869 1218 Laudamus
1904 1183 1989 1218 vos
2014 1171 2064 1217 in
2091 1170 2292 1218 domino
2316 1183 2394 1218 ve-

260 1253 528 1301 hementer.
569 1253 778 1301 Fecistis
802 1257 856 1301 ut
879 1253 1031 1301 bonos
1055 1253 1328 1302 catholicos
1354 1255 1550 1315 (quales
1573 1267 1766 1316 semper
1785 1252 1979 1315 fuistis)
2007 1255 2160 1314 decet,
2191 1259 2239 1302 et
2262 1256 2397 1315 quod
2412 1258 2452 1292 ¹⁰

260 1351 344 1387 vos
380 1351 480 1386 non
519 1337 801 1386 dubitamus
831 1335 1082 1395 facturos.
1124 1352 1227 1399 pro
1277 1352 1376 1399 qua
1422 1352 1479 1386 re
1523 1353 1613 1387 nos
1648 1344 1695 1387 et
1730 1339 1865 1387 banc
1899 1344 2126 1387 sanctam
2163 1341 2396 1400 apostoli-

259 1436 371 1471 cam
408 1422 572 1470 sedem
609 1423 865 1470 invenietis
901 1424 954 1470 in
992 1423 1214 1471 omnibus
1251 1424 1512 1472 desideriis
1557 1425 1732 1472 vestris
1762 1426 2096 1486 promptiores
2133 1428 2283 1484 atque
2317 1425 2394 1472 be-

261 1508 530 1568 niqniores.
595 1503 828 1555 'Ceterum
866 1512 920 1555 ut
956 1509 1091 1568 quod
1123 1508 1246 1556 bene
1281 1510 1494 1570 cepistis,
1529 1507 1742 1568 facilius
1767 1509 1973 1570 possitis
1998 1510 2266 1570 perficere,
2306 1509 2395 1557 Iza-

260 1605 372 1641 rum
396 1593 526 1640 serie
563 1592 698 1640 vobis
734 1593 1035 1640 auctoritate
1070 1594 1343 1654 apostolica
1379 1595 1634 1642 licentiam
1670 1597 1719 1641 et
1747 1592 2046 1652 facultatem
2082 1595 2397 1642 concedimus

258 1677 562 1725 cohercendi
592 1677 681 1724 sub
718 1677 941 1725 censuris
975 1678 1322 1726 ecclesiasticis
1357 1683 1404 1726 et
1441 1679 1554 1726 aliis
1590 1679 1888 1739 opportunis
1923 1679 2154 1726 remediis
2189 1680 2393 1740 impres-
2413 1683 2453 1716 1⁵

257 1775 425 1820 sores,
466 1764 733 1821 emptores,
773 1763 982 1809 lectores
1017 1762 1256 1811 librorum
1293 1763 1592 1811 huiusmodi.
1667 1763 1734 1810 Et
1767 1764 1886 1823 quia
1917 1764 2035 1821 sieri
2064 1768 2229 1824 posset
2265 1766 2400 1824 quod
2451 1786 2455 1794 1

258 1847 578 1906 impressores
608 1847 831 1906 predicti
862 1850 993 1894 metu
1037 1848 1191 1895 vestri
1233 1847 1335 1894 alio
1370 1861 1422 1895 se
1457 1846 1774 1907 conferrent,
1825 1849 2048 1896 volumus
2093 1849 2229 1908 quod
2264 1850 2396 1897 ordi-

258 1930 417 1977 nariis
453 1934 501 1977 et
535 1930 910 1989 maqistratibus
946 1932 1168 1979 locorum
1206 1932 1259 1979 in
1297 1932 1474 1991 quibus
1510 1936 1684 1991 erunt,
1736 1937 1958 1981 nostram
2003 1933 2137 1980 hanc
2173 1934 2394 1981 volunta-

257 2020 352 2062 tem
397 2015 713 2074 sienificetis,
773 2028 922 2076 quam
968 2015 1149 2076 ubique
1194 2016 1414 2064 volumus
1469 2017 1740 2066 observari.
1817 2017 2000 2066 Datum
2048 2017 2202 2076 Rome
2257 2019 2400 2079 apud

255 2103 482 2147 sanctum
519 2099 722 2148 Petrum
758 2100 847 2148 sub
887 2101 1076 2148 annulo
1103 2102 1402 2161 piscatoris,
1444 2101 1526 2148 die
1551 2109 1714 2144 «Um,
1743 2101 1939 2150 Martii.
1970 2102 2042 2150 M.
2064 2111 2184 2146 occe.
2211 2111 2384 2146 LXXIX.
2408 2105 2453 2140 πο

257 2184 583 2243 pontificatus
620 2186 782 2233 nostri
815 2183 963 2234 Anno
1001 2189 1190 2234 octav0.
1635 2199 1639 2203 ·
2112 2188 2168 2236 L.
2201 2187 2391 2248 Grifus.

1280 2418 1366 2478 37.

980 2545 1021 2592 (Ι
1072 2539 1664 2616 Daubenqiqelius

922 2667 1012 2702 suo
1057 2651 1419 2715 Simpriano
1474 2652 1546 2702 .S.
1575 2652 1632 2702 P.
1661 2654 1722 2702 B.

398 2763 501 2821 Quo
536 2777 613 2812 me
648 2769 838 2814 vertam
868 2780 965 2827 pre
1003 2767 1204 2827 dolore,
1256 2768 1326 2815 mi
1358 2768 1646 2816 suavissime
1680 2763 2019 2835 Simpriane[,
2061 2769 2240 2829 quibus
2276 2782 2390 2829 que·
2404 2787 2451 2824 π

252 2861 369 2906 rar,
413 2862 534 2908 quos
570 2844 847 2915 implorem]
864 2852 888 2898 ?
926 2850 983 2899 Si
1018 2852 1158 2901 domi
1189 2865 1321 2911 sum,
1358 2852 1797 2913 phantasmatibus
1831 2866 1990 2901 vexor
2032 2848 2120 2920 [et]
2160 2855 2394 2902 intestina

253 2933 507 2981 lumbricis
543 2940 953 2996 corrumpuntur.
1030 2935 1089 2984 Si
1121 2950 1271 2995 eoceo,
1313 2938 1442 2984 male
1479 2938 1542 2985 de
1578 2937 1719 2991 nobis
1753 2939 1940 2986 sentire
1974 2938 2127 2986 bonos
2163 2939 2392 2986 animad-
2444 2986 2453 3005 ξι

252 3017 501 3065 vertimus.
581 3017 619 3065 O
656 3033 746 3067 nos
780 3021 985 3068 miseros
1020 3026 1066 3069 et
1104 3020 1362 3079 infelices!
1402 3020 1441 3069 O
1471 3019 1729 3079 funestam
1767 3023 1912 3082 diem,
1953 3024 2004 3070 in
2042 3035 2144 3083 qua
2181 3025 2293 3071 nati
2314 3038 2392 3071 su-

253 3102 387 3148 mus!
428 3099 465 3148 0
493 3107 707 3162 pectora
742 3106 894 3162 ceca!
931 3118 960 3152 o
996 3105 1243 3153 hircosum
1285 3102 1625 3172 [obscurorum
1650 3101 2129 3173 Reuclzlinistarum]
2170 3121 2388 3167 qreqem,
2446 3119 2450 3123 “

254 3189 427 3240 eterna
475 3198 538 3233 ac
577 3189 732 3247 plane
776 3190 1022 3238 ineluibili
1063 3191 1409 3251 diffamiarum
1454 3195 1502 3238 et
1544 3192 1880 3239 conviciorum
1925 3193 2072 3253 lepra
2118 3191 2379 3240 adustum!
2405 3209 2449 3245 so

255 3267 406 3316 Nobis
430 3270 529 3317 Leo
556 3285 704 3333 papa
740 3274 1019 3333 maledixit,
1060 3274 1181 3323 libri
1201 3277 1362 3323 nostri
1383 3275 1759 3324 comburuntur.
1835 3288 1926 3324 nec
1962 3277 2263 3337 muliercule,
2302 3290 2393 3326 nec

188 3354 238 3407 cj
254 3350 675 3420 pharmallcopole
713 3371 778 3405 ex
813 3359 911 3406 illis
945 3360 1166 3407 cucullos
1195 3351 1379 3418 facere
1415 3361 1624 3421 audent,
1665 3374 1726 3409 ne
1762 3373 2000 3409 venenum
2037 3361 2171 3421 quod
2204 3362 2257 3409 in
2292 3362 2392 3410 illis
2426 3361 2456 3428 ‚s

255 3436 402 3495 latet,
442 3439 670 3487 incautos
705 3446 886 3490 enecet.
963 3444 1204 3493 Erasmus
1234 3449 1469 3506 preterea
1511 3439 1916 3511 [Boterodamus]
1958 3458 2048 3493 nos
2084 3445 2308 3494 destatur
2343 3450 2392 3494 et

258 3521 378 3568 odit.
457 3516 680 3587 [Fuimus
721 3521 913 3591 Troes]
994 3527 1170 3576 Omnia
1206 3530 1346 3578 nobis
1381 3534 1429 3578 et
1463 3531 1516 3578 in
1553 3531 1658 3589 celo
1694 3534 1744 3578 et
1767 3531 1819 3579 in
1844 3531 1995 3610 tersis
2017 3535 2132 3579 sunt
2155 3530 2386 3581 adversa.
2436 3539 2438 3543 ’

257 3602 374 3652 Scio
410 3605 534 3665 quid
561 3604 784 3667 faciam,
2397 3631 2439 3667 35

365 3841 402 3867 ²⁰
433 3842 565 3883 anulo
596 3847 636 3883 2.

367 3912 402 3938 ³⁰
433 3914 729 3955 convitiorum
763 3917 803 3954 2.
892 3913 925 3938 ³¹
960 3915 1151 3955 aduersa
1183 3921 1300 3956 sunt.
1324 3921 1363 3958 2.
