2456 4264
606 310 665 345 34.
687 315 1243 353 iomumsscnmmcxn.
1330 311 1390 347 35.
1411 316 1658 348 wisatum
1680 319 1819 350 mur.
1965 336 1969 339 -
2167 298 2290 361 243

307 444 375 503 ἰἐ.
392 442 579 497 'sTune
595 443 722 494 dixi:
758 443 923 504 „Quid
949 445 1110 502 facitis
1134 460 1255 510 ergo
1283 446 1529 513 desuper?
1566 447 1675 498 Non
1701 448 1846 500 vultis
1870 450 2120 503 vindicare
2147 455 2292 503 vos‘?'’

359 529 373 583 ,”
437 526 626 587 „Nullo
675 529 839 582 modo.
901 529 1003 580 sed
1026 544 1136 580 sum
1177 531 1294 580 satis
1330 531 1617 583 vindicatus
1690 533 1796 599 Ego
1842 550 1976 586 nunc
2022 551 2120 586 non
2172 553 2293 587 cuno

257 615 262 630 ³
311 614 515 672 ‹istam
541 611 839 672 stulticiam,
871 613 959 663 sed
998 614 1075 662 vix
1113 613 1276 664 habeo
1313 617 1433 666 satis
1469 616 1642 666 oculos
1679 618 1741 669 ad
1778 619 2075 671 studendum
2114 638 2172 672 ea
2198 637 2292 688 que

206 634 422 758 dffiffi
447 695 638 754 ιιῶθ’.
714 696 827 747 Fuit
879 703 1044 749 autem
1100 697 1212 748 talis
1257 698 1385 751 liber
1431 691 1702 752 intitulatus
1749 703 2015 761 „Defensio
2061 706 2294 758 Iohannis

286 789 404 838 χι.
461 788 637 843 contra
673 781 918 837 samosas”
923 822 936 834 .
1008 782 1156 834 Aliud
1194 799 1296 834 non
1335 786 1439 835 scio
1477 785 1539 836 de
1577 785 1783 837 doctore
1807 787 2082 840 Reuchlin'.
2157 790 2291 842 Talia

182 844 535 968 &predictus
569 865 870 919 bacularius.
944 867 1107 933 Ergo,
1146 868 1346 920 domine
1383 869 1613 929 Ortvine,
1653 870 1877 923 habeatis
1913 873 2093 925 bonam
2132 875 2292 926 Confi-

256 967 259 969 *
294 961 299 1007 ἶ
345 991 360 1006 .
431 952 560 1014 Quia
594 953 640 1015 si
673 950 758 1002 ille
792 951 944 1003 habet
981 952 1137 1003 malos
1174 953 1345 1005 oculos
1382 955 1516 1020 quod
1540 970 1642 1005 non
1666 962 1830 1021 potest
1854 957 2062 1021 amplius
2087 959 2293 1009 multum

302 1043 422 1095 Μ
418 1036 674 1095 seribere,
712 1049 858 1091 suum
898 1037 1150 1097 damnum,
1189 1038 1288 1088 Vos
1325 1045 1490 1090 autem
1527 1055 1627 1089 non
1666 1040 1856 1092 debetis
1894 1043 2168 1107 quiescere,
2207 1045 2292 1094 sed

299 1128 578 1180 ”mar
613 1122 842 1177 scrihere
874 1129 1047 1175 contra
1086 1139 1216 1174 eum.
1272 1123 1456 1176 Valete.
1513 1125 1690 1176 Datum
1727 1124 1884 1192 Ulme.

1165 1360 1253 1421 35.

382 1408 424 1435 ’ὖ
488 1407 510 1430 ,⁹
644 1430 648 1434 ,
1047 1428 1049 1431 .

290 1473 406 1583 ι”“
450 1491 476 1521 ³³
551 1496 554 1517 ³
612 1477 999 1558 Magister
1043 1477 1516 1542 Wilhelmus
1564 1479 1804 1562 Lamp

282 1586 302 1610 ⁴
594 1591 614 1604 ”
732 1589 1064 1661 Magistro
1100 1590 1392 1645 Ortvino
1431 1591 1679 1645 Gratio

374 1671 398 1694 a
499 1672 507 1682 ²
665 1678 668 1680 .
788 1671 810 1680 A!
1096 1691 1334 1744 Salutem.

407 1804 448 1848 '2
481 1810 554 1859 *et
590 1805 943 1871 -promotoriali
997 1807 1272 1857 reverentia
1330 1805 1655 1857 celeberrime
1710 1807 1800 1856 vir.
1874 1805 1974 1857 Vos
2028 1809 2296 1873 scripsistis

298 1960 309 1965 =
400 1889 437 1946 ’,
530 1888 672 1946 litera
709 1906 822 1942 mea
860 1906 1007 1956 quam
1047 1892 1304 1956 composui
1342 1890 1482 1942 vobis
1519 1890 1581 1942 de
1618 1890 1949 1942 ambulatione
1975 1907 2085 1943 mea
2110 1893 2171 1943 ad
2199 1893 2293 1944 Cu·

202 1966 225 2057 ξ’
252 1966 261 1970 ’
338 1999 340 2002 >
369 1986 373 1991 '
398 1974 568 2035 §nobis
601 1981 901 2042 presentata.
975 1976 1038 2026 Et
1082 1975 1297 2027 scribitis
1335 1975 1468 2041 quod
1506 1976 1710 2041 potestis
1748 1975 1923 2027 exinde
1960 1982 2134 2027 notare
2161 1978 2291 2042 quod

254 2047 259 2051 ’
327 2111 330 2115 ,
399 2059 600 2117 nue.
642 2061 706 2113 Et
739 2060 869 2112 bene
906 2061 1122 2112 scribitis
1158 2060 1298 2112 talia:
1339 2067 1454 2111 sunt
1477 2062 1661 2111 etenim
1698 2076 1828 2112 vera.
1903 2059 2026 2119 Quia
2067 2078 2150 2112 vos
2177 2063 2293 2113 estis

225 2154 228 2157 ’
206 2135 290 2245 ζ
359 2145 520 2199 eorde
557 2152 608 2197 et
645 2161 738 2212 ego
775 2161 887 2196 amo
926 2161 1012 2196 vos
1051 2145 1350 2197 cordialiter.
1426 2145 1524 2196 Sed
1563 2147 1711 2196 etiam
1748 2144 1964 2215 scribitis
2002 2145 2121 2196 mihi
2160 2145 2291 2211 quod

178 2201 543 2379 *En
490 2232 722 2282 mtimare
760 2247 848 2282 seu
887 2230 1142 2282 declarare
1181 2230 1431 2296 quomodo
1468 2231 1645 2281 transit
1680 2229 1800 2280 mihi
1839 2245 2080 2296 pronunc.
2158 2230 2293 2281 Scia-

539 2316 674 2382 apud
710 2332 866 2367 unum
906 2315 1163 2367 Notarium
1201 2315 1324 2381 Rote
1363 2321 1411 2366 et
1447 2314 1608 2366 habeo
1645 2330 1823 2380 parare
1861 2329 2106 2372 mensam,
2147 2322 2195 2365 rt
2220 2317 2292 2366 irc

371 2408 523 2467 pro
556 2401 894 2485 comparando
934 2400 1116 2452 herbas
1155 2406 1203 2452 et
1239 2399 1378 2451 fabas
1416 2407 1464 2451 et
1500 2415 1654 2466 panes
1692 2407 1741 2451 et
1778 2414 1955 2451 carnes
1992 2405 2041 2450 et
2075 2398 2205 2457 talia,
2247 2405 2295 2450 et

185 2552 197 2560 θ
277 2437 529 2538 domum
565 2481 616 2536 ἰιι
655 2487 860 2545 ordine,
900 2485 1099 2553 quando
1138 2485 1368 2536 dominus
1408 2486 1538 2535 venit
1575 2500 1633 2535 ex
1673 2484 1918 2535 audientia
1959 2491 2007 2535 et
2044 2499 2295 2534 commen·

183 2562 198 2565 ⁷*
230 2591 266 2642 μ·
337 2570 555 2638 „quod
589 2571 757 2623 'omnia
794 2578 911 2622 sunt
946 2576 1134 2638 parata.
1210 2570 1270 2621 Et
1307 2585 1420 2621 cum
1459 2570 1556 2620 hoc
1594 2570 1740 2620 etiam
1777 2570 1967 2621 studeo.
2042 2568 2102 2619 Et
2138 2569 2294 2618 domi-

0 2710 3 2722 ,
228 2671 256 2693 2
322 2680 354 2698 ω
430 2669 601 2723 nuper*
630 2656 754 2708 dixit
789 2657 935 2714 mibi,
974 2657 1108 2722 quod
1145 2670 1237 2722 per
1275 2655 1423 2707 deum
1462 2655 1659 2721 quando
1697 2661 1772 2705 sto
1810 2669 1963 2705 unum
2002 2667 2184 2703 annum
2224 2651 2297 2703 vel

0 2727 4 2772 Γ
61 2730 66 2775 Ῑ
282 2752 479 2800 mum,
514 2741 623 2807 ipse
658 2740 762 2793 vult
795 2742 919 2792 mihi
955 2743 1124 2792 iuvare
1160 2741 1222 2792 ad
1263 2756 1415 2792 unum
1453 2739 1775 2798 beneficium,
1825 2741 1951 2791 sicut
1988 2738 2126 2804 prius
2164 2739 2295 2789 inv-a

0 2805 6 2824 Ι
106 2829 111 2836 ’
156 2814 202 2821 ⁰
247 2831 251 2833 ’
297 2849 298 2856 ¹
482 2824 548 2877 Et
582 2831 658 2877 est
693 2825 822 2878 bene
859 2826 1189 2885 credendum,
1228 2827 1342 2892 quia
1381 2831 1514 2881 amat
1549 2841 1629 2876 me
1666 2824 1891 2876 multum.
1966 2823 2026 2874 Et
2062 2824 2297 2890 precipue

280 2909 535 2977 quaudo
578 2910 699 2962 vidit
744 2911 878 2977 quod
926 2927 1037 2963 sum
1083 2917 1258 2978 poeta,
1307 2917 1426 2964 tunc
1472 2911 1593 2961 dixit
1637 2909 1770 2977 quod
1819 2908 1921 2959 vult
1970 2923 2051 2958 me
2098 2922 2297 2972 semper

358 2993 611 3048 hahere.
684 2995 749 3047 Et
782 2996 968 3048 factum
1006 3002 1082 3048 est
1116 2998 1207 3047 ita:
1259 2996 1347 3047 Est
1382 3011 1512 3046 unus
1549 3011 1607 3047 ex
1649 2991 2064 3044 commensalibus
2102 2993 2185 3057 qui
2222 2997 2298 3041 est

225 3135 230 3138 ,
289 3025 361 3132 ιιι
394 3081 492 3133 ista
525 3081 719 3148 poetria
755 3096 900 3141 nova,
939 3087 989 3132 et
1024 3095 1224 3147 semper
1260 3081 1312 3130 in
1351 3095 1521 3131 mensa
1560 3079 1778 3145 loquitur
1816 3077 1876 3128 de
1902 3077 2055 3142 poesi,
2097 3082 2145 3126 ct
2169 3074 2294 3125 mul-

237 3164 595 3235 reprehendit
631 3164 742 3216 illos
778 3167 1006 3233 antiquos
1043 3172 1212 3233 patres
1249 3172 1299 3216 et
1335 3165 1698 3231 grammaticos
1737 3161 2087 3219 Alexandrum,
2128 3159 2296 3225 Greci·

231 3246 316 3273 ’'·
306 3236 488 3304 ‘Verba
536 3249 913 3318 deponentalia,
960 3250 1242 3316 Remigium
1291 3255 1338 3300 et
1377 3248 1513 3300 alios,
1588 3247 1649 3298 Et
1685 3260 1845 3312 nuper
1882 3244 2003 3296 dixit
2040 3243 2172 3312 quod
2211 3242 2295 3294 ali·

228 3285 446 3421 §volens
480 3334 673 3389 discere
709 3335 842 3388 bona
880 3335 1111 3387 Carmina
1150 3335 1340 3392 facere,
1380 3331 1527 3384 debet
1563 3332 1690 3382 scire
1730 3330 2043 3381 Diomedem:
2092 3336 2140 3381 et
2177 3327 2298 3379 dixit

280 3388 391 3472 *de
435 3418 525 3472 tali
570 3419 824 3472 Diomede.
899 3419 1151 3487 Respondi
1207 3426 1318 3482 ‘ego
1364 3418 1519 3468 miror
1566 3415 1816 3482 quomodo
1876 3421 2042 3466 tamen
2101 3414 2297 3465 venistis

280 3502 429 3556 illos
463 3519 620 3556 novos
656 3505 1031 3569 grammaticoS,
1084 3509 1133 3555 et
1179 3508 1344 3553 tamen
1392 3499 1584 3552 habetis
1621 3500 1785 3551 omnia
1825 3501 2029 3551 metrice
2067 3499 2114 3548 in
2154 3498 2295 3547 tertia

264 3624 273 3630 ,
309 3588 578 3642 Alexandri
627 3589 689 3640 de
736 3587 947 3654 pedibus
994 3594 1043 3639 et
1090 3585 1444 3654 quantitatibus
1490 3584 1818 3653 syllabarum,
1868 3590 1917 3635 et
1957 3591 2114 3634 artem
2152 3596 2294 3632 scan-

182 3709 186 3714 .
207 3699 210 3701 ’
1030 3685 1062 3712 0

185 3741 205 3774 i
238 3737 474 3787 ⁸nultitifi
493 3748 537 3789 5.
594 3742 613 3770 ⁶
642 3743 799 3787 reucb.
822 3747 864 3786 5.
924 3742 943 3769 ⁸
963 3741 1262 3785 baccslsrius
1282 3745 1325 3785 5.
1384 3740 1403 3768 '¹
1425 3740 1615 3783 multum
1637 3753 1715 3783 om.
1730 3743 1771 3782 5.
1832 3739 1850 3765 ⁹
1874 3738 1957 3781 Va.
1981 3738 2070 3781 Da.
2092 3736 2291 3778 Ulme.5.

242 3806 283 3842 ¹¹
306 3811 372 3856 Π.
396 3816 438 3857 4.
450 3818 492 3859 5.
610 3813 647 3842 ¹²
675 3814 738 3859 M.
759 3817 803 3860 4.
813 3818 856 3856 5.
975 3811 1009 3840 ¹⁸
1041 3812 1086 3855 S.
1111 3815 1154 3855 4.
1186 3811 1312 3854 Solu.
1336 3814 1379 3854 5.
1498 3809 1533 3839 ¹⁶
1563 3810 1705 3853 michi
1736 3813 1778 3852 5.
1815 3810 2004 3862 septiens
2042 3808 2084 3847 in
2119 3805 2197 3845 leae
2228 3818 2293 3856 ep.

58 2962 72 2974 ’
106 2966 192 3002 zu.-

234 3883 280 3925 5.
365 3882 436 3926 lit.
459 3881 583 3939 mea]
617 3886 646 3926 ι’.
669 3897 707 3928 e.
726 3898 821 3938 sup.
843 3898 887 3929 n.
908 3886 979 3927 12.
1071 3882 1104 3911 ¹⁷
1134 3889 1241 3927 sunt
1269 3883 1387 3925 omis.
1410 3885 1453 3925 5.
1545 3879 1579 3908 ¹⁹
1610 3880 1832 3923 Intimare
1864 3881 1904 3921 4.
1980 3875 2014 3903 ²¹
2047 3875 2219 3916 Carnes
2253 3875 2291 3911 4.

148 3948 400 3996 Anatim
430 3956 471 3999 4.
557 3953 595 3980 ⁸⁰
623 3953 934 3996 Alexandrum
965 3953 1167 3998 Giecista't
1187 3955 1228 3996 4.
1260 3951 1525 3996 Alexandri}
1557 3950 1764 3993 Grecil'tft
1783 3952 1883 4057 5.16
1901 3945 1947 4035 Γ
1980 3959 2064 3998 ego
2094 3943 2233 3984 Miror
2255 3943 2295 3982 4.
