2456 4264
261 236 380 296 276
846 257 1082 287 EPISTOLAE
1106 255 1410 286 OBSCVRORVM
1431 255 1640 285 VIRORVM
1662 254 1808 284 NOVAE.

260 399 308 443 et
345 393 590 455 despectu,
630 389 690 437 Et
726 393 854 436 totus
891 387 1102 436 mundus
1141 388 1232 435 erit
1269 386 1490 434 inimicus
1529 400 1714 442 eorum,
1756 388 1802 432 et
1838 398 1983 432 nemo
2022 382 2156 432 dabit
2194 382 2262 431 eis
2286 382 2394 431 Ele-

258 491 507 541 mosynaS,
558 480 602 522 et
650 473 963 521 destruentur
1001 472 1293 520 monasteria
1332 485 1528 519 eorum:
1579 474 1694 517 tunc
1731 468 1876 517 ibunt
1911 469 1963 515 in
2001 467 2285 516 Bohemiam
2321 467 2393 516 vel

259 562 403 609 etiam
432 561 480 608 in
507 557 734 606 Turciam
762 561 808 604 et
834 554 1169 618 predicabunt‚
1212 555 1340 618 quod
1367 554 1486 603 {ides
1514 553 1784 602 Christiana
1808 567 1907 601 non
1934 559 2008 601 est
2046 567 2179 601 vera:
2221 557 2268 600 et
2305 553 2398 600 erit

256 658 484 706 magnum
524 639 768 690 malum”.'
846 640 916 688 Sit
953 638 1187 703 quidquid
1224 638 1349 687 vult:
1396 638 1500 701 Ego
1547 637 1719 687 vellem
1759 637 1890 701 quod
1927 635 2175 685 haberetis
2211 636 2396 701 patien-

255 730 370 776 tiam
408 732 454 775 et
490 741 588 774 non
626 725 851 775 faceretis
889 729 1059 772 contra
1097 738 1273 787 papam
1309 739 1395 772 vos
1421 721 1672 785 Theologi‚
1711 737 1772 771 ne
1810 735 1980 770 omnes
2006 719 2262 769 Christiani
2299 706 2456 782 sintqs

256 812 437 861 inimici
477 812 637 861 vestri.
712 810 772 858 Et
810 807 962 857 valete
1001 809 1050 856 in
1088 809 1285 857 nomine
1321 808 1558 870 unigeniti
1594 805 1681 855 filii
1719 807 1811 856 dei.
1886 805 2062 854 Datum
2099 804 2326 854 Bremen.

2430 972 2445 998 2

1287 1058 1372 1118 58.
2421 1043 2447 1109 »ἰ

2402 1177 2407 1180 -
2417 1149 2451 1205 η’

2424 1207 2433 1222 b

2420 1227 2456 1253 gr.

790 1195 831 1243 (Ι
875 1175 1260 1256 Magister
1306 1177 1476 1236 Irus
1516 1172 1872 1235 Perlirus

860 1303 1187 1372 Magistro
1227 1302 1514 1355 Ortvino
1552 1301 1796 1355 Gratio

265 1419 444 1470 Salutis
483 1421 686 1482 copiam.
762 1417 1066 1468 Venerabilis
1107 1419 1189 1467 vir.
1257 1417 1507 1467 Venerunt
1545 1417 1642 1466 huc
1679 1418 1858 1480 scripta
1895 1420 2056 1466 vestra
2094 1415 2155 1464 ad
2192 1359 2451 1560 Ποίημῒ

259 1507 448 1554 sitatem
475 1520 566 1569 que
594 1505 933 1568 composuistis
960 1509 1127 1551 contra
1156 1502 1422 1552 Iohannem
1448 1501 1710 1551 Reuchlin:
1751 1516 1843 1565 que
1870 1501 2056 1564 antiqui
2080 1500 2295 1563 Magistri
2322 1499 2427 1576 hic3
2444 1519 2445 1522 ¹

258 1588 395 1637 valde
421 1588 640 1646 laudant,
681 1589 768 1638 sed
794 1588 905 1637 novi
932 1594 981 1637 et
1005 1589 1202 1637 iuvenes
1228 1603 1330 1636 non
1368 1593 1534 1637 tenent
1570 1586 1753 1651 aliquid
1793 1587 1853 1636 de
1892 1588 1976 1643 eiS,
2017 1585 2232 1634 dicentes
2270 1570 2442 1675 quod&

259 1689 318 1722 ex
344 1673 519 1722 invidia
546 1674 728 1722 vexatis
754 1672 938 1722 bonum
963 1672 1218 1722 Reuchlin.
1294 1673 1354 1721 Et
1381 1671 1574 1737 quando
1600 1670 1861 1720 habuimus
1887 1669 2145 1719 consilium
2171 1684 2232 1718 an
2259 1670 2435 1743 etiam}

257 1757 490 1807 vellemus
537 1757 834 1807 concludere
882 1763 1050 1806 contra
1091 1756 1357 1820 Speculum
1397 1755 1630 1813 Oculare,
1679 1761 1796 1804 tunc
1845 1754 1912 1804 illi
1959 1753 2134 1804 novelli
2182 1755 2264 1819 qui
2302 1744 2443 1813 noui}

259 1848 373 1892 sunt
409 1842 569 1891 adhuc
609 1844 725 1891 satis
764 1843 1152 1906 experimentati,
1189 1847 1456 1890 tenuerunt
1493 1841 1771 1906 oppositum
1796 1841 2007 1904 antiquis
2031 1838 2142 1897 illis,
2184 1811 2450 1910 dicentes&

258 1926 387 1991 quod
426 1926 666 1976 Reuchlin
716 1932 788 1975 est
834 1928 1073 1976 innocens
1122 1932 1169 1976 et
1216 1941 1466 1991 nunquam
1518 1926 1714 1990 scripsit
1761 1924 1943 1990 aliquid
1980 1924 2269 1989 hereticum.
2344 1912 2435 1975 Et?

257 2013 326 2060 sic
363 2026 518 2077 usque
557 2012 715 2060 adhuc
752 2011 1136 2075 impediverunt:
1187 2013 1355 2060 nescio
1404 2011 1517 2076 quid
1569 2011 1652 2060 fiet
1690 2016 1872 2075 postea.
1949 2024 2038 2074 ego
2088 2010 2235 2059 credo
2273 2025 2337 2075 qu
2404 1972 2427 2039 '3

256 2098 555 2147 Universitas
593 2095 754 2146 adhuc
791 2095 971 2160 peribit
1007 2102 1211 2161 propter
1248 2094 1359 2145 illos
1396 2100 1565 2160 poetas
1603 2095 1687 2160 qui
1725 2100 1838 2144 sunt
1874 2095 1940 2143 ita
1978 2094 2118 2144 multi
2165 2094 2295 2160 quod
2333 2008 2456 2166 ἓξὲξ]

256 2182 451 2231 mirum.
526 2181 586 2230 Et
632 2182 820 2230 noviter
867 2180 1059 2230 advenit
1096 2196 1223 2230 unus
1261 2181 1357 2230 huc
1394 2181 1477 2245 qui
1516 2185 1716 2230 vocatur
1753 2180 1928 2229 Petrus
1964 2178 2283 2229 Mossellanus
2320 2177 2427 2255 qui&

258 2273 330 2316 est
368 2281 559 2331 grecus,
634 2266 694 2315 Et
732 2264 852 2315 alius
891 2272 964 2315 est
1000 2266 1079 2315 hic
1116 2266 1199 2331 qui
1248 2266 1393 2315 etiam
1441 2264 1556 2328 legit
1607 2265 1655 2312 in
1694 2264 1878 2328 Greco,
1930 2269 2125 2314 vocatus
2163 2258 2426 2332 Ricardus'j

257 2350 467 2408 CrocuS‚
509 2356 557 2400 et
593 2353 724 2400 venit
762 2367 821 2400 ex
858 2350 1045 2414 Anglia.
1123 2365 1213 2415 ego
1253 2350 1351 2399 dixi
1391 2365 1572 2414 nuper:
1626 2348 1867 2406 ‘Diabole,
1915 2350 2044 2398 venit
2080 2350 2168 2398 iste
2207 2363 2265 2398 ex
2302 2348 2407 2419 Am·>

256 2434 380 2497 glia‘?
417 2435 520 2499 Ego
559 2436 708 2485 credo
749 2435 879 2500 quod
918 2437 958 2484 si
997 2441 1124 2485 esset
1162 2451 1287 2484 unus
1325 2441 1467 2499 poeta
1506 2434 1574 2483 ibi
1612 2433 1694 2483 ubi
1731 2435 1873 2498 piper
1899 2435 2090 2491 crescit,
2131 2434 2234 2498 ipse
2260 2431 2411 2490 etiam?

256 2521 443 2569 veniret
478 2520 725 2585 Liptzick'.
802 2521 862 2569 Et
899 2535 1017 2584 ergo
1044 2520 1262 2584 Magistri
1299 2519 1481 2568 habent
1516 2520 1581 2568 ita
1620 2534 1804 2583 paucos
1842 2518 2127 2568 domicellos
2164 2518 2294 2583 quod
2331 2519 2405 2568 est*

256 2604 556 2654 scandalum.
632 2605 692 2654 Et
730 2619 820 2668 ego
859 2605 1069 2654 recordo
1108 2605 1291 2661 adhuc,
1332 2604 1462 2669 quod
1501 2604 1696 2669 quando
1733 2619 1862 2654 unus
1899 2605 2129 2669 magister
2166 2604 2250 2652 ivit
2286 2601 2396 2653 olim

257 2690 316 2737 ad
355 2688 609 2746 balneum,
659 2691 765 2754 ipse
814 2689 984 2739 habuit
1028 2689 1196 2754 plures
1245 2689 1528 2738 domicellos
1565 2694 1700 2738 retro
1737 2704 1813 2747 se,
1853 2705 2000 2755 quam
2038 2703 2172 2738 nunc
2207 2689 2258 2736 in
2296 2684 2429 2738 die-³¹&

258 2773 350 2822 bus
387 2774 520 2823 festis
559 2774 755 2839 quando
795 2775 974 2824 vadunt
1012 2774 1070 2823 ad
1111 2773 1383 2823 ecclesiam.
1460 2774 1719 2839 Supposita
1770 2775 1913 2823 etiam
1949 2780 2068 2823 tunc
2106 2774 2304 2823 fuerunt
2338 2774 2400 2822 ita

259 2859 455 2908 discreti
503 2860 629 2909 sicut
675 2859 848 2924 angeli.
926 2860 1021 2909 Sed
1069 2874 1201 2908 nunc
1247 2864 1453 2908 currunt
1498 2858 1729 2908 hincinde
1779 2864 1826 2908 et
1873 2874 1972 2908 non
2012 2863 2186 2908 curant
2224 2854 2400 2922 aliquit!

259 2945 539 3006 magistros;
581 2950 629 2994 et
666 2944 833 2993 volunt
871 2959 1042 2994 omnes
1079 2950 1208 2994 stare
1247 2945 1295 2992 in
1334 2944 1531 2993 Civitate
1570 2949 1619 2993 et
1655 2943 1914 2994 comedere
1953 2949 2088 2994 extra
2116 2942 2396 3006 Collegium,

260 3034 307 3075 et
343 3030 562 3091 magistri
600 3029 781 3078 habent
818 3028 955 3079 valde
996 3043 1178 3093 paucos
1218 3027 1589 3077 commensales,
1664 3029 1784 3078 Item
1833 3029 1883 3076 in
1936 3029 2157 3091 proxima
2203 3040 2397 3092 promo·

258 3113 390 3160 tione
428 3113 629 3162 fuerunt
667 3116 878 3176 promoti
915 3120 1105 3163 tantum
1143 3124 1181 3161 x
1220 3112 1468 3162 bacularii.
1545 3114 1607 3162 Et
1644 3113 1839 3178 quando
1878 3112 2138 3162 habuimus
2176 3121 2403 3181 examenjd

260 3201 378 3244 tunc
424 3202 755 3247 tractaverunt
800 3200 1016 3263 magistri
1065 3198 1194 3262 quod
1244 3196 1414 3246 volunt
1451 3196 1638 3262 aliquos
1676 3199 1898 3248 reiicere.
1973 3197 2112 3247 Tunc
2150 3212 2239 3262 ego
2277 3193 2395 3246 dixi:

263 3278 413 3327 ‘nullo
451 3281 621 3329 modo:
671 3281 790 3338 Quia
840 3284 879 3331 si
927 3284 1123 3333 reiicitis
1159 3298 1340 3338 unum,
1391 3287 1511 3331 tunc
1549 3289 1717 3345 postea
1754 3282 1916 3332 nullus
1954 3282 2157 3332 intrabit
2194 3280 2396 3345 amplius

264 3378 492 3421 examen,
532 3364 605 3413 vel
643 3367 855 3415 studebit
891 3383 982 3431 pro
1021 3368 1201 3430 gradu,
1252 3367 1336 3417 sed
1374 3366 1516 3415 ibunt
1553 3367 1611 3416 ad
1651 3373 1836 3431 poetas.
1911 3373 1960 3416 et
1995 3369 2064 3415 sic
2103 3363 2395 3431 dispensavi-

261 3461 371 3496 mus
409 3463 520 3496 cum
556 3450 689 3511 ipsis.
763 3451 839 3499 Fit
877 3457 1037 3501 autem
1076 3453 1371 3515 dispensatio
1410 3452 1460 3499 in
1500 3452 1679 3501 tribus:
1720 3453 1941 3502 Primum
1976 3453 2026 3500 in
2065 3450 2248 3509 Aetate,
2288 3449 2396 3515 quia

374 3673 391 3699 ²
422 3674 654 3714 Boemiam
685 3678 725 3714 5.
812 3673 828 3699 3
860 3675 919 3725 Qz
950 3679 989 3716 5.
1024 3680 1068 3717 et
1098 3679 1214 3718 omis.
1236 3681 1275 3719 5.
1364 3675 1412 3703 4-5
1443 3679 1724 3731 pacientiam
1755 3681 1796 3720 5.

375 3745 392 3770 8
421 3745 481 3784 Μ.
507 3747 545 3784 4.
561 3748 599 3784 5.
667 3743 683 3768 ⁹
714 3744 774 3783 Μ.
799 3747 889 3786 4.5.
960 3744 994 3770 ¹⁰
1023 3746 1172 3787 Alutis
1202 3752 1244 3787 5.
1267 3762 1349 3788 non
1379 3762 1589 3800 expressa
1621 3750 1664 3790 S.
1735 3748 1766 3775 ¹¹
1798 3750 1970 3790 Ioanne
1999 3753 2040 3790 5.
2104 3747 2136 3775 1⁵
2166 3748 2334 3789 Reuch.
2353 3746 2391 3786 5.

265 3815 322 3855 ad
353 3814 620 3854 hereticum.
644 3818 682 3854 5.
764 3812 799 3839 ¹⁷
830 3813 975 3854 Credo
1007 3819 1047 3856 4.
1130 3817 1162 3842 ¹8
1191 3817 1375 3871 peribit]
1415 3819 1571 3858 scribit
1602 3823 1695 3871 45.
1763 3819 1799 3845 ²⁰
1831 3833 1853 3860 e
1887 3823 1928 3862 4.
1960 3834 1985 3873 e
2016 3824 2056 3860 5.
2124 3817 2209 3844 ²⁵2⁶
2239 3817 2392 3858 diebus
2432 3811 2434 3814 ’

263 3884 399 3925 vestis
430 3888 469 3924 5.
577 3883 614 3907 ³⁰
647 3898 702 3947 3x.
727 3884 969 3937 bacalarij.
992 3890 1032 3926 5.
1139 3884 1175 3910 ³²
1204 3886 1331 3926 voh-it
1363 3889 1452 3928 4.5.
1486 3891 1562 3940 ley.
1586 3890 1825 3929 voluerunt
1910 3888 1946 3913 ³⁴
1977 3893 2126 3942 etate:
2160 3893 2200 3930 5.
