2456 4264
210 233 325 290 174
501 255 595 286 10A.
619 254 931 283 PEPERICORNI
951 251 1181 280 DEFENSIO
1203 249 1385 279 CONTRA
1405 247 1614 277 FAMOSAS
1638 248 1678 275 O·
1701 248 1744 276 V.
1765 245 2036 275 EPISTOLAS.

203 389 342 436 tendi
373 386 597 444 modum,
638 384 763 431 Item
801 382 1333 439 inconstantissimum,
1383 377 1639 437 infelicem
1674 376 2020 436 semiiudeum,
2064 373 2344 433 falsarium

204 470 566 532 quodammodo
590 467 822 514 mandati
843 467 1133 526 imperialis,
1170 465 1500 525 proditorem,
1542 463 1923 521 inconstantem,
1963 462 2130 519 levem,
2171 472 2345 519 repro-

203 557 330 614 bum,
367 555 692 614 pertinacem,
726 548 978 607 fumulum
1015 550 1335 608 calioantem,
1375 546 1823 605 mendacissimum,
1863 550 2021 592 morte
2056 545 2263 604 diynum
2300 547 2348 589 et

204 640 258 686 id
278 651 435 698 oenus
460 637 575 683 aliis
599 633 890 682 nominibus.
940 632 1236 692 Respondeo
1260 645 1336 679 me
1358 633 1431 679 sic
1455 631 1535 679 vel
1557 643 1668 678 cum
1690 630 1867 689 qratia
1891 629 1970 677 vel
1991 628 2346 677 conditionali-

203 730 279 769 ter
305 725 393 768 aut
417 732 532 768 uere
555 719 809 779 loquutum
836 730 868 764 a
892 716 1031 764 nullo
1057 717 1109 763 in
1134 716 1318 763 malam
1342 719 1539 776 partem
1566 715 1738 774 accipi
1758 713 1952 761 debere.
1992 712 2124 761 Nam
2150 724 2380 761 necesse5

202 811 273 854 est
309 810 363 853 ut
399 804 521 852 echo
558 804 670 851 voci
704 805 918 850 assonet.
993 800 1112 861 Ipse
1157 801 1285 847 enim
1322 801 1374 847 in
1407 800 1664 860 plerisque
1699 798 1800 846 suis
1837 798 2087 858 opusculis
2122 802 2172 845 et
2206 798 2348 845 libris

202 904 279 938 me
314 890 497 937 centies
533 888 719 948 maqis,
761 891 816 934 ut
852 884 998 944 infra
1037 886 1088 931 in
1128 884 1415 953 theutonico
1452 883 1701 944 expressi,
1743 886 1790 929 et
1824 883 1931 930 sine
1966 883 2349 943 comparatione

203 975 274 1022 ad
308 975 398 1032 laec
436 973 684 1020 nostratia
721 973 868 1030 lonye
905 970 1102 1029 turpius
1139 970 1384 1016 immerito
1422 972 1469 1016 et
1498 965 1639 1026 false
1674 967 1977 1028 diffamavit,
2019 967 2156 1027 quod
2188 967 2346 1028 ipsum

195 1058 381 1117 fecisse
417 1058 488 1105 ad
520 1061 724 1104 mortem
762 1067 914 1115 usque
941 1053 1233 1114 profitebor.
1310 1053 1421 1113 Eyo
1456 1054 1614 1112 iqitur
1649 1053 1740 1113 qui
1771 1065 1869 1100 non
1897 1052 2051 1112 potui
2081 1065 2147 1100 ecc
2182 1053 2349 1101 scoria

203 1156 407 1202 aurum,
458 1156 524 1190 ex
570 1141 784 1188 tenebris
830 1140 1014 1199 lucem,
1065 1152 1131 1187 esc
1176 1138 1311 1185 malo
1357 1138 1536 1185 bonum
1582 1142 1631 1185 et
1666 1150 1733 1185 ex
1767 1135 1904 1197 falso
1940 1150 2110 1184 verum
2139 1135 2340 1197 facere,
2364 1145 2404 1177 ¹0

203 1228 391 1275 veritas
429 1224 553 1287 ipsa'
592 1238 789 1285 semper
825 1229 987 1271 tamen
1026 1236 1136 1270 cum
1172 1223 1346 1283 qratia
1383 1227 1430 1269 et
1465 1223 1766 1282 reverentia,
1805 1235 1884 1270 me
1906 1222 1979 1269 sic
2003 1226 2051 1269 et
2075 1235 2174 1271 non
2202 1223 2350 1270 aliter

203 1312 422 1359 scribere
470 1310 640 1358 voluit.
719 1309 845 1366 Quia
893 1313 947 1356 ut
990 1312 1159 1355 noster
1195 1307 1431 1355 Salomon
1469 1308 1543 1354 ait
1582 1305 1645 1354 Os
1681 1306 1817 1367 quod
1859 1307 2118 1366 mentitur,
2169 1307 2352 1355 occidit

205 1397 443 1443 animam.
518 1394 739 1454 Itemque
775 1393 833 1440 ob
872 1393 927 1440 id
961 1405 1053 1451 eqo
1091 1405 1190 1440 non
1227 1393 1383 1440 solum
1427 1405 1600 1452 spero,
1649 1391 1741 1438 sed
1769 1392 1984 1449 firmiter
2028 1392 2182 1439 credo
2219 1393 2355 1452 quod

194 1484 411 1541 propter
454 1478 588 1526 bunc
632 1491 790 1526 meum
835 1477 1050 1525 libellum
1095 1489 1332 1536 maenam
1372 1475 1592 1535 fecerim
1640 1476 1904 1524 utilitatem
1942 1477 2146 1534 ecclesie
2181 1477 2351 1525 catho-

203 1567 314 1624 lice,
356 1568 409 1612 ut
435 1563 523 1611 illa
549 1577 640 1622 que
665 1575 848 1623 sponsa
877 1561 1064 1609 Clzristi
1086 1566 1171 1620 est,
1202 1566 1304 1608 tam
1321 1561 1636 1621 periculosos
1658 1560 1893 1620 homines,
1936 1566 2039 1609 tam
2055 1562 2349 1622 periculosa
2370 1567 2408 1600 ¹⁵
2451 1619 2456 1622 Α

204 1649 472 1696 eorundem
499 1648 692 1707 scripta
722 1658 1000 1706 precavere
1029 1643 1258 1703 feliciter
1284 1646 1464 1706 possit.
1540 1644 1608 1692 Et
1641 1643 1775 1693 hanc
1812 1645 1871 1693 ob
1908 1658 2130 1706 causam,
2176 1644 2215 1693 0
2238 1646 2351 1694 bea·
2448 1643 2454 1647 ’

203 1734 386 1780 tissime
412 1737 584 1792 pater,
623 1736 839 1791 paratus
863 1743 956 1789 eqo
991 1743 1097 1777 sum
1136 1731 1215 1778 vel
1249 1743 1422 1778 coram
1447 1730 1720 1777 sanctitate
1743 1735 1849 1789 tua,
1890 1731 1967 1778 vel
1989 1743 2162 1778 coram
2187 1732 2350 1779 conci-
2398 1728 2400 1730 ’
2452 1716 2456 1717 ⁷

203 1819 271 1864 lio
294 1816 540 1876 qenerali,
582 1816 657 1862 vel
681 1828 854 1871 coram
882 1815 1096 1872 Cesarea
1121 1815 1394 1873 maiestate,
1435 1814 1846 1875 Archiepiscopis
1871 1815 2098 1874 denique,
2128 1815 2351 1863 electori-

200 1902 288 1949 bus
324 1901 546 1959 imperii,
588 1900 676 1959 qui
704 1898 979 1946 Theutones
1013 1904 1151 1957 sunt,
1192 1899 1487 1946 sententiam
1525 1897 1852 1957 diffinitivam
1899 1913 1966 1947 ex
2011 1902 2352 1949 commissione

199 1998 230 2031 a
251 1984 534 2035 Sanctitate
557 1988 645 2031 tua
671 1984 888 2044 desuper
913 1985 1184 2044 impetrata
1208 1997 1361 2043 super
1385 1988 1486 2031 toto
1510 1983 1605 2031 leoc
1629 1985 1838 2044 negocio
1863 1989 2032 2032 nostro
2056 1990 2346 2046 empectare,
2365 1992 2408 2025 2⁰

198 2075 251 2117 ut
287 2070 415 2117 iusto
452 2069 651 2115 tandem
688 2069 853 2116 iudice
887 2070 1056 2116 vincat
1093 2070 1293 2116 veritas.

485 2250 526 2297 (Ι
565 2250 904 2315 Conclusio
950 2253 1145 2299 totius
1190 2252 1346 2300 libri
1387 2257 1437 2299 et
1472 2252 1760 2313 imploratio
1797 2253 1986 2301 auxilii
2028 2266 2061 2300 a

485 2342 818 2384 sacrosancta
862 2337 979 2384 sede
1024 2338 1304 2397 apostolica
1351 2341 1399 2384 et
1447 2337 1663 2395 Cesarea
1700 2337 1969 2385 Maiestate
2014 2342 2062 2384 et

677 2423 827 2469 totius
863 2421 1138 2479 christiane
1174 2422 1434 2481 reliyionis
1463 2422 1797 2483 principibus.
1895 2416 1918 2488 ΙΙ

92 2538 196 2590 (cm)
346 2532 388 2579 (Ι
429 2532 466 2580 0
503 2533 780 2583 beatissime
814 2539 997 2595 pater,
1040 2533 1289 2595 pontifex
1334 2535 1516 2595 optime
1559 2535 1803 2596 maxime,
1857 2534 1897 2582 Ο
1941 2534 2348 2585 christianissime
2361 2550 2403 2584 25
2455 2549 2456 2552 ¹

201 2620 501 2679 imperator,
555 2617 594 2666 Ο
629 2633 714 2667 vos
750 2633 917 2667 omnes
953 2620 1158 2678 ecclesie
1185 2619 1441 2680 presides,
1482 2620 1672 2679 leqistis
1707 2620 1855 2668 modo
1888 2620 2195 2669 laudabilem
2222 2635 2346 2683 pro-

201 2716 388 2751 cessum
426 2705 572 2751 totius
598 2717 732 2764 pene
766 2704 986 2764 neeocii,
1028 2704 1158 2751 veris
1193 2716 1390 2764 semper
1415 2704 1826 2765 probationibus,
1876 2705 2181 2766 rationibus,
2222 2708 2346 2755 scri-

193 2788 313 2846 ptis,
355 2788 645 2836 testimoniis
669 2793 716 2836 et
740 2789 796 2836 id
826 2801 989 2848 qenus
1026 2788 1142 2836 aliis
1176 2788 1338 2835 modis
1372 2801 1484 2836 cum
1521 2789 1754 2848 legitimis
1781 2790 2234 2852 protestationibus
2268 2805 2345 2840 ve-

201 2872 392 2918 rissime
429 2885 491 2920 ac
523 2874 744 2933 piissime
780 2872 1132 2933 approbatum.
1208 2871 1421 2932 zeqistis
1456 2873 1702 2933 quomodo
1736 2887 1814 2922 me
1837 2875 1971 2922 citra
1994 2875 2348 2937 cuiuscumque
2423 2931 2428 2936 ,

201 2957 520 3016 offensionem
556 2957 647 3016 ltec
683 2944 760 3004 me
794 2957 1054 3018 scripsisse
1089 2957 1212 3004 velle
1247 2962 1296 3005 et
1320 2969 1426 3019 pro
1463 2958 1675 3006 veritate
1696 2958 1852 3006 solum
1879 2959 1949 3007 ad
1970 2959 2206 3008 honorem
2231 2960 2400 3009 Iesu3⁰

201 3039 380 3087 christi
423 3041 592 3089 adbuc
624 3040 1004 3089 'rationabiliter
1041 3041 1306 3088 decertare
1342 3046 1389 3088 et
1424 3041 1553 3089 nihil
1590 3038 1735 3090 aliud
1780 3056 1930 3104 quam
1976 3044 2225 3093 iusticiam
2254 3058 2343 3106 pe-

202 3127 321 3170 tere.
401 3122 469 3170 Ob
505 3125 639 3173 lianc
675 3126 831 3186 iqitur
866 3138 1071 3173 causam
1109 3130 1157 3172 et
1191 3126 1348 3174 multa
1386 3126 1518 3185 alia,
1569 3141 1662 3186 que
1698 3141 1832 3176 nunc
1876 3128 2135 3177 brevitatis
2166 3130 2345 3190 qratia

193 3211 452 3266 pretereo,
503 3221 594 3268 eqo
630 3210 855 3258 servulus
891 3211 1103 3258 omnium
1139 3215 1298 3257 vester
1335 3223 1397 3258 ac
1432 3211 1709 3271 minimum,
1756 3212 1908 3271 fidele
1941 3218 2106 3261 tamen
2142 3214 2345 3272 ecclesie

200 3290 491 3350 membrum,
531 3292 785 3341 humiliter
809 3307 900 3342 oro
925 3299 1075 3354 atque
1100 3294 1302 3342 obsecro
1328 3296 1683 3356 amplissimam
1720 3296 2073 3357 benignitatem
2109 3303 2338 3357 vestram,

201 3366 254 3422 ut
278 3387 354 3421 me
378 3387 411 3421 a
435 3375 565 3436 lupis
587 3378 863 3437 rapacibus
898 3379 1103 3439 indiqne
1138 3379 1291 3437 lesum
1329 3384 1377 3427 et
1412 3381 1544 3438 cecis
1579 3394 1865 3442 oppressum
1884 3380 2154 3440 favoribus
2177 3388 2342 3430 vestra
2359 3385 2413 3438 ³⁵)

195 3459 507 3519 protectione
544 3459 835 3522 defensetis,
886 3476 949 3510 ac
993 3477 1096 3512 una
1145 3477 1256 3512 cum
1302 3466 1482 3513 ceteris
1525 3465 1927 3524 christifidelibus
1970 3467 2109 3514 intra
2152 3466 2340 3515 redem-

195 3548 400 3604 ptarum
439 3543 599 3591 ouium
634 3550 774 3605 septa
809 3560 1073 3595 reservare
1106 3549 1279 3596 velitis.
1331 3548 1467 3608 'qu
1504 3550 1633 3597 enim
1670 3549 1858 3609 Iudeus
1894 3550 2025 3610 olim,
2066 3565 2201 3598 nunc
2223 3563 2342 3598 vero

201 3627 375 3676 diuina
407 3628 584 3686 qratia
622 3630 671 3676 in
710 3631 932 3677 omnibus
967 3634 1086 3678 meis
1116 3631 1302 3690 factis,
1353 3633 1516 3680 verbis
1561 3647 1624 3680 ac
1667 3635 1892 3695 scriptis,
1942 3636 2048 3683 vita
2093 3636 2239 3683 etiam
2277 3628 2392 3693 ac,¹

313 3851 347 3878 ¹²
378 3848 515 3893 metis
541 3855 579 3896 1.
668 3851 703 3878 ²⁴
734 3852 982 3906 princibus.
1008 3854 1046 3894 1.
