2456 4264
469 333 863 363 DAUENTA'HONES
886 335 1199 364 OBSCVRORVH
1220 335 1669 365 msvcnmmswARvu
1691 336 1839 366 NOVAE.
2120 312 2241 372 387

1105 458 1196 518 33.

607 585 651 632 (Ι
691 578 1172 659 Loerkantius
1216 579 1716 658 Scharpeneck

10 718 40 752 z.-
155 750 158 753 ,
646 742 653 746 ,
848 694 1248 744 Mententulo
1287 693 1471 744 Cosso

0 792 41 869 ξι
326 829 330 832 .
398 811 403 815 ·
1028 792 1103 843 ..S
1131 793 1189 842 P.
1218 793 1282 842 D.

10 885 65 958 ‘13
215 905 316 966 Ne
331 910 387 954 tu
422 905 571 955 bomo
606 907 809 968 lepidus
844 920 897 955 es
932 912 1024 955 aut
1059 907 1234 969 potius
1282 906 1364 966 (ut
1407 907 1482 955 ita
1529 907 1723 968 dicam)
1780 907 2109 969 inhumanus,
2160 910 2251 971 qui

0 984 369 1112 ffpnstcqusss
411 991 550 1039 bisce
593 992 902 1053 temporibus
948 993 1080 1041 nihil
1123 992 1326 1040 omnino
1374 1004 1564 1041 mecum
1610 991 1791 1040 litteris
1828 993 2108 1054 obstrepas.
2183 994 2247 1042 In

31 1089 248 1127 more
282 1077 484 1137 quidem
520 1082 693 1125 mutuo
731 1091 834 1126 non
870 1079 945 1126 sic
981 1078 1232 1137 lanquere
1269 1077 1529 1137 debemus,
1581 1081 1637 1125 ut
1673 1078 2019 1139 punqentibus
2053 1080 2247 1127 littera-

30 1162 186 1212 rum
231 1160 426 1210 aculeis
471 1162 545 1209 ad
586 1176 728 1211 suum
774 1164 987 1224 quisque
1034 1160 1262 1221 officium
1308 1163 1591 1211 incitemur.
1673 1160 1743 1210 Te
1786 1163 1945 1223 iqitur
1974 1165 2249 1225 plurimum

6 1177 59 1320 {k
72 1259 190 1307 oro,
239 1251 297 1296 ut
338 1246 539 1296 litteras
585 1248 659 1295 ad
692 1260 770 1295 me
806 1248 920 1308 des,
973 1247 1151 1308 quibus
1186 1248 1378 1296 certior
1409 1249 1562 1306 siam,
1613 1247 1738 1307 quid
1772 1248 1973 1296 tandem
2011 1249 2075 1296 de
2110 1249 2252 1297 nobis

12 1305 71 1409 {b
84 1329 318 1381 Obscuris
353 1331 732 1381 Parrbisienses
767 1333 846 1380 illi
876 1333 1098 1381 sentiant
1126 1330 1391 1392 Theoloqi,
1434 1332 1561 1392 quid
1596 1333 1714 1380 item
1739 1331 2091 1393 Lov'anienseS,
2133 1334 2255 1394 quid

18 1414 57 1479 ξ
81 1416 396 1478 Moauntini,
446 1417 572 1478 quid
607 1415 953 1476 Erfordenses
1002 1422 1051 1465 et
1090 1416 1409 1466 Colonienses
1458 1417 1720 1476 academie
1767 1419 2004 1478 maeistri
2038 1431 2102 1466 ac
2139 1419 2260 1467 boni

11 1482 45 1561 {{
78 1502 295 1564 denique
330 1515 511 1551 omnes.
598 1503 740 1552 Vale.

11 1581 60 1716 «ἱ,
218 1652 222 1654 ,

153 1704 159 1708 .
1119 1652 1213 1712 34.

467 1791 470 1793 ·
883 1781 926 1829 (Ι
972 1773 1450 1832 Mententulus

19 1844 69 1952 λ
907 1887 1303 1937 Loerlcantio
1339 1900 1430 1935 suo

41 1979 45 1988 ’
1035 1987 1108 2036 ..S
1138 1987 1195 2035 P.
1225 1987 1288 2036 D.

20 2096 62 2225 ι
218 2099 339 2150 Scio
375 2105 426 2150 te
461 2114 712 2150 novarum
749 2114 920 2150 rerum
957 2114 1063 2150 esse
1089 2101 1458 2163 percupidum,
1500 2104 1548 2147 et
1585 2099 1637 2147 in
1665 2100 1835 2149 aliena
1860 2100 2123 2162 republica
2147 2115 2251 2150 ma-

78 2186 215 2236 xime
248 2187 520 2236 curiosum.
599 2185 733 2244 Quid
769 2187 974 2235 obsecro
1011 2188 1306 2235 induratum
1353 2184 1582 2245 refricas
1619 2186 1836 2234 vulnus?
1884 2187 2010 2247 quid
2041 2188 2252 2247 inerata

80 2271 261 2321 meditu
295 2271 615 2334 expostulas,
609 2273 631 2307 ?
676 2272 804 2333 quid
846 2277 894 2321 te
938 2274 1157 2334 proprio
1193 2272 1331 2331 cedis
1366 2272 1559 2332 liyone.
1552 2272 1573 2306 Ρ
1631 2271 1718 2319 Vis
1754 2271 1848 2319 tibi
1879 2273 2140 2320 veritatem
2179 2272 2253 2320 di-

26 2357 235 2411 ·Jtcam?
278 2356 393 2419 Ipsi
430 2356 672 2419 profecto
719 2370 886 2406 omnes
922 2370 1024 2406 uno
1062 2371 1151 2406 ore
1177 2358 1405 2419 parique
1439 2369 1685 2406 consensu
1719 2357 1989 2405 levissimos
2024 2370 2115 2405 nos
2150 2369 2256 2405 esse

46 2432 47 2435 ¹
79 2442 279 2492 lenones
304 2443 588 2505 predicant
595 2470 611 2503 ,-
654 2443 733 2491 vel
770 2443 829 2492 ob
867 2443 1005 2492 banc
1033 2444 1350 2505 potissimum
1388 2443 1662 2502 rationem,
1715 2442 1854 2503 quod
1889 2455 1944 2490 os
1979 2442 2256 2491 habeamus

81 2526 448 2590 blasphemum,
499 2528 892 2590 impudicatum,
947 2530 1224 2591 impurum,
1282 2532 1610 2589 spurcatum,
1668 2528 1999 2588 maledicum,
2053 2526 2249 2587 fedum,

44 2612 372 2674 *obscenum,
413 2614 841 2675 contaminatum,
881 2614 1170 2674 sordidum,
1215 2611 1558 2674 feculentum,
1609 2614 2031 2676 superstitiosum,
2081 2619 2253 2662 contaa

81 2698 350 2760 ηιὶειατεεεη,
402 2699 765 2760 truculentum,
817 2701 1052 2762 impium,
1111 2699 1343 2760 omnique
1379 2699 1647 2748 criminum
1685 2699 1820 2747 visco
1836 2720 1843 2730 ·
1859 2699 2082 2747 oblitum.
2161 2699 2252 2747 Po-

0 2787 267 2833 ³²⁵stremo
303 2784 441 2846 quod
473 2797 559 2833 me,
586 2786 751 2846 maqis
785 2790 970 2846 movet,
1024 2796 1317 2846 quanquam
1354 2788 1427 2832 tot
1453 2785 1699 2845 preclare
1735 2785 2088 2833 universitates
2127 2783 2252 2832 Ocu-

81 2867 195 2918 lare
226 2870 484 2932 speculum
507 2869 724 2919 Ioannis
747 2870 999 2919 Reuchlin
1038 2870 1112 2918 ad
1146 2871 1312 2930 iynem
1349 2869 1797 2918 condemnaverint
1832 2874 1883 2918 et
1921 2869 2123 2927 Colonie
2150 2882 2254 2931 pro

82 2953 331 3004 tribunali
361 2955 666 3004 combustum
703 2957 789 3015 sit,
831 2957 1095 3018 ipsumque
1131 2968 1274 3017 quem
1313 2955 1430 3004 dixi
1462 2959 1719 3004 auctorem
1747 2954 2122 3003 Parrliisienses
2157 2954 2259 3015 ipsi

0 3102 1 3109 ι
52 3038 157 3089 ud
188 3040 453 3103 publicam
498 3041 651 3090 velint
695 3042 1074 3090 revocationem
1120 3041 1548 3102 compellendum,
1609 3046 1776 3089 tamen
1835 3040 1924 3099 (ne
1970 3039 2160 3087 diutius
2206 3045 2255 3086 te

29 3146 36 3153 ·
81 3127 273 3188 morer)
299 3126 387 3176 ubi
419 3116 660 3176 dextram
697 3127 799 3188 illi,
840 3127 981 3177 nobis
1012 3126 1351 3190 proculdubio
1387 3127 1623 3188 laqueum
1652 3125 1941 3187 preberent.
2029 3125 2071 3173 V
2073 3124 2170 3172 ale.
2196 3119 2217 3189 ΙΙ

29 3256 78 3390 ἦ,
1122 3305 1212 3365 35.

0 3446 6 3491 ,Ι
56 3395 109 3513 Ξ.
751 3431 793 3479 (1
840 3425 1242 3484 Malacliias
1286 3423 1595 3502 Lyricus
2273 3432 2350 3478 11⁴¹»

86 3551 90 3556 ’
821 3538 1131 3588 Caseario
1179 3536 1524 3597 Vederwiss

56 3517 88 3775 ἰ
1040 3636 1111 3686 ..S
1143 3637 1200 3686 P.
1230 3637 1295 3685 D.

228 3749 342 3814 qu
379 3751 613 3800 Labeone
649 3756 802 3813 atque
842 3749 1014 3800 Oreste
1049 3752 1306 3812 insanior,
1358 3751 1449 3812 qui
1494 3750 1710 3799 dimissis
1755 3763 1921 3812 nuper
1957 3747 2253 3798 iucundissi-

33 3712 179 3891 §gni-5
213 3836 405 3896 (neseio
442 3851 540 3899 quo
567 3837 749 3886 ductus
770 3838 981 3900 spiritu)
1010 3842 1281 3900 poctarum
1312 3834 1521 3896 fabellis
1543 3835 1827 3897 levibusque
1864 3835 1943 3893 (ut
1965 3835 2036 3881 sic
2062 3833 2253 3891 dicam)

199 3974 236 4003 ²⁸
263 3978 552 4020 taminatum.
574 3980 619 4019 2.
694 3975 731 4004 ²⁴
761 3975 1054 4019 truulentum.
1077 3980 1119 4019 2.
1197 3975 1233 4003 ⁸²
1262 3978 1293 4019 i.
1318 3990 1356 4019 e.
1378 3976 1661 4018 Federwisele.

1761 4044 1872 4098 25*
