<?xml version="1.0" encoding="UTF-8"?>
<!DOCTYPE html PUBLIC "-//W3C//DTD XHTML 1.0 Transitional//EN"
    "http://www.w3.org/TR/xhtml1/DTD/xhtml1-transitional.dtd">
<html xmlns="http://www.w3.org/1999/xhtml" xml:lang="en" lang="en">
 <head>
  <title>
</title>
<meta http-equiv="Content-Type" content="text/html;charset=utf-8" />
  <meta name='ocr-system' content='tesseract 3.04.00' />
  <meta name='ocr-capabilities' content='ocr_page ocr_carea ocr_par ocr_line ocrx_word'/>
</head>
<body>
  <div class='ocr_page' id='page_1' title='image "./supoperaquaerepe01huttuoft_0171.png"; bbox 0 0 2456 4264; ppageno 0'>
   <div class='ocr_carea' id='block_1_1' title="bbox 81 283 2235 342">
    <p class='ocr_par' dir='ltr' id='par_1_1' title="bbox 81 283 2235 342">
     <span class='ocr_line' id='line_1_1' title="bbox 81 283 2235 342; baseline 0.003 -5"><span class='ocrx_word' id='word_1_1' title='bbox 81 305 296 338; x_wconf 60' lang='lat' dir='ltr'><strong><em>”PBBHL</em></strong></span> <span class='ocrx_word' id='word_1_2' title='bbox 309 302 443 334; x_wconf 69' lang='lat' dir='ltr'><strong>⁸0⁰1·AE</strong></span> <span class='ocrx_word' id='word_1_3' title='bbox 464 302 825 334; x_wconf 66' lang='lat' dir='ltr'><strong><em>RRFVTATORIAE.</em></strong></span> <span class='ocrx_word' id='word_1_4' title='bbox 885 304 1087 334; x_wconf 62' lang='lat' dir='ltr'><strong><em>navent..</em></strong></span> <span class='ocrx_word' id='word_1_5' title='bbox 1108 304 1350 334; x_wconf 70' lang='lat' dir='ltr'>EPISTOLAE</span> <span class='ocrx_word' id='word_1_6' title='bbox 1372 305 1417 334; x_wconf 85' lang='lat' dir='ltr'><strong><em>D.</em></strong></span> <span class='ocrx_word' id='word_1_7' title='bbox 1429 301 1487 336; x_wconf 83' lang='grc'><strong><em>27.</em></strong></span> <span class='ocrx_word' id='word_1_8' title='bbox 1501 304 1597 335; x_wconf 75' lang='lat' dir='ltr'><strong><em>IAN.</em></strong></span> <span class='ocrx_word' id='word_1_9' title='bbox 1610 304 1652 334; x_wconf 78' lang='lat' dir='ltr'><strong><em>A.</em></strong></span> <span class='ocrx_word' id='word_1_10' title='bbox 1668 300 1764 335; x_wconf 80' lang='grc'>1512.</span> <span class='ocrx_word' id='word_1_11' title='bbox 1788 306 1920 335; x_wconf 75' lang='lat' dir='ltr'>DATAE</span> <span class='ocrx_word' id='word_1_12' title='bbox 1938 307 2067 339; x_wconf 79' lang='lat' dir='ltr'><strong><em>PARS.</em></strong></span> <span class='ocrx_word' id='word_1_13' title='bbox 2127 283 2235 342; x_wconf 79' lang='lat'><strong><em>131</em></strong></span> 
     </span>
    </p>
   </div>
   <div class='ocr_carea' id='block_1_2' title="bbox 0 418 2246 671">
    <p class='ocr_par' dir='ltr' id='par_1_2' title="bbox 0 402 2246 674">
     <span class='ocr_line' id='line_1_2' title="bbox 0 418 2245 498; baseline 0.008 -28"><span class='ocrx_word' id='word_1_14' title='bbox 0 418 21 442; x_wconf 79' lang='lat'><em>&#39;</em></span> <span class='ocrx_word' id='word_1_15' title='bbox 80 437 356 498; x_wconf 54' lang='lat' dir='ltr'><strong><em>mm</em></strong></span> <span class='ocrx_word' id='word_1_16' title='bbox 349 435 522 495; x_wconf 66' lang='lat' dir='ltr'><strong><em>baem,</em></strong></span> <span class='ocrx_word' id='word_1_17' title='bbox 566 438 617 484; x_wconf 84' lang='lat' dir='ltr'><strong><em>et</em></strong></span> <span class='ocrx_word' id='word_1_18' title='bbox 659 435 881 484; x_wconf 77' lang='lat' dir='ltr'><strong><em>maxime</em></strong></span> <span class='ocrx_word' id='word_1_19' title='bbox 923 439 979 484; x_wconf 89' lang='lat' dir='ltr'><strong><em>ut</em></strong></span> <span class='ocrx_word' id='word_1_20' title='bbox 1024 434 1185 484; x_wconf 90' lang='lat' dir='ltr'><strong><em>nodus</em></strong></span> <span class='ocrx_word' id='word_1_21' title='bbox 1218 435 1347 484; x_wconf 93' lang='lat' dir='ltr'><strong><em>nodo</em></strong></span> <span class='ocrx_word' id='word_1_22' title='bbox 1391 437 1642 485; x_wconf 88' lang='lat' dir='ltr'><strong><em>vinciatur</em></strong></span> <span class='ocrx_word' id='word_1_23' title='bbox 1657 474 1668 496; x_wconf 95' lang='lat'><strong><em>,</em></strong></span> <span class='ocrx_word' id='word_1_24' title='bbox 1718 435 1910 496; x_wconf 84' lang='lat' dir='ltr'><strong><em>afferre</em></strong></span> <span class='ocrx_word' id='word_1_25' title='bbox 1943 438 1995 486; x_wconf 90' lang='lat' dir='ltr'><strong><em>in</em></strong></span> <span class='ocrx_word' id='word_1_26' title='bbox 2031 438 2245 489; x_wconf 89' lang='lat' dir='ltr'><strong><em>medium</em></strong></span> 
     </span>
     <span class='ocr_line' id='line_1_3' title="bbox 0 518 2246 584; baseline 0.007 -26"><span class='ocrx_word' id='word_1_27' title='bbox 0 519 28 584; x_wconf 60' lang='grc' dir='ltr'><strong><em>ξ.</em></strong></span> <span class='ocrx_word' id='word_1_28' title='bbox 77 521 239 582; x_wconf 61' lang='lat' dir='ltr'><strong><em>m,</em></strong></span> <span class='ocrx_word' id='word_1_29' title='bbox 264 518 379 583; x_wconf 72' lang='lat' dir='ltr'><strong><em>‘que</em></strong></span> <span class='ocrx_word' id='word_1_30' title='bbox 423 520 478 568; x_wconf 89' lang='lat' dir='ltr'><strong><em>in</em></strong></span> <span class='ocrx_word' id='word_1_31' title='bbox 511 520 722 582; x_wconf 84' lang='lat' dir='ltr'><strong><em>epistota</em></strong></span> <span class='ocrx_word' id='word_1_32' title='bbox 758 533 853 569; x_wconf 88' lang='lat' dir='ltr'><strong><em>sua</em></strong></span> <span class='ocrx_word' id='word_1_33' title='bbox 886 519 959 568; x_wconf 88' lang='lat' dir='ltr'><strong><em>ad</em></strong></span> <span class='ocrx_word' id='word_1_34' title='bbox 994 520 1192 582; x_wconf 88' lang='lat' dir='ltr'><strong><em>primas</em></strong></span> <span class='ocrx_word' id='word_1_35' title='bbox 1230 520 1499 582; x_wconf 72' lang='lat' dir='ltr'><strong><em>theoloqice</em></strong></span> <span class='ocrx_word' id='word_1_36' title='bbox 1533 520 1800 581; x_wconf 75' lang='lat' dir='ltr'><em>facultatis</em></span> <span class='ocrx_word' id='word_1_37' title='bbox 1843 524 2059 584; x_wconf 87' lang='lat' dir='ltr'><strong><em>litteras,</em></strong></span> <span class='ocrx_word' id='word_1_38' title='bbox 2107 529 2246 573; x_wconf 87' lang='lat' dir='ltr'><strong><em>sexto</em></strong></span> 
     </span>
     <span class='ocr_line' id='line_1_4' title="bbox 0 585 2246 671; baseline 0.012 -39"><span class='ocrx_word' id='word_1_39' title='bbox 0 585 12 646; x_wconf 73' lang='grc' dir='ltr'><strong>ξ</strong></span> <span class='ocrx_word' id='word_1_40' title='bbox 77 603 200 659; x_wconf 56' lang='lat' dir='ltr'><strong><em>kap·</em></strong></span> <span class='ocrx_word' id='word_1_41' title='bbox 227 605 316 654; x_wconf 65' lang='lat' dir='ltr'><strong><em>Fe,</em></strong></span> <span class='ocrx_word' id='word_1_42' title='bbox 343 603 504 654; x_wconf 71' lang='lat' dir='ltr'><strong><em>Anno,</em></strong></span> <span class='ocrx_word' id='word_1_43' title='bbox 529 604 765 653; x_wconf 77' lang='lat' dir='ltr'><strong><em>M,D.X11.</em></strong></span> <span class='ocrx_word' id='word_1_44' title='bbox 787 618 856 654; x_wconf 85' lang='lat' dir='ltr'><strong><em>ex</em></strong></span> <span class='ocrx_word' id='word_1_45' title='bbox 895 603 1194 666; x_wconf 72' lang='lat' dir='ltr'><strong><em>Stutqardia</em></strong></span> <span class='ocrx_word' id='word_1_46' title='bbox 1228 606 1409 654; x_wconf 89' lang='lat' dir='ltr'><strong><em>nostris</em></strong></span> <span class='ocrx_word' id='word_1_47' title='bbox 1443 606 1722 656; x_wconf 90' lang='lat' dir='ltr'><strong><em>doctoribus</em></strong></span> <span class='ocrx_word' id='word_1_48' title='bbox 1767 609 2044 671; x_wconf 77' lang='lat' dir='ltr'><strong><em>scripserit.</em></strong></span> <span class='ocrx_word' id='word_1_49' title='bbox 2119 607 2246 658; x_wconf 86' lang='lat' dir='ltr'><strong><em>Sunt</em></strong></span> 
     </span>
    </p>
   </div>
   <div class='ocr_carea' id='block_1_3' title="bbox 0 687 755 785">
    <p class='ocr_par' dir='ltr' id='par_1_3' title="bbox 0 675 755 785">
     <span class='ocr_line' id='line_1_5' title="bbox 0 687 755 785; baseline 0 -45"><span class='ocrx_word' id='word_1_50' title='bbox 0 687 26 785; x_wconf 60' lang='grc' dir='ltr'><strong><em>ῗ·</em></strong></span> <span class='ocrx_word' id='word_1_51' title='bbox 78 692 232 756; x_wconf 50' lang='lat' dir='ltr'><strong><em>hiim·</em></strong></span> <span class='ocrx_word' id='word_1_52' title='bbox 267 689 361 752; x_wconf 78' lang='lat' dir='ltr'><strong><em>hec</em></strong></span> <span class='ocrx_word' id='word_1_53' title='bbox 390 691 548 754; x_wconf 84' lang='lat' dir='ltr'><strong><em>ipsius</em></strong></span> <span class='ocrx_word' id='word_1_54' title='bbox 586 690 755 740; x_wconf 90' lang='lat' dir='ltr'><strong><em>verba.</em></strong></span> 
     </span>
    </p>
   </div>
   <div class='ocr_carea' id='block_1_4' title="bbox 0 811 2356 1910">
    <p class='ocr_par' dir='ltr' id='par_1_4' title="bbox 0 811 2356 1910">
     <span class='ocr_line' id='line_1_6' title="bbox 0 811 2243 881; baseline 0.003 -16"><span class='ocrx_word' id='word_1_55' title='bbox 0 811 22 865; x_wconf 62' lang='grc' dir='ltr'><strong><em>ἶῖ</em></strong></span> <span class='ocrx_word' id='word_1_56' title='bbox 41 827 69 865; x_wconf 72' lang='lat'>⁸</span> <span class='ocrx_word' id='word_1_57' title='bbox 95 851 99 855; x_wconf 84' lang='lat'><em>-</em></span> <span class='ocrx_word' id='word_1_58' title='bbox 124 838 139 846; x_wconf 80' lang='grc'><strong><em>·-</em></strong></span> <span class='ocrx_word' id='word_1_59' title='bbox 202 816 266 877; x_wconf 48' lang='grc' dir='ltr'><strong><em>,ί</em></strong></span> <span class='ocrx_word' id='word_1_60' title='bbox 301 816 492 880; x_wconf 81' lang='lat' dir='ltr'><strong><em>Cupitis</em></strong></span> <span class='ocrx_word' id='word_1_61' title='bbox 515 818 742 880; x_wconf 85' lang='lat' dir='ltr'><strong><em>primum</em></strong></span> <span class='ocrx_word' id='word_1_62' title='bbox 780 817 844 867; x_wconf 94' lang='lat' dir='ltr'><strong><em>de</em></strong></span> <span class='ocrx_word' id='word_1_63' title='bbox 877 829 955 867; x_wconf 90' lang='lat' dir='ltr'><strong><em>me</em></strong></span> <span class='ocrx_word' id='word_1_64' title='bbox 989 819 1240 881; x_wconf 89' lang='lat' dir='ltr'><strong><em>experiri,</em></strong></span> <span class='ocrx_word' id='word_1_65' title='bbox 1287 819 1380 868; x_wconf 89' lang='lat' dir='ltr'><strong><em>sim</em></strong></span> <span class='ocrx_word' id='word_1_66' title='bbox 1411 832 1474 868; x_wconf 92' lang='lat' dir='ltr'><strong><em>ne</em></strong></span> <span class='ocrx_word' id='word_1_67' title='bbox 1511 819 1736 869; x_wconf 80' lang='lat' dir='ltr'><strong><em>desertor</em></strong></span> <span class='ocrx_word' id='word_1_68' title='bbox 1770 833 1837 870; x_wconf 91' lang='lat' dir='ltr'><strong><em>an</em></strong></span> <span class='ocrx_word' id='word_1_69' title='bbox 1876 826 2071 871; x_wconf 86' lang='lat' dir='ltr'><strong><em>amator</em></strong></span> <span class='ocrx_word' id='word_1_70' title='bbox 2106 824 2243 873; x_wconf 87' lang='lat' dir='ltr'><strong><em>veri-</em></strong></span> 
     </span>
     <span class='ocr_line' id='line_1_7' title="bbox 0 875 2245 986; baseline 0.001 -31"><span class='ocrx_word' id='word_1_71' title='bbox 0 875 35 986; x_wconf 31' lang='lat'>&amp;</span> <span class='ocrx_word' id='word_1_72' title='bbox 76 903 459 963; x_wconf 50' lang='lat' dir='ltr'><strong><em>&amp;catholice</em></strong></span> <span class='ocrx_word' id='word_1_73' title='bbox 495 902 667 962; x_wconf 79' lang='lat' dir='ltr'><strong><em>Quare</em></strong></span> <span class='ocrx_word' id='word_1_74' title='bbox 696 904 1062 966; x_wconf 80' lang='lat' dir='ltr'><strong><em>propositiones</em></strong></span> <span class='ocrx_word' id='word_1_75' title='bbox 1098 903 1348 965; x_wconf 84' lang='lat' dir='ltr'><strong><em>quasdam</em></strong></span> <span class='ocrx_word' id='word_1_76' title='bbox 1374 917 1442 952; x_wconf 90' lang='lat' dir='ltr'><strong><em>ex</em></strong></span> <span class='ocrx_word' id='word_1_77' title='bbox 1478 917 1584 953; x_wconf 91' lang='lat' dir='ltr'><strong><em>meo</em></strong></span> <span class='ocrx_word' id='word_1_78' title='bbox 1618 906 1822 954; x_wconf 87' lang='lat' dir='ltr'><strong><em>consilio</em></strong></span> <span class='ocrx_word' id='word_1_79' title='bbox 1858 906 1921 955; x_wconf 93' lang='lat' dir='ltr'><strong><em>de</em></strong></span> <span class='ocrx_word' id='word_1_80' title='bbox 1957 909 2245 957; x_wconf 81' lang='lat' dir='ltr'><strong><em>cremandis</em></strong></span> 
     </span>
     <span class='ocr_line' id='line_1_8' title="bbox 0 980 2247 1053; baseline 0.001 -14"><span class='ocrx_word' id='word_1_81' title='bbox 0 986 45 1039; x_wconf 74' lang='grc' dir='ltr'><strong>ἱ</strong></span> <span class='ocrx_word' id='word_1_82' title='bbox 73 980 346 1050; x_wconf 65' lang='lat' dir='ltr'><strong><em>ladem-:cm</em></strong></span> <span class='ocrx_word' id='word_1_83' title='bbox 374 988 517 1039; x_wconf 85' lang='lat' dir='ltr'><strong><em>libris</em></strong></span> <span class='ocrx_word' id='word_1_84' title='bbox 551 988 685 1050; x_wconf 89' lang='lat' dir='ltr'><strong><em>dato,</em></strong></span> <span class='ocrx_word' id='word_1_85' title='bbox 723 1002 818 1051; x_wconf 83' lang='lat' dir='ltr'><strong><em>que</em></strong></span> <span class='ocrx_word' id='word_1_86' title='bbox 854 988 986 1038; x_wconf 90' lang='lat' dir='ltr'><strong><em>vobis</em></strong></span> <span class='ocrx_word' id='word_1_87' title='bbox 1014 987 1216 1053; x_wconf 84' lang='lat' dir='ltr'><strong><em>frivole,</em></strong></span> <span class='ocrx_word' id='word_1_88' title='bbox 1252 989 1550 1049; x_wconf 85' lang='lat' dir='ltr'><strong><em>scandalose</em></strong></span> <span class='ocrx_word' id='word_1_89' title='bbox 1587 994 1637 1039; x_wconf 91' lang='lat' dir='ltr'><strong><em>et</em></strong></span> <span class='ocrx_word' id='word_1_90' title='bbox 1663 991 1825 1039; x_wconf 89' lang='lat' dir='ltr'><strong><em>minus</em></strong></span> <span class='ocrx_word' id='word_1_91' title='bbox 1862 991 1982 1040; x_wconf 91' lang='lat' dir='ltr'><strong><em>bene</em></strong></span> <span class='ocrx_word' id='word_1_92' title='bbox 2016 998 2247 1042; x_wconf 88' lang='lat' dir='ltr'><strong><em>sonantes</em></strong></span> 
     </span>
     <span class='ocr_line' id='line_1_9' title="bbox 0 1039 2245 1170; baseline -0 -44"><span class='ocrx_word' id='word_1_93' title='bbox 0 1039 374 1170; x_wconf 54' lang='grc' dir='ltr'><strong><em>ΕΜ,</em></strong></span> <span class='ocrx_word' id='word_1_94' title='bbox 411 1075 596 1136; x_wconf 79' lang='lat' dir='ltr'><strong><em>excepi</em></strong></span> <span class='ocrx_word' id='word_1_95' title='bbox 636 1087 909 1136; x_wconf 81' lang='lat' dir='ltr'><strong><em>earumque</em></strong></span> <span class='ocrx_word' id='word_1_96' title='bbox 952 1075 1238 1136; x_wconf 91' lang='lat' dir='ltr'><strong><em>exemplum</em></strong></span> <span class='ocrx_word' id='word_1_97' title='bbox 1283 1074 1357 1122; x_wconf 93' lang='lat' dir='ltr'><strong><em>ad</em></strong></span> <span class='ocrx_word' id='word_1_98' title='bbox 1396 1087 1474 1124; x_wconf 92' lang='lat' dir='ltr'><strong><em>me</em></strong></span> <span class='ocrx_word' id='word_1_99' title='bbox 1508 1076 1683 1124; x_wconf 89' lang='lat' dir='ltr'><strong><em>vestris</em></strong></span> <span class='ocrx_word' id='word_1_100' title='bbox 1715 1088 1828 1124; x_wconf 88' lang='lat' dir='ltr'><strong><em>cum</em></strong></span> <span class='ocrx_word' id='word_1_101' title='bbox 1864 1078 2040 1126; x_wconf 87' lang='lat' dir='ltr'><strong><em>litteris</em></strong></span> <span class='ocrx_word' id='word_1_102' title='bbox 2071 1082 2245 1126; x_wconf 88' lang='lat' dir='ltr'><strong><em>trans-</em></strong></span> 
     </span>
     <span class='ocr_line' id='line_1_10' title="bbox 0 1155 2356 1228; baseline 0.001 -18"><span class='ocrx_word' id='word_1_103' title='bbox 0 1163 37 1227; x_wconf 62' lang='grc' dir='ltr'><strong><em>ξ,</em></strong></span> <span class='ocrx_word' id='word_1_104' title='bbox 55 1204 58 1208; x_wconf 92' lang='grc'><em>.</em></span> <span class='ocrx_word' id='word_1_105' title='bbox 75 1160 297 1220; x_wconf 58' lang='lat' dir='ltr'><strong><em>dsistis,</em></strong></span> <span class='ocrx_word' id='word_1_106' title='bbox 322 1155 347 1228; x_wconf 79' lang='grc'><strong><em>11</em></strong></span> <span class='ocrx_word' id='word_1_107' title='bbox 369 1159 728 1222; x_wconf 78' lang='lat' dir='ltr'><strong><em>desyderantes</em></strong></span> <span class='ocrx_word' id='word_1_108' title='bbox 763 1164 819 1209; x_wconf 92' lang='lat' dir='ltr'><strong><em>ut</em></strong></span> <span class='ocrx_word' id='word_1_109' title='bbox 843 1164 963 1222; x_wconf 91' lang='lat' dir='ltr'><strong><em>post</em></strong></span> <span class='ocrx_word' id='word_1_110' title='bbox 998 1159 1389 1220; x_wconf 89' lang='lat' dir='ltr'><strong><em>declarationes,</em></strong></span> <span class='ocrx_word' id='word_1_111' title='bbox 1419 1161 1566 1221; x_wconf 87' lang='lat' dir='ltr'><strong><em>prius</em></strong></span> <span class='ocrx_word' id='word_1_112' title='bbox 1603 1174 1636 1208; x_wconf 93' lang='lat' dir='ltr'><strong><em>a</em></strong></span> <span class='ocrx_word' id='word_1_113' title='bbox 1673 1173 1750 1209; x_wconf 92' lang='lat' dir='ltr'><strong><em>me</em></strong></span> <span class='ocrx_word' id='word_1_114' title='bbox 1786 1162 1934 1210; x_wconf 90' lang='lat' dir='ltr'><strong><em>simul</em></strong></span> <span class='ocrx_word' id='word_1_115' title='bbox 1964 1175 2076 1212; x_wconf 88' lang='lat' dir='ltr'><strong><em>cum</em></strong></span> <span class='ocrx_word' id='word_1_116' title='bbox 2115 1176 2243 1212; x_wconf 89' lang='lat' dir='ltr'><strong><em>con-</em></strong></span> <span class='ocrx_word' id='word_1_117' title='bbox 2263 1172 2356 1226; x_wconf 55' lang='lat' dir='ltr'><strong><em>giij</em></strong></span> 
     </span>
     <span class='ocr_line' id='line_1_11' title="bbox 0 1228 2245 1309; baseline 0 -14"><span class='ocrx_word' id='word_1_118' title='bbox 0 1228 188 1298; x_wconf 55' lang='lat' dir='ltr'><strong><em>bai»</em></strong></span> <span class='ocrx_word' id='word_1_119' title='bbox 217 1257 327 1296; x_wconf 80' lang='lat' dir='ltr'><strong><em>meo</em></strong></span> <span class='ocrx_word' id='word_1_120' title='bbox 351 1245 517 1309; x_wconf 86' lang='lat' dir='ltr'><strong><em>editas</em></strong></span> <span class='ocrx_word' id='word_1_121' title='bbox 530 1282 543 1306; x_wconf 94' lang='lat'>‚</span> <span class='ocrx_word' id='word_1_122' title='bbox 590 1247 742 1295; x_wconf 88' lang='lat' dir='ltr'><strong><em>latius</em></strong></span> <span class='ocrx_word' id='word_1_123' title='bbox 783 1250 992 1295; x_wconf 86' lang='lat' dir='ltr'><strong><em>mentem</em></strong></span> <span class='ocrx_word' id='word_1_124' title='bbox 1037 1251 1198 1294; x_wconf 84' lang='lat' dir='ltr'><strong><em>meam</em></strong></span> <span class='ocrx_word' id='word_1_125' title='bbox 1236 1245 1505 1294; x_wconf 89' lang='lat' dir='ltr'><strong><em>revelando</em></strong></span> <span class='ocrx_word' id='word_1_126' title='bbox 1551 1250 1744 1295; x_wconf 87' lang='lat' dir='ltr'><strong><em>vestras</em></strong></span> <span class='ocrx_word' id='word_1_127' title='bbox 1777 1246 2133 1296; x_wconf 80' lang='lat' dir='ltr'><strong><em>dominationes</em></strong></span> <span class='ocrx_word' id='word_1_128' title='bbox 2160 1250 2245 1297; x_wconf 86' lang='lat' dir='ltr'><strong><em>in-</em></strong></span> 
     </span>
     <span class='ocr_line' id='line_1_12' title="bbox 0 1282 2246 1395; baseline 0 -14"><span class='ocrx_word' id='word_1_129' title='bbox 0 1282 40 1364; x_wconf 42' lang='lat'><em>?</em></span> <span class='ocrx_word' id='word_1_130' title='bbox 70 1329 310 1395; x_wconf 69' lang='lat' dir='ltr'><strong><em>tarnem,</em></strong></span> <span class='ocrx_word' id='word_1_131' title='bbox 354 1332 476 1394; x_wconf 79' lang='lat' dir='ltr'><strong><em>quia</em></strong></span> <span class='ocrx_word' id='word_1_132' title='bbox 521 1343 621 1380; x_wconf 89' lang='lat' dir='ltr'><strong><em>non</em></strong></span> <span class='ocrx_word' id='word_1_133' title='bbox 661 1332 785 1380; x_wconf 90' lang='lat' dir='ltr'><strong><em>satis</em></strong></span> <span class='ocrx_word' id='word_1_134' title='bbox 812 1344 916 1395; x_wconf 87' lang='lat' dir='ltr'><strong><em>pro</em></strong></span> <span class='ocrx_word' id='word_1_135' title='bbox 957 1331 1081 1391; x_wconf 80' lang='lat' dir='ltr'><strong><em>fidei</em></strong></span> <span class='ocrx_word' id='word_1_136' title='bbox 1122 1330 1220 1379; x_wconf 90' lang='lat' dir='ltr'><strong><em>mei</em></strong></span> <span class='ocrx_word' id='word_1_137' title='bbox 1262 1332 1564 1392; x_wconf 79' lang='lat' dir='ltr'><strong><em>synceritate</em></strong></span> <span class='ocrx_word' id='word_1_138' title='bbox 1615 1331 1910 1391; x_wconf 89' lang='lat' dir='ltr'><strong><em>(secundum</em></strong></span> <span class='ocrx_word' id='word_1_139' title='bbox 1949 1332 2084 1394; x_wconf 80' lang='lat' dir='ltr'><strong><em>quod</em></strong></span> <span class='ocrx_word' id='word_1_140' title='bbox 2116 1334 2246 1383; x_wconf 90' lang='lat' dir='ltr'><strong><em>vobis</em></strong></span> 
     </span>
     <span class='ocr_line' id='line_1_13' title="bbox 48 1414 2245 1489; baseline 0 -22"><span class='ocrx_word' id='word_1_141' title='bbox 48 1471 59 1473; x_wconf 10' lang='lat' dir='ltr'><strong>g</strong></span> <span class='ocrx_word' id='word_1_142' title='bbox 75 1417 232 1482; x_wconf 51' lang='lat' dir='ltr'><strong><em>mun</em></strong></span> <span class='ocrx_word' id='word_1_143' title='bbox 262 1418 351 1480; x_wconf 83' lang='lat' dir='ltr'><strong><em>sit)</em></strong></span> <span class='ocrx_word' id='word_1_144' title='bbox 388 1430 467 1467; x_wconf 88' lang='lat' dir='ltr'><strong><em>me</em></strong></span> <span class='ocrx_word' id='word_1_145' title='bbox 501 1418 895 1480; x_wconf 74' lang='lat' dir='ltr'><strong><em>expurqaverim</em></strong></span> <span class='ocrx_word' id='word_1_146' title='bbox 932 1416 1031 1489; x_wconf 85' lang='lat' dir='ltr'><strong><em>Ubi</em></strong></span> <span class='ocrx_word' id='word_1_147' title='bbox 1053 1414 1290 1479; x_wconf 84' lang='lat' dir='ltr'><strong><em>profecto</em></strong></span> <span class='ocrx_word' id='word_1_148' title='bbox 1325 1417 1485 1466; x_wconf 83' lang='lat' dir='ltr'><strong><em>latere</em></strong></span> <span class='ocrx_word' id='word_1_149' title='bbox 1530 1429 1630 1466; x_wconf 91' lang='lat' dir='ltr'><strong><em>non</em></strong></span> <span class='ocrx_word' id='word_1_150' title='bbox 1665 1421 1852 1479; x_wconf 87' lang='lat' dir='ltr'><strong><em>potest,</em></strong></span> <span class='ocrx_word' id='word_1_151' title='bbox 1895 1418 1986 1467; x_wconf 92' lang='lat' dir='ltr'><strong><em>sed</em></strong></span> <span class='ocrx_word' id='word_1_152' title='bbox 2029 1420 2245 1481; x_wconf 86' lang='lat' dir='ltr'><strong><em>seipsam</em></strong></span> 
     </span>
     <span class='ocr_line' id='line_1_14' title="bbox 37 1488 2246 1568; baseline 0 -15"><span class='ocrx_word' id='word_1_153' title='bbox 37 1498 228 1568; x_wconf 57' lang='lat' dir='ltr'><strong><em>filine</em></strong></span> <span class='ocrx_word' id='word_1_154' title='bbox 261 1503 474 1553; x_wconf 77' lang='lat' dir='ltr'><strong><em>ostendit</em></strong></span> <span class='ocrx_word' id='word_1_155' title='bbox 505 1504 681 1565; x_wconf 70' lang='lat' dir='ltr'><strong><em>inqens</em></strong></span> <span class='ocrx_word' id='word_1_156' title='bbox 714 1503 874 1552; x_wconf 90' lang='lat' dir='ltr'><strong><em>virtus</em></strong></span> <span class='ocrx_word' id='word_1_157' title='bbox 909 1488 1201 1552; x_wconf 78' lang='lat' dir='ltr'><strong><em>humititatis</em></strong></span> <span class='ocrx_word' id='word_1_158' title='bbox 1236 1506 1408 1563; x_wconf 83' lang='lat' dir='ltr'><strong><em>vestre,</em></strong></span> <span class='ocrx_word' id='word_1_159' title='bbox 1448 1503 1536 1564; x_wconf 83' lang='lat' dir='ltr'><strong><em>qui</em></strong></span> <span class='ocrx_word' id='word_1_160' title='bbox 1565 1506 1622 1551; x_wconf 91' lang='lat' dir='ltr'><strong><em>ut</em></strong></span> <span class='ocrx_word' id='word_1_161' title='bbox 1642 1505 1904 1552; x_wconf 86' lang='lat' dir='ltr'><strong><em>unanimes</em></strong></span> <span class='ocrx_word' id='word_1_162' title='bbox 1928 1504 2060 1553; x_wconf 89' lang='lat' dir='ltr'><strong><em>idem</em></strong></span> <span class='ocrx_word' id='word_1_163' title='bbox 2085 1506 2246 1567; x_wconf 89' lang='lat' dir='ltr'><strong><em>ipsum</em></strong></span> 
     </span>
     <span class='ocr_line' id='line_1_15' title="bbox 53 1578 2248 1652; baseline 0 -13"><span class='ocrx_word' id='word_1_164' title='bbox 53 1588 356 1650; x_wconf 54' lang='lat' dir='ltr'><strong><em>sendimus,</em></strong></span> <span class='ocrx_word' id='word_1_165' title='bbox 392 1587 522 1638; x_wconf 77' lang='lat' dir='ltr'><strong><em>nihil</em></strong></span> <span class='ocrx_word' id='word_1_166' title='bbox 543 1578 646 1651; x_wconf 78' lang='lat' dir='ltr'><strong><em>per</em></strong></span> <span class='ocrx_word' id='word_1_167' title='bbox 679 1589 1051 1649; x_wconf 86' lang='lat' dir='ltr'><strong><em>contentionem,</em></strong></span> <span class='ocrx_word' id='word_1_168' title='bbox 1090 1600 1249 1649; x_wconf 81' lang='lat' dir='ltr'><strong><em>neque</em></strong></span> <span class='ocrx_word' id='word_1_169' title='bbox 1276 1601 1374 1649; x_wconf 89' lang='lat' dir='ltr'><strong><em>per</em></strong></span> <span class='ocrx_word' id='word_1_170' title='bbox 1412 1589 1613 1637; x_wconf 89' lang='lat' dir='ltr'><strong><em>inanem</em></strong></span> <span class='ocrx_word' id='word_1_171' title='bbox 1643 1590 1862 1650; x_wconf 68' lang='lat' dir='ltr'><strong><em>¹oloriam</em></strong></span> <span class='ocrx_word' id='word_1_172' title='bbox 1899 1590 1951 1638; x_wconf 90' lang='lat' dir='ltr'><strong><em>in</em></strong></span> <span class='ocrx_word' id='word_1_173' title='bbox 1985 1603 2105 1639; x_wconf 88' lang='lat' dir='ltr'><strong><em>vera</em></strong></span> <span class='ocrx_word' id='word_1_174' title='bbox 2131 1591 2248 1652; x_wconf 81' lang='lat' dir='ltr'><strong><em>qui—</em></strong></span> 
     </span>
     <span class='ocr_line' id='line_1_16' title="bbox 26 1672 2245 1746; baseline 0 -22"><span class='ocrx_word' id='word_1_175' title='bbox 26 1735 31 1746; x_wconf 38' lang='lat'><em>·</em></span> <span class='ocrx_word' id='word_1_176' title='bbox 76 1672 191 1724; x_wconf 70' lang='lat' dir='ltr'><strong><em>dem</em></strong></span> <span class='ocrx_word' id='word_1_177' title='bbox 224 1673 516 1724; x_wconf 48' lang='lat' dir='ltr'><strong><em>lumitate*</em></strong></span> <span class='ocrx_word' id='word_1_178' title='bbox 536 1687 571 1722; x_wconf 90' lang='lat' dir='ltr'><strong><em>a</em></strong></span> <span class='ocrx_word' id='word_1_179' title='bbox 607 1687 685 1723; x_wconf 92' lang='lat' dir='ltr'><strong><em>me</em></strong></span> <span class='ocrx_word' id='word_1_180' title='bbox 717 1675 920 1737; x_wconf 87' lang='lat' dir='ltr'><strong><em>poscitis</em></strong></span> <span class='ocrx_word' id='word_1_181' title='bbox 951 1675 1236 1725; x_wconf 83' lang='lat' dir='ltr'><strong><em>ulteriorem</em></strong></span> <span class='ocrx_word' id='word_1_182' title='bbox 1274 1673 1665 1724; x_wconf 88' lang='lat' dir='ltr'><strong><em>declarationem</em></strong></span> <span class='ocrx_word' id='word_1_183' title='bbox 1701 1675 1803 1724; x_wconf 89' lang='lat' dir='ltr'><strong><em>sive</em></strong></span> <span class='ocrx_word' id='word_1_184' title='bbox 1826 1674 2245 1735; x_wconf 83' lang='lat' dir='ltr'><strong><em>informationem,</em></strong></span> 
     </span>
     <span class='ocr_line' id='line_1_17' title="bbox 72 1759 2251 1823; baseline -0 -12"><span class='ocrx_word' id='word_1_185' title='bbox 72 1764 129 1811; x_wconf 67' lang='lat' dir='ltr'><strong><em>nt</em></strong></span> <span class='ocrx_word' id='word_1_186' title='bbox 157 1760 318 1820; x_wconf 77' lang='lat' dir='ltr'><strong><em>littere</em></strong></span> <span class='ocrx_word' id='word_1_187' title='bbox 351 1763 512 1821; x_wconf 79' lang='lat' dir='ltr'><strong><em>vestre</em></strong></span> <span class='ocrx_word' id='word_1_188' title='bbox 551 1765 746 1809; x_wconf 85' lang='lat' dir='ltr'><strong><em>sonant.</em></strong></span> <span class='ocrx_word' id='word_1_189' title='bbox 821 1759 930 1822; x_wconf 71' lang='lat' dir='ltr'><strong><em>qu</em></strong></span> <span class='ocrx_word' id='word_1_190' title='bbox 967 1773 1083 1810; x_wconf 91' lang='lat' dir='ltr'><strong><em>vero</em></strong></span> <span class='ocrx_word' id='word_1_191' title='bbox 1119 1771 1392 1820; x_wconf 71' lang='lat' dir='ltr'><strong><em>aynoscens</em></strong></span> <span class='ocrx_word' id='word_1_192' title='bbox 1427 1761 1620 1822; x_wconf 68' lang='lat' dir='ltr'><strong><em>inqenii</em></strong></span> <span class='ocrx_word' id='word_1_193' title='bbox 1651 1762 1750 1810; x_wconf 88' lang='lat' dir='ltr'><strong><em>mei</em></strong></span> <span class='ocrx_word' id='word_1_194' title='bbox 1782 1762 2084 1823; x_wconf 81' lang='lat' dir='ltr'><strong><em>tenuitatem,</em></strong></span> <span class='ocrx_word' id='word_1_195' title='bbox 2115 1762 2251 1823; x_wconf 82' lang='lat' dir='ltr'><strong><em>quod</em></strong></span> 
     </span>
     <span class='ocr_line' id='line_1_18' title="bbox 70 1843 2246 1910; baseline 0 -14"><span class='ocrx_word' id='word_1_196' title='bbox 70 1845 227 1896; x_wconf 67' lang='lat' dir='ltr'><strong><em>mutio</em></strong></span> <span class='ocrx_word' id='word_1_197' title='bbox 256 1858 411 1908; x_wconf 76' lang='lat' dir='ltr'><strong><em>quam</em></strong></span> <span class='ocrx_word' id='word_1_198' title='bbox 445 1846 509 1895; x_wconf 88' lang='lat' dir='ltr'><strong><em>sit</em></strong></span> <span class='ocrx_word' id='word_1_199' title='bbox 542 1847 782 1908; x_wconf 74' lang='lat' dir='ltr'><strong><em>exiquum</em></strong></span> <span class='ocrx_word' id='word_1_200' title='bbox 797 1885 809 1907; x_wconf 94' lang='lat'><strong><em>,</em></strong></span> <span class='ocrx_word' id='word_1_201' title='bbox 836 1847 1114 1910; x_wconf 31' lang='lat' dir='ltr'><strong><em>&#39;explicare</em></strong></span> <span class='ocrx_word' id='word_1_202' title='bbox 1150 1843 1448 1907; x_wconf 64' lang='lat' dir='ltr'><strong><em>theologicas</em></strong></span> <span class='ocrx_word' id='word_1_203' title='bbox 1484 1846 1799 1907; x_wconf 84' lang='lat' dir='ltr'><strong><em>subtilitates,</em></strong></span> <span class='ocrx_word' id='word_1_204' title='bbox 1847 1847 1972 1897; x_wconf 79' lang='lat' dir='ltr'><strong><em>mihi</em></strong></span> <span class='ocrx_word' id='word_1_205' title='bbox 2005 1851 2246 1909; x_wconf 83' lang='lat' dir='ltr'><strong><em>tanquam</em></strong></span> 
     </span>
    </p>
   </div>
   <div class='ocr_carea' id='block_1_5' title="bbox 0 1362 67 1890">
    <p class='ocr_par' dir='ltr' id='par_1_5' title="bbox 0 1362 67 1890">
     <span class='ocr_line' id='line_1_19' title="bbox 0 1362 67 1890; baseline 0 0"><span class='ocrx_word' id='word_1_206' title='bbox 0 1362 67 1890; x_wconf 95' lang='lat' dir='ltr'><strong><em>      </em></strong></span> 
     </span>
    </p>
   </div>
   <div class='ocr_carea' id='block_1_6' title="bbox 0 1891 19 1949">
    <p class='ocr_par' dir='ltr' id='par_1_6' title="bbox 0 1891 19 1949">
     <span class='ocr_line' id='line_1_20' title="bbox 0 1891 19 1949; baseline 0 0"><span class='ocrx_word' id='word_1_207' title='bbox 0 1891 19 1949; x_wconf 69' lang='lat' dir='ltr'><strong><em>t</em></strong></span> 
     </span>
    </p>
   </div>
   <div class='ocr_carea' id='block_1_7' title="bbox 0 1931 2248 2016">
    <p class='ocr_par' dir='ltr' id='par_1_7' title="bbox 0 1931 2248 2016">
     <span class='ocr_line' id='line_1_21' title="bbox 0 1931 2248 2016; baseline 0.001 -35"><span class='ocrx_word' id='word_1_208' title='bbox 0 1957 20 2016; x_wconf 36' lang='grc' dir='ltr'>μ</span> <span class='ocrx_word' id='word_1_209' title='bbox 70 1931 203 1981; x_wconf 74' lang='lat' dir='ltr'><strong><em>laico</em></strong></span> <span class='ocrx_word' id='word_1_210' title='bbox 235 1937 285 1981; x_wconf 83' lang='lat' dir='ltr'><strong><em>et</em></strong></span> <span class='ocrx_word' id='word_1_211' title='bbox 318 1931 518 1994; x_wconf 77' lang='lat' dir='ltr'><strong><em>quidem</em></strong></span> <span class='ocrx_word' id='word_1_212' title='bbox 554 1931 757 1993; x_wconf 71' lang='lat' dir='ltr'><strong><em>diqamo</em></strong></span> <span class='ocrx_word' id='word_1_213' title='bbox 800 1936 982 1982; x_wconf 91' lang='lat' dir='ltr'><strong><em>temere</em></strong></span> <span class='ocrx_word' id='word_1_214' title='bbox 1027 1945 1126 1981; x_wconf 90' lang='lat' dir='ltr'><strong><em>non</em></strong></span> <span class='ocrx_word' id='word_1_215' title='bbox 1167 1943 1478 1992; x_wconf 68' lang='lat' dir='ltr'><strong><em>arroqavero</em></strong></span> <span class='ocrx_word' id='word_1_216' title='bbox 1518 1931 1613 1981; x_wconf 87' lang='lat' dir='ltr'><strong><em>Cui</em></strong></span> <span class='ocrx_word' id='word_1_217' title='bbox 1653 1933 2015 1995; x_wconf 75' lang='lat' dir='ltr'><strong><em>explicationes</em></strong></span> <span class='ocrx_word' id='word_1_218' title='bbox 2044 1933 2171 1993; x_wconf 80' lang='lat' dir='ltr'><strong><em>fidei</em></strong></span> <span class='ocrx_word' id='word_1_219' title='bbox 2199 1939 2248 1983; x_wconf 89' lang='lat' dir='ltr'><strong><em>et</em></strong></span> 
     </span>
    </p>
   </div>
   <div class='ocr_carea' id='block_1_8' title="bbox 69 2101 2244 2254">
    <p class='ocr_par' dir='ltr' id='par_1_8' title="bbox 69 2101 2244 2254">
     <span class='ocr_line' id='line_1_22' title="bbox 73 2101 2244 2166; baseline 0.001 -14"><span class='ocrx_word' id='word_1_220' title='bbox 73 2114 267 2152; x_wconf 87' lang='lat' dir='ltr'><strong><em>omnem</em></strong></span> <span class='ocrx_word' id='word_1_221' title='bbox 301 2101 588 2152; x_wconf 76' lang='lat' dir='ltr'><strong><em>huiusmodi</em></strong></span> <span class='ocrx_word' id='word_1_222' title='bbox 619 2103 855 2153; x_wconf 80' lang='lat' dir='ltr'><strong><em>honorem</em></strong></span> <span class='ocrx_word' id='word_1_223' title='bbox 900 2105 1308 2166; x_wconf 79' lang='lat' dir='ltr'><strong><em>excellentissime</em></strong></span> <span class='ocrx_word' id='word_1_224' title='bbox 1342 2103 1583 2165; x_wconf 85' lang='lat' dir='ltr'><strong><em>facultati</em></strong></span> <span class='ocrx_word' id='word_1_225' title='bbox 1629 2108 1809 2164; x_wconf 84' lang='lat' dir='ltr'><strong><em>vestre,</em></strong></span> <span class='ocrx_word' id='word_1_226' title='bbox 1853 2109 2072 2166; x_wconf 87' lang='lat' dir='ltr'><strong><em>paratus</em></strong></span> <span class='ocrx_word' id='word_1_227' title='bbox 2110 2118 2244 2154; x_wconf 90' lang='lat' dir='ltr'><strong><em>nunc</em></strong></span> 
     </span>
     <span class='ocr_line' id='line_1_23' title="bbox 69 2188 2243 2254; baseline 0 -16"><span class='ocrx_word' id='word_1_228' title='bbox 69 2192 123 2238; x_wconf 78' lang='lat' dir='ltr'><strong><em>et</em></strong></span> <span class='ocrx_word' id='word_1_229' title='bbox 153 2199 352 2252; x_wconf 82' lang='lat' dir='ltr'><strong><em>semper</em></strong></span> <span class='ocrx_word' id='word_1_230' title='bbox 384 2188 678 2251; x_wconf 74' lang='lat' dir='ltr'><strong><em>ubi&#39;cumque</em></strong></span> <span class='ocrx_word' id='word_1_231' title='bbox 713 2190 991 2239; x_wconf 88' lang='lat' dir='ltr'><strong><em>erraverim</em></strong></span> <span class='ocrx_word' id='word_1_232' title='bbox 1026 2189 1235 2252; x_wconf 72' lang='lat' dir='ltr'><strong><em>beniqne</em></strong></span> <span class='ocrx_word' id='word_1_233' title='bbox 1262 2191 1432 2254; x_wconf 89' lang='lat' dir='ltr'><strong><em>potius</em></strong></span> <span class='ocrx_word' id='word_1_234' title='bbox 1478 2189 1671 2251; x_wconf 64' lang='lat' dir='ltr'><strong><em>corripi</em></strong></span> <span class='ocrx_word' id='word_1_235' title='bbox 1715 2190 1767 2238; x_wconf 89' lang='lat' dir='ltr'><strong><em>in</em></strong></span> <span class='ocrx_word' id='word_1_236' title='bbox 1814 2190 2162 2240; x_wconf 87' lang='lat' dir='ltr'><strong><em>misericordia</em></strong></span> <span class='ocrx_word' id='word_1_237' title='bbox 2210 2205 2243 2239; x_wconf 89' lang='lat' dir='ltr'><strong><em>a</em></strong></span> 
     </span>
    </p>
   </div>
   <div class='ocr_carea' id='block_1_9' title="bbox 0 2016 2245 2339">
    <p class='ocr_par' dir='ltr' id='par_1_9' title="bbox 0 2016 2245 2339">
     <span class='ocr_line' id='line_1_24' title="bbox 0 2016 2245 2295; baseline 0.001 -229"><span class='ocrx_word' id='word_1_238' title='bbox 0 2016 356 2295; x_wconf 33' lang='lat' dir='ltr'><strong><em>*mulares</em></strong></span> <span class='ocrx_word' id='word_1_239' title='bbox 389 2017 498 2067; x_wconf 89' lang='lat' dir='ltr'><strong><em>eius</em></strong></span> <span class='ocrx_word' id='word_1_240' title='bbox 531 2017 805 2067; x_wconf 88' lang='lat' dir='ltr'><strong><em>decisiones</em></strong></span> <span class='ocrx_word' id='word_1_241' title='bbox 835 2022 971 2068; x_wconf 90' lang='lat' dir='ltr'><strong><em>recte</em></strong></span> <span class='ocrx_word' id='word_1_242' title='bbox 1001 2016 1167 2067; x_wconf 84' lang='lat' dir='ltr'><strong><em>licebit</em></strong></span> <span class='ocrx_word' id='word_1_243' title='bbox 1200 2022 1306 2071; x_wconf 89' lang='lat' dir='ltr'><strong><em>sine</em></strong></span> <span class='ocrx_word' id='word_1_244' title='bbox 1336 2020 1488 2081; x_wconf 89' lang='lat' dir='ltr'><strong><em>culpa</em></strong></span> <span class='ocrx_word' id='word_1_245' title='bbox 1526 2018 1781 2079; x_wconf 69' lang='lat' dir='ltr'><strong><em>iynorare.</em></strong></span> <span class='ocrx_word' id='word_1_246' title='bbox 1856 2017 2045 2079; x_wconf 85' lang='lat' dir='ltr'><strong><em>Defero</em></strong></span> <span class='ocrx_word' id='word_1_247' title='bbox 2082 2023 2245 2068; x_wconf 91' lang='lat' dir='ltr'><strong><em>autem</em></strong></span> 
     </span>
     <span class='ocr_line' id='line_1_25' title="bbox 70 2264 1826 2339; baseline -0.001 -15"><span class='ocrx_word' id='word_1_248' title='bbox 70 2271 200 2324; x_wconf 72' lang='lat' dir='ltr'><strong><em>iusto</em></strong></span> <span class='ocrx_word' id='word_1_249' title='bbox 223 2264 380 2336; x_wconf 66' lang='lat' dir='ltr'><strong><em>⁴quam</em></strong></span> <span class='ocrx_word' id='word_1_250' title='bbox 416 2278 472 2324; x_wconf 92' lang='lat' dir='ltr'><strong><em>ut</em></strong></span> <span class='ocrx_word' id='word_1_251' title='bbox 498 2278 654 2338; x_wconf 88' lang='lat' dir='ltr'><strong><em>caput</em></strong></span> <span class='ocrx_word' id='word_1_252' title='bbox 688 2287 850 2325; x_wconf 90' lang='lat' dir='ltr'><strong><em>meum</em></strong></span> <span class='ocrx_word' id='word_1_253' title='bbox 883 2275 1160 2338; x_wconf 72' lang='lat' dir='ltr'><strong><em>impinquet</em></strong></span> <span class='ocrx_word' id='word_1_254' title='bbox 1189 2279 1349 2327; x_wconf 89' lang='lat' dir='ltr'><strong><em>oleum</em></strong></span> <span class='ocrx_word' id='word_1_255' title='bbox 1379 2275 1663 2339; x_wconf 87' lang='lat' dir='ltr'><strong><em>peccatoris</em></strong></span> <span class='ocrx_word' id='word_1_256' title='bbox 1703 2279 1766 2324; x_wconf 79' lang='grc' dir='ltr'><strong><em>,εί</em></strong></span> <span class='ocrx_word' id='word_1_257' title='bbox 1781 2288 1826 2324; x_wconf 93' lang='lat' dir='ltr'><strong><em>c.</em></strong></span> 
     </span>
    </p>
   </div>
   <div class='ocr_carea' id='block_1_10' title="bbox 2 2372 2243 2812">
    <p class='ocr_par' dir='ltr' id='par_1_10' title="bbox 2 2372 2243 2713">
     <span class='ocr_line' id='line_1_26' title="bbox 2 2372 2242 2475; baseline 0 -22"><span class='ocrx_word' id='word_1_258' title='bbox 2 2372 35 2475; x_wconf 45' lang='grc' dir='ltr'><strong><em>ἐξ</em></strong></span> <span class='ocrx_word' id='word_1_259' title='bbox 210 2401 321 2464; x_wconf 78' lang='lat' dir='ltr'><strong><em>Hec</em></strong></span> <span class='ocrx_word' id='word_1_260' title='bbox 362 2403 462 2453; x_wconf 85' lang='lat' dir='ltr'><strong><em>ille.</em></strong></span> <span class='ocrx_word' id='word_1_261' title='bbox 534 2402 623 2452; x_wconf 88' lang='lat' dir='ltr'><strong><em>Ex</em></strong></span> <span class='ocrx_word' id='word_1_262' title='bbox 671 2404 777 2453; x_wconf 87' lang='lat' dir='ltr'><strong><em>istis</em></strong></span> <span class='ocrx_word' id='word_1_263' title='bbox 820 2403 982 2453; x_wconf 89' lang='lat' dir='ltr'><strong><em>verbis</em></strong></span> <span class='ocrx_word' id='word_1_264' title='bbox 1028 2404 1339 2465; x_wconf 76' lang='lat' dir='ltr'><strong><em>(charissimi</em></strong></span> <span class='ocrx_word' id='word_1_265' title='bbox 1379 2405 1499 2467; x_wconf 89' lang='lat' dir='ltr'><strong><em>mei)</em></strong></span> <span class='ocrx_word' id='word_1_266' title='bbox 1544 2404 1666 2453; x_wconf 88' lang='lat' dir='ltr'><strong><em>satis</em></strong></span> <span class='ocrx_word' id='word_1_267' title='bbox 1710 2407 1849 2466; x_wconf 92' lang='lat' dir='ltr'><strong><em>patet</em></strong></span> <span class='ocrx_word' id='word_1_268' title='bbox 1893 2403 2242 2454; x_wconf 86' lang='lat' dir='ltr'><strong><em>adversarium</em></strong></span> 
     </span>
     <span class='ocr_line' id='line_1_27' title="bbox 11 2486 2243 2578; baseline -0.001 -37"><span class='ocrx_word' id='word_1_269' title='bbox 11 2486 43 2578; x_wconf 45' lang='grc' dir='ltr'><strong><em>(ζ</em></strong></span> <span class='ocrx_word' id='word_1_270' title='bbox 71 2491 293 2541; x_wconf 67' lang='lat' dir='ltr'><strong><em>mum</em></strong></span> <span class='ocrx_word' id='word_1_271' title='bbox 323 2501 439 2539; x_wconf 86' lang='lat' dir='ltr'><strong><em>suos</em></strong></span> <span class='ocrx_word' id='word_1_272' title='bbox 472 2502 674 2539; x_wconf 87' lang='lat' dir='ltr'><strong><em>errores</em></strong></span> <span class='ocrx_word' id='word_1_273' title='bbox 709 2502 743 2538; x_wconf 92' lang='lat' dir='ltr'><strong><em>a</em></strong></span> <span class='ocrx_word' id='word_1_274' title='bbox 772 2491 953 2539; x_wconf 88' lang='lat' dir='ltr'><strong><em>nostris</em></strong></span> <span class='ocrx_word' id='word_1_275' title='bbox 988 2492 1259 2553; x_wconf 88' lang='lat' dir='ltr'><strong><em>recepisse,</em></strong></span> <span class='ocrx_word' id='word_1_276' title='bbox 1307 2495 1358 2540; x_wconf 90' lang='lat' dir='ltr'><strong><em>et</em></strong></span> <span class='ocrx_word' id='word_1_277' title='bbox 1388 2490 1448 2539; x_wconf 95' lang='lat' dir='ltr'><strong><em>ob</em></strong></span> <span class='ocrx_word' id='word_1_278' title='bbox 1478 2489 1695 2552; x_wconf 87' lang='lat' dir='ltr'><strong><em>idipsum</em></strong></span> <span class='ocrx_word' id='word_1_279' title='bbox 1729 2488 2098 2538; x_wconf 73' lang='lat' dir='ltr'><strong><em>Reuclilinistas</em></strong></span> <span class='ocrx_word' id='word_1_280' title='bbox 2125 2491 2243 2552; x_wconf 88' lang='lat' dir='ltr'><strong><em>ple-</em></strong></span> 
     </span>
     <span class='ocr_line' id='line_1_28' title="bbox 5 2573 2243 2656; baseline -0 -31"><span class='ocrx_word' id='word_1_281' title='bbox 5 2582 254 2656; x_wconf 48' lang='lat' dir='ltr'><strong><em>quue</em></strong></span> <span class='ocrx_word' id='word_1_282' title='bbox 288 2575 342 2625; x_wconf 89' lang='lat' dir='ltr'><strong><em>in</em></strong></span> <span class='ocrx_word' id='word_1_283' title='bbox 377 2573 514 2624; x_wconf 75' lang='lat' dir='ltr'><strong><em>nunc</em></strong></span> <span class='ocrx_word' id='word_1_284' title='bbox 547 2588 705 2637; x_wconf 82' lang='lat' dir='ltr'><strong><em>usque</em></strong></span> <span class='ocrx_word' id='word_1_285' title='bbox 740 2575 871 2625; x_wconf 87' lang='lat' dir='ltr'><strong><em>diem</em></strong></span> <span class='ocrx_word' id='word_1_286' title='bbox 905 2578 1029 2626; x_wconf 89' lang='lat' dir='ltr'><strong><em>satis</em></strong></span> <span class='ocrx_word' id='word_1_287' title='bbox 1063 2578 1242 2626; x_wconf 90' lang='lat' dir='ltr'><strong><em>misere</em></strong></span> <span class='ocrx_word' id='word_1_288' title='bbox 1274 2590 1370 2640; x_wconf 90' lang='lat' dir='ltr'><strong><em>per</em></strong></span> <span class='ocrx_word' id='word_1_289' title='bbox 1405 2575 1549 2626; x_wconf 90' lang='lat' dir='ltr'><strong><em>devia</em></strong></span> <span class='ocrx_word' id='word_1_290' title='bbox 1586 2582 1635 2624; x_wconf 92' lang='lat' dir='ltr'><strong><em>et</em></strong></span> <span class='ocrx_word' id='word_1_291' title='bbox 1671 2576 1884 2625; x_wconf 90' lang='lat' dir='ltr'><strong><em>scienter</em></strong></span> <span class='ocrx_word' id='word_1_292' title='bbox 1929 2575 2064 2636; x_wconf 81' lang='lat' dir='ltr'><strong><em>quod</em></strong></span> <span class='ocrx_word' id='word_1_293' title='bbox 2095 2577 2243 2638; x_wconf 88' lang='lat' dir='ltr'><strong><em>peius</em></strong></span> 
     </span>
     <span class='ocr_line' id='line_1_29' title="bbox 11 2659 449 2713; baseline -0.007 0"><span class='ocrx_word' id='word_1_294' title='bbox 11 2683 50 2712; x_wconf 59' lang='grc' dir='ltr'><strong><em>τ·</em></strong></span> <span class='ocrx_word' id='word_1_295' title='bbox 71 2665 148 2713; x_wconf 67' lang='lat' dir='ltr'><strong><em>eu</em></strong></span> <span class='ocrx_word' id='word_1_296' title='bbox 168 2659 449 2713; x_wconf 82' lang='lat' dir='ltr'><strong><em>aberrasse.</em></strong></span> 
     </span>
    </p>

    <p class='ocr_par' dir='ltr' id='par_1_11' title="bbox 937 2761 1360 2812">
     <span class='ocr_line' id='line_1_30' title="bbox 937 2761 1360 2812; baseline -0.002 0"><span class='ocrx_word' id='word_1_297' title='bbox 937 2761 1090 2812; x_wconf 89' lang='lat' dir='ltr'><strong><em>Nota</em></strong></span> <span class='ocrx_word' id='word_1_298' title='bbox 1133 2761 1360 2812; x_wconf 88' lang='lat' dir='ltr'><strong><em>Tertio.</em></strong></span> 
     </span>
    </p>
   </div>
   <div class='ocr_carea' id='block_1_11' title="bbox 28 2873 2246 3628">
    <p class='ocr_par' dir='ltr' id='par_1_12' title="bbox 213 2873 2245 2939">
     <span class='ocr_line' id='line_1_31' title="bbox 213 2873 2245 2939; baseline -0 -14"><span class='ocrx_word' id='word_1_299' title='bbox 213 2873 258 2925; x_wconf 71' lang='grc' dir='ltr'>ί</span> <span class='ocrx_word' id='word_1_300' title='bbox 300 2874 388 2926; x_wconf 83' lang='lat' dir='ltr'><strong><em>Ex</em></strong></span> <span class='ocrx_word' id='word_1_301' title='bbox 431 2875 592 2926; x_wconf 87' lang='lat' dir='ltr'><strong><em>verbis</em></strong></span> <span class='ocrx_word' id='word_1_302' title='bbox 634 2874 1017 2939; x_wconf 85' lang='lat' dir='ltr'><strong><em>precedentibus</em></strong></span> <span class='ocrx_word' id='word_1_303' title='bbox 1052 2876 1263 2927; x_wconf 91' lang='lat' dir='ltr'><strong><em>Ioannis</em></strong></span> <span class='ocrx_word' id='word_1_304' title='bbox 1293 2874 1540 2926; x_wconf 81' lang='lat' dir='ltr'><strong><em>Reuchlin</em></strong></span> <span class='ocrx_word' id='word_1_305' title='bbox 1588 2877 1742 2924; x_wconf 88' lang='lat' dir='ltr'><strong><em>multa</em></strong></span> <span class='ocrx_word' id='word_1_306' title='bbox 1787 2875 1936 2925; x_wconf 92' lang='lat' dir='ltr'><strong><em>etiam</em></strong></span> <span class='ocrx_word' id='word_1_307' title='bbox 1972 2880 2144 2938; x_wconf 86' lang='lat' dir='ltr'><strong><em>preter</em></strong></span> <span class='ocrx_word' id='word_1_308' title='bbox 2189 2875 2245 2924; x_wconf 88' lang='lat' dir='ltr'><strong><em>id</em></strong></span> 
     </span>
    </p>

    <p class='ocr_par' dir='ltr' id='par_1_13' title="bbox 28 2954 2246 3538">
     <span class='ocr_line' id='line_1_32' title="bbox 39 2954 2241 3026; baseline -0.003 -9"><span class='ocrx_word' id='word_1_309' title='bbox 39 3015 41 3017; x_wconf 83' lang='lat'><strong><em>.</em></strong></span> <span class='ocrx_word' id='word_1_310' title='bbox 74 2954 209 3024; x_wconf 69' lang='lat' dir='ltr'><strong><em>q&#39;uod</em></strong></span> <span class='ocrx_word' id='word_1_311' title='bbox 238 2962 373 3013; x_wconf 84' lang='lat' dir='ltr'><strong><em>volui</em></strong></span> <span class='ocrx_word' id='word_1_312' title='bbox 399 2962 803 3012; x_wconf 87' lang='lat' dir='ltr'><strong><em>considerantur.</em></strong></span> <span class='ocrx_word' id='word_1_313' title='bbox 879 2962 1050 3013; x_wconf 88' lang='lat' dir='ltr'><strong><em>Primo</em></strong></span> <span class='ocrx_word' id='word_1_314' title='bbox 1091 2963 1227 3026; x_wconf 81' lang='lat' dir='ltr'><strong><em>quod</em></strong></span> <span class='ocrx_word' id='word_1_315' title='bbox 1259 2961 1459 3024; x_wconf 84' lang='lat' dir='ltr'><strong><em>fatetur</em></strong></span> <span class='ocrx_word' id='word_1_316' title='bbox 1496 2962 1753 3011; x_wconf 88' lang='lat' dir='ltr'><strong><em>consilium</em></strong></span> <span class='ocrx_word' id='word_1_317' title='bbox 1799 2973 1943 3010; x_wconf 90' lang='lat' dir='ltr'><strong><em>suum</em></strong></span> <span class='ocrx_word' id='word_1_318' title='bbox 1986 2975 2090 3010; x_wconf 90' lang='lat' dir='ltr'><strong><em>una</em></strong></span> <span class='ocrx_word' id='word_1_319' title='bbox 2129 2975 2241 3010; x_wconf 85' lang='lat' dir='ltr'><strong><em>cum</em></strong></span> 
     </span>
     <span class='ocr_line' id='line_1_33' title="bbox 72 3040 2246 3112; baseline -0.002 -13"><span class='ocrx_word' id='word_1_320' title='bbox 72 3040 497 3099; x_wconf 64' lang='lat' dir='ltr'><strong><em>declarationibus</em></strong></span> <span class='ocrx_word' id='word_1_321' title='bbox 539 3048 621 3109; x_wconf 85' lang='lat' dir='ltr'><strong><em>(ut</em></strong></span> <span class='ocrx_word' id='word_1_322' title='bbox 659 3061 821 3111; x_wconf 88' lang='lat' dir='ltr'><strong><em>supra</em></strong></span> <span class='ocrx_word' id='word_1_323' title='bbox 862 3048 1048 3099; x_wconf 88' lang='lat' dir='ltr'><strong><em>dictum</em></strong></span> <span class='ocrx_word' id='word_1_324' title='bbox 1094 3053 1190 3112; x_wconf 87' lang='lat' dir='ltr'><strong><em>est)</em></strong></span> <span class='ocrx_word' id='word_1_325' title='bbox 1244 3050 1296 3098; x_wconf 87' lang='lat' dir='ltr'><strong><em>in</em></strong></span> <span class='ocrx_word' id='word_1_326' title='bbox 1340 3051 1498 3098; x_wconf 88' lang='lat' dir='ltr'><strong><em>lucem</em></strong></span> <span class='ocrx_word' id='word_1_327' title='bbox 1544 3047 1748 3096; x_wconf 89' lang='lat' dir='ltr'><strong><em>venisse.</em></strong></span> <span class='ocrx_word' id='word_1_328' title='bbox 1827 3045 2058 3095; x_wconf 84' lang='lat' dir='ltr'><strong><em>Secundo</em></strong></span> <span class='ocrx_word' id='word_1_329' title='bbox 2110 3046 2246 3108; x_wconf 84' lang='lat' dir='ltr'><strong><em>quod</em></strong></span> 
     </span>
     <span class='ocr_line' id='line_1_34' title="bbox 36 3117 2242 3206; baseline -0.001 -22"><span class='ocrx_word' id='word_1_330' title='bbox 36 3117 219 3206; x_wconf 59' lang='lat' dir='ltr'><em>W</em></span> <span class='ocrx_word' id='word_1_331' title='bbox 251 3134 448 3198; x_wconf 82' lang='lat' dir='ltr'><strong><em>accepit</em></strong></span> <span class='ocrx_word' id='word_1_332' title='bbox 476 3134 667 3196; x_wconf 90' lang='lat' dir='ltr'><strong><em>anim0,</em></strong></span> <span class='ocrx_word' id='word_1_333' title='bbox 714 3135 898 3184; x_wconf 89' lang='lat' dir='ltr'><strong><em>nostris</em></strong></span> <span class='ocrx_word' id='word_1_334' title='bbox 935 3136 1018 3196; x_wconf 76' lang='lat' dir='ltr'><strong><em>(ut</em></strong></span> <span class='ocrx_word' id='word_1_335' title='bbox 1052 3136 1152 3199; x_wconf 86' lang='lat' dir='ltr'><strong><em>ipsi</em></strong></span> <span class='ocrx_word' id='word_1_336' title='bbox 1179 3136 1515 3198; x_wconf 84' lang='lat' dir='ltr'><strong><em>scripserunt)</em></strong></span> <span class='ocrx_word' id='word_1_337' title='bbox 1552 3146 1604 3182; x_wconf 93' lang='lat' dir='ltr'><strong><em>se</em></strong></span> <span class='ocrx_word' id='word_1_338' title='bbox 1639 3134 1802 3181; x_wconf 90' lang='lat' dir='ltr'><strong><em>minus</em></strong></span> <span class='ocrx_word' id='word_1_339' title='bbox 1829 3145 1928 3194; x_wconf 92' lang='lat' dir='ltr'><strong><em>per</em></strong></span> <span class='ocrx_word' id='word_1_340' title='bbox 1971 3145 2091 3181; x_wconf 89' lang='lat' dir='ltr'><strong><em>suas</em></strong></span> <span class='ocrx_word' id='word_1_341' title='bbox 2127 3134 2242 3182; x_wconf 90' lang='lat' dir='ltr'><strong><em>elu-</em></strong></span> 
     </span>
     <span class='ocr_line' id='line_1_35' title="bbox 28 3177 2240 3285; baseline -0.002 -13"><span class='ocrx_word' id='word_1_342' title='bbox 28 3177 343 3272; x_wconf 33' lang='lat' dir='ltr'><strong><em>&amp;dilationes</em></strong></span> <span class='ocrx_word' id='word_1_343' title='bbox 376 3218 709 3281; x_wconf 84' lang='lat' dir='ltr'><strong><em>satisfecisse,</em></strong></span> <span class='ocrx_word' id='word_1_344' title='bbox 755 3234 869 3271; x_wconf 90' lang='lat' dir='ltr'><strong><em>cum</em></strong></span> <span class='ocrx_word' id='word_1_345' title='bbox 904 3225 1070 3271; x_wconf 91' lang='lat' dir='ltr'><strong><em>tamen</em></strong></span> <span class='ocrx_word' id='word_1_346' title='bbox 1111 3226 1285 3285; x_wconf 87' lang='lat' dir='ltr'><strong><em>postea</em></strong></span> <span class='ocrx_word' id='word_1_347' title='bbox 1322 3221 1374 3270; x_wconf 92' lang='lat' dir='ltr'><strong><em>in</em></strong></span> <span class='ocrx_word' id='word_1_348' title='bbox 1410 3232 1504 3269; x_wconf 91' lang='lat' dir='ltr'><strong><em>sua</em></strong></span> <span class='ocrx_word' id='word_1_349' title='bbox 1540 3217 1811 3279; x_wconf 83' lang='lat' dir='ltr'><strong><em>offensione</em></strong></span> <span class='ocrx_word' id='word_1_350' title='bbox 1847 3217 1905 3266; x_wconf 89' lang='lat' dir='ltr'><strong><em>ob</em></strong></span> <span class='ocrx_word' id='word_1_351' title='bbox 1940 3216 2074 3267; x_wconf 82' lang='lat' dir='ltr'><strong><em>hanc</em></strong></span> <span class='ocrx_word' id='word_1_352' title='bbox 2109 3232 2240 3268; x_wconf 90' lang='lat' dir='ltr'><strong><em>ean-</em></strong></span> 
     </span>
     <span class='ocr_line' id='line_1_36' title="bbox 43 3287 2245 3370; baseline -0.001 -15"><span class='ocrx_word' id='word_1_353' title='bbox 43 3287 187 3355; x_wconf 58' lang='lat' dir='ltr'><strong><em>lent</em></strong></span> <span class='ocrx_word' id='word_1_354' title='bbox 215 3305 459 3356; x_wconf 84' lang='lat' dir='ltr'><strong><em>rationem</em></strong></span> <span class='ocrx_word' id='word_1_355' title='bbox 489 3307 764 3369; x_wconf 87' lang='lat' dir='ltr'><strong><em>plurimum</em></strong></span> <span class='ocrx_word' id='word_1_356' title='bbox 808 3306 1115 3370; x_wconf 77' lang='lat' dir='ltr'><strong><em>blasphemet</em></strong></span> <span class='ocrx_word' id='word_1_357' title='bbox 1161 3311 1308 3369; x_wconf 83' lang='lat' dir='ltr'><strong><em>atque</em></strong></span> <span class='ocrx_word' id='word_1_358' title='bbox 1355 3305 1661 3367; x_wconf 69' lang='lat' dir='ltr'><strong><em>indiqnetur.</em></strong></span> <span class='ocrx_word' id='word_1_359' title='bbox 1739 3302 1900 3353; x_wconf 85' lang='lat' dir='ltr'><strong><em>Tertio</em></strong></span> <span class='ocrx_word' id='word_1_360' title='bbox 1947 3303 2069 3354; x_wconf 88' lang='lat' dir='ltr'><strong><em>dicit</em></strong></span> <span class='ocrx_word' id='word_1_361' title='bbox 2111 3304 2245 3366; x_wconf 84' lang='lat' dir='ltr'><strong><em>quod</em></strong></span> 
     </span>
     <span class='ocr_line' id='line_1_37' title="bbox 71 3375 2239 3456; baseline -0.003 -12"><span class='ocrx_word' id='word_1_362' title='bbox 71 3378 107 3387; x_wconf 41' lang='lat'>²</span> <span class='ocrx_word' id='word_1_363' title='bbox 143 3375 154 3397; x_wconf 65' lang='lat'><strong><em>⁷</em></strong></span> <span class='ocrx_word' id='word_1_364' title='bbox 198 3433 208 3444; x_wconf 84' lang='lat'><strong><em>.</em></strong></span> <span class='ocrx_word' id='word_1_365' title='bbox 262 3389 489 3441; x_wconf 86' lang='lat' dir='ltr'><strong><em>doctores</em></strong></span> <span class='ocrx_word' id='word_1_366' title='bbox 534 3391 661 3442; x_wconf 78' lang='lat' dir='ltr'><strong><em>nihil</em></strong></span> <span class='ocrx_word' id='word_1_367' title='bbox 701 3393 872 3452; x_wconf 88' lang='lat' dir='ltr'><strong><em>(sicuti</em></strong></span> <span class='ocrx_word' id='word_1_368' title='bbox 905 3406 1075 3443; x_wconf 91' lang='lat' dir='ltr'><strong><em>verum</em></strong></span> <span class='ocrx_word' id='word_1_369' title='bbox 1105 3397 1201 3456; x_wconf 89' lang='lat' dir='ltr'><strong><em>est)</em></strong></span> <span class='ocrx_word' id='word_1_370' title='bbox 1235 3406 1336 3456; x_wconf 92' lang='lat' dir='ltr'><strong><em>per</em></strong></span> <span class='ocrx_word' id='word_1_371' title='bbox 1384 3391 1740 3442; x_wconf 89' lang='lat' dir='ltr'><strong><em>contentionem</em></strong></span> <span class='ocrx_word' id='word_1_372' title='bbox 1781 3392 1870 3438; x_wconf 89' lang='lat' dir='ltr'><strong><em>aut</em></strong></span> <span class='ocrx_word' id='word_1_373' title='bbox 1907 3403 2003 3452; x_wconf 91' lang='lat' dir='ltr'><strong><em>per</em></strong></span> <span class='ocrx_word' id='word_1_374' title='bbox 2040 3391 2239 3439; x_wconf 87' lang='lat' dir='ltr'><strong><em>inanem</em></strong></span> 
     </span>
     <span class='ocr_line' id='line_1_38' title="bbox 152 3471 2239 3538; baseline -0.001 -13"><span class='ocrx_word' id='word_1_375' title='bbox 152 3471 154 3474; x_wconf 69' lang='grc'>’</span> <span class='ocrx_word' id='word_1_376' title='bbox 235 3486 285 3525; x_wconf 87' lang='lat' dir='ltr'><strong><em>m</em></strong></span> <span class='ocrx_word' id='word_1_377' title='bbox 320 3477 592 3538; x_wconf 80' lang='lat' dir='ltr'><strong><em>quesierint</em></strong></span> <span class='ocrx_word' id='word_1_378' title='bbox 626 3482 692 3527; x_wconf 94' lang='lat' dir='ltr'><strong><em>.et</em></strong></span> <span class='ocrx_word' id='word_1_379' title='bbox 706 3491 752 3527; x_wconf 93' lang='lat' dir='ltr'><strong><em>c.</em></strong></span> <span class='ocrx_word' id='word_1_380' title='bbox 829 3477 981 3529; x_wconf 83' lang='lat' dir='ltr'><strong><em>Hisce</em></strong></span> <span class='ocrx_word' id='word_1_381' title='bbox 1015 3479 1119 3528; x_wconf 87' lang='lat' dir='ltr'><strong><em>suis</em></strong></span> <span class='ocrx_word' id='word_1_382' title='bbox 1153 3482 1202 3527; x_wconf 92' lang='lat' dir='ltr'><strong><em>et</em></strong></span> <span class='ocrx_word' id='word_1_383' title='bbox 1237 3479 1351 3528; x_wconf 88' lang='lat' dir='ltr'><strong><em>aliis</em></strong></span> <span class='ocrx_word' id='word_1_384' title='bbox 1382 3477 1541 3527; x_wconf 87' lang='lat' dir='ltr'><strong><em>verbis</em></strong></span> <span class='ocrx_word' id='word_1_385' title='bbox 1576 3479 1817 3538; x_wconf 81' lang='lat' dir='ltr'><strong><em>quantum</em></strong></span> <span class='ocrx_word' id='word_1_386' title='bbox 1843 3475 1895 3525; x_wconf 89' lang='lat' dir='ltr'><strong><em>in</em></strong></span> <span class='ocrx_word' id='word_1_387' title='bbox 1920 3490 2015 3526; x_wconf 91' lang='lat' dir='ltr'><strong><em>sua</em></strong></span> <span class='ocrx_word' id='word_1_388' title='bbox 2041 3476 2239 3525; x_wconf 85' lang='lat' dir='ltr'><strong><em>tandem</em></strong></span> 
     </span>
    </p>

    <p class='ocr_par' dir='ltr' id='par_1_14' title="bbox 174 3561 2237 3628">
     <span class='ocr_line' id='line_1_39' title="bbox 174 3561 2237 3628; baseline -0.001 -17"><span class='ocrx_word' id='word_1_389' title='bbox 174 3567 178 3569; x_wconf 68' lang='grc'><strong>’</strong></span> <span class='ocrx_word' id='word_1_390' title='bbox 249 3571 341 3611; x_wconf 87' lang='lat' dir='ltr'><strong><em>one</em></strong></span> <span class='ocrx_word' id='word_1_391' title='bbox 379 3561 720 3613; x_wconf 86' lang='lat' dir='ltr'><strong><em>inconstanter</em></strong></span> <span class='ocrx_word' id='word_1_392' title='bbox 765 3562 1164 3625; x_wconf 85' lang='lat' dir='ltr'><strong><em>contradixerit,</em></strong></span> <span class='ocrx_word' id='word_1_393' title='bbox 1211 3564 1375 3628; x_wconf 89' lang='lat' dir='ltr'><strong><em>pauci</em></strong></span> <span class='ocrx_word' id='word_1_394' title='bbox 1415 3562 1685 3613; x_wconf 90' lang='lat' dir='ltr'><strong><em>admodum</em></strong></span> <span class='ocrx_word' id='word_1_395' title='bbox 1731 3565 1848 3611; x_wconf 88' lang='lat' dir='ltr'><strong><em>sunt</em></strong></span> <span class='ocrx_word' id='word_1_396' title='bbox 1893 3562 1981 3625; x_wconf 84' lang='lat' dir='ltr'><strong><em>qui</em></strong></span> <span class='ocrx_word' id='word_1_397' title='bbox 2023 3561 2237 3624; x_wconf 88' lang='lat' dir='ltr'><strong><em>idipsum</em></strong></span> 
     </span>
    </p>
   </div>
   <div class='ocr_carea' id='block_1_12' title="bbox 19 3257 410 3972">
    <p class='ocr_par' dir='ltr' id='par_1_15' title="bbox 19 3257 410 3972">
     <span class='ocr_line' id='line_1_40' title="bbox 26 3257 28 3339; baseline 0 925"><span class='ocrx_word' id='word_1_398' title='bbox 26 3257 28 3339; x_wconf 95' lang='lat' dir='ltr'><strong><em> </em></strong></span> 
     </span>
     <span class='ocr_line' id='line_1_41' title="bbox 23 3339 71 3437; baseline 0 827"><span class='ocrx_word' id='word_1_399' title='bbox 23 3339 71 3437; x_wconf 95' lang='lat' dir='ltr'><strong><em> </em></strong></span> 
     </span>
     <span class='ocr_line' id='line_1_42' title="bbox 22 3437 234 3489; baseline 0 775"><span class='ocrx_word' id='word_1_400' title='bbox 22 3437 234 3489; x_wconf 95' lang='lat' dir='ltr'><strong><em> </em></strong></span> 
     </span>
     <span class='ocr_line' id='line_1_43' title="bbox 19 3489 410 3710; baseline 0 -141"><span class='ocrx_word' id='word_1_401' title='bbox 19 3489 410 3710; x_wconf 95' lang='lat' dir='ltr'><strong><em>   </em></strong></span> 
     </span>
     <span class='ocr_line' id='line_1_44' title="bbox 20 3710 251 3863; baseline 0 0"><span class='ocrx_word' id='word_1_402' title='bbox 20 3710 251 3863; x_wconf 95' lang='lat' dir='ltr'><strong><em>  </em></strong></span> 
     </span>
     <span class='ocr_line' id='line_1_45' title="bbox 33 3863 218 3972; baseline 0 -56"><span class='ocrx_word' id='word_1_403' title='bbox 33 3863 218 3972; x_wconf 95' lang='lat' dir='ltr'><strong><em>   </em></strong></span> 
     </span>
    </p>
   </div>
   <div class='ocr_carea' id='block_1_13' title="bbox 62 3735 2235 4006">
    <p class='ocr_par' dir='ltr' id='par_1_16' title="bbox 62 3735 2235 4006">
     <span class='ocr_line' id='line_1_46' title="bbox 147 3735 2235 3803; baseline -0.002 -13"><span class='ocrx_word' id='word_1_404' title='bbox 147 3735 149 3737; x_wconf 26' lang='lat'><strong><em>¹</em></strong></span> <span class='ocrx_word' id='word_1_405' title='bbox 184 3741 206 3774; x_wconf 74' lang='lat'>⁸</span> <span class='ocrx_word' id='word_1_406' title='bbox 241 3746 383 3790; x_wconf 78' lang='lat' dir='ltr'><strong><em>Extat</em></strong></span> <span class='ocrx_word' id='word_1_407' title='bbox 419 3748 545 3802; x_wconf 85' lang='lat' dir='ltr'><strong><em>epist.</em></strong></span> <span class='ocrx_word' id='word_1_408' title='bbox 573 3749 618 3790; x_wconf 89' lang='lat' dir='ltr'><strong><em>in</em></strong></span> <span class='ocrx_word' id='word_1_409' title='bbox 647 3746 819 3790; x_wconf 80' lang='lat' dir='ltr'><strong><em>Illustr.</em></strong></span> <span class='ocrx_word' id='word_1_410' title='bbox 840 3748 978 3790; x_wconf 85' lang='lat' dir='ltr'><strong><em>viror.</em></strong></span> <span class='ocrx_word' id='word_1_411' title='bbox 1003 3760 1105 3803; x_wconf 84' lang='lat' dir='ltr'><strong><em>epp.</em></strong></span> <span class='ocrx_word' id='word_1_412' title='bbox 1131 3747 1189 3790; x_wconf 82' lang='lat' dir='ltr'><strong><em>ad</em></strong></span> <span class='ocrx_word' id='word_1_413' title='bbox 1221 3746 1411 3792; x_wconf 86' lang='lat' dir='ltr'><strong><em>Reuchl.</em></strong></span> <span class='ocrx_word' id='word_1_414' title='bbox 1436 3747 1679 3803; x_wconf 81' lang='lat' dir='ltr'><strong><em>Haganooe</em></strong></span> <span class='ocrx_word' id='word_1_415' title='bbox 1716 3745 1838 3789; x_wconf 83' lang='lat'><strong><em>1519.</em></strong></span> <span class='ocrx_word' id='word_1_416' title='bbox 1862 3745 1923 3787; x_wconf 78' lang='lat'><strong><em>4⁰.</em></strong></span> <span class='ocrx_word' id='word_1_417' title='bbox 1943 3746 2020 3798; x_wconf 81' lang='lat' dir='ltr'><strong><em>fol.</em></strong></span> <span class='ocrx_word' id='word_1_418' title='bbox 2046 3758 2071 3797; x_wconf 84' lang='lat' dir='ltr'><strong>q</strong></span> <span class='ocrx_word' id='word_1_419' title='bbox 2096 3742 2149 3797; x_wconf 81' lang='lat' dir='ltr'><strong><em>iij</em></strong></span> <span class='ocrx_word' id='word_1_420' title='bbox 2171 3757 2235 3796; x_wconf 80' lang='lat' dir='ltr'><strong><em>sq.</em></strong></span> 
     </span>
     <span class='ocr_line' id='line_1_47' title="bbox 252 3813 2232 3873; baseline -0.005 -12"><span class='ocrx_word' id='word_1_421' title='bbox 252 3831 281 3861; x_wconf 85' lang='lat' dir='ltr'><strong><em>a</em></strong></span> <span class='ocrx_word' id='word_1_422' title='bbox 307 3818 437 3862; x_wconf 84' lang='lat' dir='ltr'><strong><em>Ioan.</em></strong></span> <span class='ocrx_word' id='word_1_423' title='bbox 467 3818 695 3861; x_wconf 83' lang='lat' dir='ltr'><strong><em>Reuchlin</em></strong></span> <span class='ocrx_word' id='word_1_424' title='bbox 724 3817 949 3864; x_wconf 77' lang='lat' dir='ltr'><strong><em>Phoreefi.</em></strong></span> <span class='ocrx_word' id='word_1_425' title='bbox 979 3819 1075 3864; x_wconf 89' lang='lat' dir='ltr'><strong><em>LL.</em></strong></span> <span class='ocrx_word' id='word_1_426' title='bbox 1099 3819 1295 3873; x_wconf 78' lang='lat' dir='ltr'><strong><em>nector,</em></strong></span> <span class='ocrx_word' id='word_1_427' title='bbox 1329 3818 1656 3860; x_wconf 81' lang='lat' dir='ltr'><strong><em>Celeberrimae</em></strong></span> <span class='ocrx_word' id='word_1_428' title='bbox 1699 3817 1936 3858; x_wconf 80' lang='lat' dir='ltr'><strong><em>Facultati</em></strong></span> <span class='ocrx_word' id='word_1_429' title='bbox 1969 3813 2232 3865; x_wconf 73' lang='lat' dir='ltr'><strong><em>Theologiw</em></strong></span> 
     </span>
     <span class='ocr_line' id='line_1_48' title="bbox 219 3883 2233 3946; baseline -0.002 -14"><span class='ocrx_word' id='word_1_430' title='bbox 219 3886 350 3933; x_wconf 63' lang='lat' dir='ltr'><strong><em>lensi.</em></strong></span> <span class='ocrx_word' id='word_1_431' title='bbox 374 3890 420 3932; x_wconf 80' lang='lat' dir='ltr'><strong><em>S.</em></strong></span> <span class='ocrx_word' id='word_1_432' title='bbox 442 3890 500 3932; x_wconf 89' lang='lat' dir='ltr'><strong><em>D.</em></strong></span> <span class='ocrx_word' id='word_1_433' title='bbox 523 3891 574 3933; x_wconf 91' lang='lat' dir='ltr'><strong><em>P.</em></strong></span> <span class='ocrx_word' id='word_1_434' title='bbox 664 3888 682 3915; x_wconf 81' lang='lat'>⁵</span> <span class='ocrx_word' id='word_1_435' title='bbox 712 3889 786 3934; x_wconf 84' lang='lat' dir='ltr'><strong><em>Cf.</em></strong></span> <span class='ocrx_word' id='word_1_436' title='bbox 810 3904 949 3946; x_wconf 82' lang='lat' dir='ltr'><strong><em>supra</em></strong></span> <span class='ocrx_word' id='word_1_437' title='bbox 978 3903 1084 3946; x_wconf 84' lang='lat' dir='ltr'><strong><em>pag.</em></strong></span> <span class='ocrx_word' id='word_1_438' title='bbox 1110 3888 1233 3945; x_wconf 62' lang='lat' dir='ltr'><strong><em>ffiijb.</em></strong></span> <span class='ocrx_word' id='word_1_439' title='bbox 1313 3889 1331 3915; x_wconf 76' lang='lat'>⁸</span> <span class='ocrx_word' id='word_1_440' title='bbox 1363 3891 1615 3944; x_wconf 78' lang='lat' dir='ltr'><strong><em>excepistis</em></strong></span> <span class='ocrx_word' id='word_1_441' title='bbox 1637 3893 1678 3933; x_wconf 91' lang='lat'><strong><em>2.</em></strong></span> <span class='ocrx_word' id='word_1_442' title='bbox 1759 3887 1791 3914; x_wconf 85' lang='lat'><strong><em>¹¹</em></strong></span> <span class='ocrx_word' id='word_1_443' title='bbox 1825 3900 1940 3928; x_wconf 84' lang='lat' dir='ltr'><strong><em>meoe</em></strong></span> <span class='ocrx_word' id='word_1_444' title='bbox 1963 3889 2002 3928; x_wconf 88' lang='grc'><strong><em>2.</em></strong></span> <span class='ocrx_word' id='word_1_445' title='bbox 2097 3883 2129 3910; x_wconf 75' lang='lat'><strong><em>¹⁵</em></strong></span> <span class='ocrx_word' id='word_1_446' title='bbox 2159 3883 2233 3923; x_wconf 76' lang='lat' dir='ltr'><strong><em>‹lo-</em></strong></span> 
     </span>
     <span class='ocr_line' id='line_1_49' title="bbox 62 3946 1408 4006; baseline 0.001 -5"><span class='ocrx_word' id='word_1_447' title='bbox 62 3946 188 4003; x_wconf 48' lang='grc' dir='ltr'><strong><em>ὔῐιῐ.</em></strong></span> <span class='ocrx_word' id='word_1_448' title='bbox 207 3960 304 4003; x_wconf 74' lang='lat' dir='ltr'><strong><em>sive</em></strong></span> <span class='ocrx_word' id='word_1_449' title='bbox 334 3974 413 4003; x_wconf 91' lang='lat' dir='ltr'><strong><em>om.</em></strong></span> <span class='ocrx_word' id='word_1_450' title='bbox 436 3964 480 4006; x_wconf 89' lang='lat'><strong><em>2.</em></strong></span> <span class='ocrx_word' id='word_1_451' title='bbox 569 3960 604 3988; x_wconf 86' lang='lat'><strong><em>¹⁷</em></strong></span> <span class='ocrx_word' id='word_1_452' title='bbox 633 3975 961 4005; x_wconf 68' lang='lat' dir='ltr'><strong><em>‘rnnonomctoe</em></strong></span> <span class='ocrx_word' id='word_1_453' title='bbox 995 3974 1333 4006; x_wconf 50' lang='lat' dir='ltr'><strong><em>svm-narraras</em></strong></span> <span class='ocrx_word' id='word_1_454' title='bbox 1365 3965 1408 4003; x_wconf 89' lang='lat'><strong><em>2.</em></strong></span> 
     </span>
    </p>
   </div>
   <div class='ocr_carea' id='block_1_14' title="bbox 1793 4032 1824 4079">
    <p class='ocr_par' dir='ltr' id='par_1_17' title="bbox 1793 4030 1864 4079">
     <span class='ocr_line' id='line_1_50' title="bbox 1793 4032 1824 4079; baseline 0 -26"><span class='ocrx_word' id='word_1_455' title='bbox 1793 4032 1824 4079; x_wconf 74' lang='lat'>9</span> 
     </span>
    </p>
   </div>
  </div>
 </body>
</html>
