2456 4264
507 305 899 337 LAMERTATIONES
921 305 1231 337 OBSCVBOBVM
1253 305 1700 338 BEVGHLINISTARVM
1722 307 1871 339 NOVAE·
2153 283 2272 344 377

108 439 341 502 yantiam
375 439 583 502 lascivie
628 441 965 502 nequicquam
1001 441 1246 500 sentiant,
1298 445 1387 489 aut
1430 443 1477 490 si
1509 443 1753 501 sentiant,
1803 455 1904 491 non
1941 455 2274 506 corrumpan-

109 529 212 574 tur.
284 523 366 572 Sit
400 525 557 585 iqitur
592 526 763 574 lumen
794 539 996 586 verum,
1038 527 1170 575 idem
1212 525 1502 588 Campanus
1539 529 1640 588 ait,
1690 528 1827 589 quod
1862 530 2148 591 afferimus,
2201 531 2274 579 di-

108 611 250 670 riqat
283 621 388 658 non
416 611 717 672 precipitet,
760 625 825 660 ne
860 613 950 673 qui
982 611 1054 660 ad
1087 612 1246 660 lucem
1275 614 1436 674 positi
1468 627 1638 662 sumus
1674 614 1917 674 aliorum,
1959 617 2059 676 ipsi
2081 616 2273 665 obtene-

106 694 325 744 bremur.
398 695 534 744 Deus
569 697 660 757 qui
694 696 828 745 dixit
864 697 928 745 de
962 697 1179 746 tenebris
1224 697 1390 746 lumen
1435 698 1811 759 splendescere,
1861 700 1968 762 ipse
2015 701 2186 750 illuxit
2222 703 2273 750 in

24 794 96 846 fs
111 779 350 829 cordibus
386 781 572 830 nostris
607 781 679 829 ad
712 782 1129 831 illuminationem
1165 782 1371 840 scientie
1407 784 1664 832 claritatis
1701 785 1806 843 dei,
1850 799 1951 833 non
1979 790 2268 847 poetarum,

104 871 534 926 nonnuqarum,
593 879 695 915 non
740 867 1138 917 mendaciorum.
1215 857 1437 916 Eramus
1482 869 1681 927 tenebre
1729 871 1818 931 qui
1860 871 1912 918 in
1958 870 2036 919 his
2076 869 2274 930 fabulis

28 983 32 985 -
103 949 456 1011 versabamur,
499 949 645 1010 facti
674 965 845 1001 sumus
879 953 1027 1013 lux„
1050 953 1141 1014 qui
1173 966 1201 1001 e
1237 953 1452 1002 tenebris
1489 954 1562 1001 ad
1594 955 1823 1014 celestia,
1877 968 1943 1005 ex
1980 957 2165 1005 mundo
2204 958 2275 1005 ad

23 1020 26 1068 3
105 1033 354 1083 Christum
390 1033 811 1097 commiqramus'.
875 1037 985 1096 Hec
1023 1038 1124 1086 ille.
1190 1036 1233 1084 (Ι
1269 1036 1515 1086 Senecam
1542 1052 1737 1100 quoque
1757 1040 2031 1089 ’audiamus
2054 1042 2185 1090 libro
2212 1042 2274 1090 de

101 1119 378 1179 beneficiis:
418 1121 634 1183 ‘Ineptie
670 1123 858 1185 inquit,
892 1124 1057 1183 poetis
1079 1123 1462 1185 relinquantur,
1504 1125 1680 1186 quibus
1704 1138 1855 1173 aures
1880 1125 2133 1174 oblectare
2149 1140 2271 1188 pro-

20 1192 317 1268 sepositum
340 1210 416 1254 est
437 1210 487 1254 et
510 1207 704 1256 dulcem
735 1205 971 1266 fabulam
1006 1211 1221 1256 nectere
1296 1208 1403 1257 Sed
1437 1211 1526 1270 qui
1558 1211 1763 1271 inqenia
1788 1223 2001 1270 sanare,
2044 1215 2091 1259 et
2121 1213 2273 1270 fidem

12 1295 30 1321 '1
102 1290 156 1339 in
190 1289 340 1339 rebus
373 1291 609 1340 humanis
642 1293 887 1352 retinere,
939 1306 1003 1341 ac
1049 1295 1339 1342 memoriam
1378 1294 1664 1353 officiorum
1703 1297 1885 1344 animis
1922 1297 2154 1356 inqerere
2191 1311 2271 1346 vo-

19 1371 42 1404 ³'
100 1375 236 1436 liunt,
284 1377 418 1425 serio
462 1377 741 1438 loquantur
787 1381 835 1425 et
879 1379 1080 1438 maenis
1116 1379 1306 1428 viribus
1342 1380 1537 1440 aqant’.
1614 1380 1770 1428 Adest
1808 1380 1985 1430 Cicero
2023 1383 2111 1442 qui
2143 1383 2273 1432 libro

19 1436 43 1511 ξ
102 1469 173 1507 ..11
199 1460 265 1509 de
282 1461 622 1522 divinatione,
664 1461 794 1511 nihil
816 1463 921 1511 vult
955 1476 1060 1511 esse
1085 1465 1136 1512 in
1163 1464 1495 1527 philosophia
1532 1467 1880 1515 commentitiis
1909 1465 2119 1525 fabellis
2155 1469 2270 1517 loci.

27 1539 28 1547 ¹
101 1548 171 1599 Et
202 1550 567 1598 commentator
600 1561 758 1609 super
796 1554 865 1590 II
904 1549 1244 1612 metaphysice
1284 1550 1703 1600 Consuetudinem
1751 1551 1998 1600 audiendi
2032 1554 2275 1615 apoloqos

0 1572 153 1743 {huet
183 1634 406 1683 maxime
444 1629 660 1696 fabulas
695 1633 1102 1695 impedimentum
1154 1648 1258 1684 esse
1307 1637 1414 1686 vult
1450 1638 1501 1685 in
1540 1638 1827 1698 coqnitione
1863 1638 2104 1686 veritatis.
2180 1639 2273 1688 Po-

21 1745 29 1760 ‹-
97 1724 281 1770 stremo
304 1718 645 1783 Hieronymus
668 1722 840 1785 noster
876 1720 928 1768 in
965 1721 1180 1782 epistola
1217 1721 1282 1770 de
1319 1722 1512 1771 duobus
1543 1723 1690 1782 filiis·
1732 1721 2023 1781 ‘Demonum
2063 1722 2273 1788 (inquit)

15 1766 58 1906 Ξ
98 1805 241 1856 cibus
275 1809 350 1854 est
382 1806 617 1854 carmina
646 1808 945 1866 poetarum,
986 1807 1237 1864 secularis
1260 1808 1474 1856 scientia
1488 1845 1502 1868 ,
1545 1807 1914 1856 rhetoricorum
1946 1821 2139 1871 pompa
2165 1824 2273 1859 ver-

99 1889 308 1941 borum’.
386 1888 565 1939 ‘Nulla
612 1890 686 1939 ibi
725 1892 974 1940 saturitas
1017 1887 1270 1953 veritatis,
1321 1894 1467 1942 nulla
1516 1894 1709 1952 iusticie
1745 1891 1962 1951 refectio
1999 1897 2269 1956 reperitur.

19 1918 42 2018 .
100 1974 334 2027 Studiosi
364 1988 542 2025 earum
579 1976 632 2024 in
672 1974 823 2036 fame
869 1977 981 2026 veri
1022 1980 1071 2025 et
1106 1978 1346 2027 virtutum
1387 1980 1616 2040 penuria
1644 1978 2011 2040 perseverant’.
2088 1979 2130 2027 (Ι
2166 1980 2275 2040 Hec

0 2071 13 2075 ”
38 2060 272 2124 uitaque
305 2065 355 2110 et
390 2061 448 2111 id
485 2074 649 2122 ,qenus
695 2062 802 2111 alia
847 2062 1031 2123 multa,
1083 2076 1177 2124 que
1222 2063 1365 2113 brevi
1405 2064 1523 2113 huic
1570 2065 1799 2125 epistolio
1822 2058 1845 2132 11
1872 2065 2343 2126 commendandam·

100 2160 202 2198 non
237 2151 379 2207 sunt,
421 2147 476 2196 in
511 2160 605 2196 nos
643 2144 892 2197 Obscuros
927 2147 1150 2197 homines
1186 2153 1234 2198 et
1271 2149 1544 2210 deqeneres
1583 2150 1679 2209 (sic
1717 2151 1846 2198 enim
1883 2163 1961 2199 me
1997 2152 2138 2212 loqui
2170 2153 2275 2201 vult

100 2233 437 2295 conscientia)
485 2231 886 2289 Reuchlinistas,
935 2246 1037 2283 non
1087 2234 1297 2283 obscure
1351 2235 1491 2284 dicta
1548 2235 1786 2284 videmus.
1867 2234 1906 2284 O
1960 2238 2272 2286 tremendum

98 2330 223 2381 erqo
257 2317 402 2381 apud
436 2316 633 2379 inferos
669 2318 960 2368 Plutonem!
1001 2317 1040 2368 O
1078 2318 1341 2378 funestam
1377 2321 1769 2379 cacodemonum
1806 2322 2020 2381 turbam,
2062 2335 2272 2383 quorum

90 2403 229 2467 proh
265 2403 416 2453 dolor
451 2404 692 2454 instinctu
727 2405 980 2466 malian,
1033 2409 1138 2454 tam
1186 2405 1398 2465 obscena
1449 2407 1501 2455 in
1548 2408 1733 2456 nostris
1783 2408 2029 2469 epistolis,
2081 2421 2182 2457 non
2219 2411 2271 2458 in

39 2505 86 2543 z
100 2489 237 2540 viros
268 2489 420 2538 modo
453 2491 887 2552 prestantissimos
922 2495 972 2539 et
1007 2492 1240 2553 optimos,
1293 2505 1465 2541 verum
1508 2493 1560 2541 in
1606 2493 1908 2542 salvatorem
1946 2497 2170 2543 nostrum
2209 2508 2273 2544 ac

38 2600 52 2607 ³
97 2578 300 2625 sanctos
333 2559 466 2636 eius,
515 2576 811 2637 turpissima
856 2589 1073 2641 queque,
1113 2578 1236 2640 pice
1271 2579 1423 2626 etiam
1461 2591 1525 2627 ac
1560 2578 1806 2640 sulphure
1841 2579 2055 2627 tetriora
2093 2579 2271 2639 hereti·

97 2672 273 2711 corum
308 2672 450 2710 more
482 2660 634 2710 simul
667 2662 954 2724 effudimus.
1030 2661 1214 2712 Nullus
1259 2663 1389 2713 enim
1426 2665 1566 2713 locus
1616 2663 1696 2724 (ut
1733 2664 1911 2726 audio)
1950 2666 2090 2713 intra
2128 2679 2271 2715 ocea-

98 2757 217 2795 num
252 2749 350 2806 est,
390 2745 481 2795 ubi
513 2750 684 2807 nostre
720 2761 820 2797 non
857 2749 957 2797 sint
980 2749 1082 2807 vise
1107 2750 1341 2811 epistole,
1381 2749 1469 2798 ubi
1491 2751 1698 2811 inquam
1725 2754 1902 2799 nostra
1928 2751 1980 2799 in
2007 2752 2270 2800 ecclesiam

99 2830 187 2880 dei
215 2835 517 2892 scommata,
567 2837 616 2882 et
651 2834 947 2896 pestilentes
992 2835 1209 2896 quedam
1255 2836 1306 2883 in
1348 2834 1599 2885 Christum
1646 2836 1848 2897 eiusque
1893 2840 2104 2885 matrem
2142 2837 2269 2886 blas-

38 2915 309 2979 uphemie,
351 2929 415 2965 ac
438 2917 575 2966 mille
598 2919 803 2967 tandem
839 2924 1021 2968 contra
1059 2933 1226 2970 omnes
1261 2921 1415 2970 bonos
1451 2921 1721 2970 mendacia
1758 2934 1857 2970 non
1895 2921 2182 2971 habeantur
2218 2924 2271 2971 in

88 3002 295 3064 precio,
346 3002 491 3065 apud
533 3015 619 3052 eos
664 3005 889 3053 maxime
934 3006 1024 3067 qui
1053 3007 1265 3067 poeticis
1297 3008 1548 3068 fiqmentis
1595 3007 1981 3066 obbrutuerunt,
2033 3008 2272 3069 nobisque

95 3091 215 3136 sunt
257 3089 647 3150 quamsimilimi.
727 3089 1174 3140 Transcenderunt
1221 3093 1351 3140 enim
1400 3092 1552 3154 Alpes
1599 3092 1914 3141 execrabiles
1962 3094 2046 3151 ille
2101 3098 2270 3153 nostre

21 3214 27 3225 .
97 3172 328 3236 epistole,
374 3178 664 3236 montesque
699 3174 987 3237 Armenios,
1040 3176 1249 3239 Caspios
1286 3179 1435 3226 etiam
1473 3182 1522 3226 et
1559 3177 1804 3239 RipheOS,
1858 3190 1921 3225 ac
1954 3182 2108 3227 totum
2137 3192 2272 3240 pene

97 3259 354 3307 terrarum
391 3258 559 3308 orbem
597 3273 720 3319 ceca
757 3262 974 3310 omnium
1026 3264 1364 3323 nequitiarum
1411 3263 1541 3311 nube
1587 3276 1650 3310 ac
1698 3266 1927 3312 tartareo
1965 3264 2271 3326 impudentie

39 3339 240 3402 ‘'swno
283 3343 438 3405 lonae
481 3345 686 3406 lateque
732 3346 1110 3396 obumbrarunt.
1191 3347 1515 3409 Quapropter
1570 3349 1915 3397 sanctissimus
1970 3350 2021 3397 in
2073 3349 2270 3398 Christo

40 3421 47 3457 ἱ
87 3431 247 3489 pater
282 3440 347 3477 ac
384 3429 614 3478 dominus
650 3426 821 3480 noster
857 3431 960 3481 Leo
987 3444 1138 3494 papa
1175 3434 1396 3481 decimus
1433 3446 1532 3481 non
1572 3433 1816 3482 immerito
1854 3434 1995 3483 nobis
2036 3433 2271 3484 Obscuris

38 3507 45 3569 ἰ
98 3509 458 3562 Beuchlinistis
494 3515 787 3576 maledixit,
830 3529 923 3565 nec
961 3517 1104 3565 nobis
1140 3518 1326 3577 solum,
1370 3531 1540 3567 verum
1578 3519 1730 3567 etiam
1756 3521 1953 3568 cunctis
1977 3525 2266 3569 nostrarum

39 3591 61 3695 {t
96 3595 460 3648 invectivarum
506 3601 917 3662 impressoribus,
973 3602 1341 3663 venditoribuS,
1403 3604 1869 3666 conservatoribuS,
1923 3608 2132 3666 illasque
2178 3608 2265 3655 tri-

39 3699 48 3748 ὃ

210 3807 227 3836 ⁸
258 3808 408 3852 Senec.
442 3810 498 3852 de
528 3810 680 3853 benef.
707 3812 743 3853 1.
767 3813 807 3853 4.
832 3813 860 3853 i.
888 3813 918 3857 f.
1037 3812 1075 3839 ¹⁰
1105 3812 1293 3880 sed1-at
1323 3815 1423 3857 Sen.
1546 3814 1577 3842 ¹¹
1611 3829 1667 3857 ac
1698 3830 1763 3858 om
1793 3817 1893 3857 Sen.
2013 3815 2047 3842 ¹²
2081 3816 2166 3856 Cie.
2201 3816 2256 3855 de

100 3876 191 3922 div.
212 3880 273 3922 11.
295 3879 366 3923 38.
487 3881 521 3908 ¹⁶
551 3883 678 3927 Hier.
703 3897 771 3938 ep.
804 3884 861 3925 ad
885 3885 1073 3927 Damas.
1098 3884 1154 3927 de
1188 3886 1231 3927 11
1264 3886 1325 3930 fil.
1348 3888 1472 3931 XXI.
1507 3887 1586 3941 (al.
1614 3886 1727 3939 140.)
1750 3889 1789 3938 ξ.
1815 3886 1879 3928 13.
1906 3887 1974 3929 ed.
1998 3887 2132 3926 Mart.
2157 3887 2192 3926 Ι.
2216 3899 2260 3939 p.

100 3948 169 3991 75.
190 3963 256 4006 sq.
347 3950 382 3978 ¹⁷
413 3952 626 4008 scientia]
660 3955 893 4009 sapientia
925 3956 1051 3997 Hier.
