2456 4264
271 250 393 308 298
854 276 1089 304 EPISTOLAE
1113 276 1415 304 OBSCVRORVM
1437 277 1646 304 VIRORVM
1668 277 1814 305 NOVAE.

272 411 439 455 contra
480 405 626 454 illum.
703 402 828 452 Alias
865 402 1014 451 nichil
1053 406 1153 453 scio
1192 405 1283 453 nisi
1322 405 1450 468 quod
1490 405 1713 454 dominns
1753 411 1850 455 tam
1888 406 1969 456 diu
2007 413 2168 456 teneat
2207 423 2290 455 vos
2327 423 2402 456 sa-

271 505 386 539 num
426 504 569 555 quam
609 488 688 537 diu
726 502 852 536 1111115
890 489 1196 550 supercurrit
1232 503 1382 537 unum
1424 488 1618 538 Canem.
1694 489 1859 539 Valete
1898 507 1956 540 ex
1993 491 2272 554 Argentina,
2307 487 2313 492 ’

1029 695 1110 754 69.
1189 697 1537 768 [Appendicis
1576 698 1644 769 7.]

896 811 1390 895 Marcolphus
1441 812 1783 874 Sculteti

852 926 1087 977 Ioanni
1135 925 1815 996 Bimperlenbumpun
2415 933 2436 965 ⁵

1174 1044 1231 1076 ex
1269 1027 1496 1076 Rorbach

270 1140 459 1191 Salutes
496 1141 706 1189 infinitas
745 1147 791 1189 et
826 1139 1140 1190 immortales,
1218 1140 1399 1190 Dilecte
1438 1141 1658 1197 IoanneS,
1700 1157 1782 1189 vos
1819 1142 2081 1206 scripsistis
2106 1142 2222 1191 mihi
2248 1157 2405 1206 nuper

268 1225 453 1291 aliquas
490 1227 750 1282 novitateS‚
800 1240 920 1289 quas
966 1241 1065 1274 non
1102 1225 1311 1276 libenter
1350 1226 1539 1283 audivi,
1590 1225 1807 1275 videlicet
1854 1226 1914 1276 de
1951 1226 2130 1276 Ioanne
2165 1226 2405 1276 Reuchlin

267 1311 396 1375 quod
435 1313 733 1375 comparavit
769 1310 860 1360 sibi
897 1325 1124 1374 magnam
1163 1311 1369 1375 gloriam
1408 1311 1535 1376 apud
1574 1326 1689 1362 suos
1726 1316 1910 1375 poetaS,
1951 1311 2062 1375 quia
2101 1312 2212 1361 fecit
2255 1327 2406 1361 unum

266 1395 442 1446 librum
484 1397 565 1459 qui
604 1389 870 1445 intitulatur
911 1395 1237 1446 ‘Gabellistica
1275 1396 1350 1446 vel
1389 1396 1603 1453 Gabala',
1646 1401 1694 1446 et
1731 1402 1804 1446 est
1839 1397 1937 1445 iam
1973 1396 2023 1444 in
2061 1396 2215 1460 gratia
2253 1397 2399 1461 Pape.
2423 1411 2456 1444 111

264 1480 444 1531 Vellem
484 1487 644 1531 tamen
681 1480 886 1531 libenter
923 1483 1051 1531 scire
1091 1482 1207 1546 quid
1245 1488 1316 1531 est
1354 1480 1558 1530 Gabala:
1608 1496 1698 1546 ego
1737 1481 1922 1545 quesivi
1959 1481 2041 1531 diu
2078 1483 2128 1530 in
2166 1497 2275 1530 11100
2315 1482 2401 1532 Ca·

264 1566 479 1616 tholicon
528 1572 574 1616 et
624 1554 824 1617 Gemma
871 1581 1174 1631 gemmarum
1224 1572 1272 1616 et
1317 1568 1366 1615 in
1412 1566 1607 1616 Briton:
1655 1566 1741 1616 sed
1788 1581 1888 1615 non
1934 1581 2135 1631 possum
2182 1568 2403 1632 reperire
2448 1625 2456 1632 η

264 1652 380 1716 quid
426 1653 679 1715 significat.
754 1652 862 1700 misi
911 1652 1054 1701 etiam
1100 1667 1248 1701 unam
1296 1651 1486 1701 literam
1535 1652 1595 1700 ad
1645 1651 1931 1714 magistrum
1982 1657 2205 1701 nostrum
2244 1651 2401 1702 Ortvi-

263 1751 405 1786 num:
455 1737 539 1786 sed
587 1736 690 1801 ipse
740 1737 882 1786 etiam
920 1736 1038 1786 nihil
1077 1736 1318 1785 rescribit.
1394 1736 1489 1786 Sed
1528 1738 1747 1800 magistri
1784 1736 1938 1784 nostri
1989 1735 2212 1786 fecerunt
2250 1752 2399 1786 unum

263 1820 517 1871 consilium
556 1826 604 1870 et
641 1822 1035 1871 examinaverunt
1072 1820 1205 1870 illum
1246 1820 1451 1870 librum:
1502 1827 1548 1870 et
1593 1822 1720 1871 sicut
1757 1835 1848 1884 ego
1885 1820 2045 1870 audivi
2082 1820 2141 1869 ab
2180 1822 2301 1886 ipsis
2340 1821 2400 1872 de
2420 1834 2456 1868 ιε

261 1913 403 1956 nocte
441 1908 491 1955 in
530 1907 746 1955 convivio
783 1905 868 1955 ubi
905 1903 1213 1957 zechavim'us
1253 1907 1315 1955 ita
1353 1904 1636 1964 liberaliter,
1676 1905 1808 1970 quod
1845 1907 2060 1971 oportuit
2097 1921 2247 1955 unum
2286 1907 2404 1956 (lare

260 2006 350 2055 pro
388 1991 536 2041 zecha
573 1996 674 2040 tres
712 1990 908 2048 01111105,
960 1992 1089 2055 quod
1140 2006 1229 2055 ego
1276 2007 1376 2041 non
1414 1991 1572 2041 habeo
1621 1990 1749 2040 ultra
1782 1991 2079 2055 pecuniam,
2129 1992 2260 2055 quod
2298 1993 2402 2056 ipse
2426 2014 2456 2054 ,ῃ

261 2075 386 2125 male
423 2075 593 2125 stabit:
643 2077 753 2141 quia
791 2078 954 2141 posuit
990 2076 1055 2126 ibi
1095 2076 1254 2141 aliqua
1294 2082 1463 2126 contra
1503 2076 1757 2126 doctorem
1794 2081 2017 2125 'sanctum
2055 2081 2102 2125 et
2138 2076 2403 2126 modernos

261 2161 510 2210 doctores:
553 2165 600 2210 et
637 2161 750 2210 dicit
787 2162 917 2226 quod
945 2161 1074 2211 filius
1112 2163 1188 2212 dei
1227 2150 1310 2212 est*
1336 2162 1494 2212 factus
1531 2162 1591 2211 de
1629 2167 1783 2232 patre.
1858 2159 1980 2210 Item
2018 2159 2168 2210 multa
2207 2160 2315 2218 alia,
2357 2167 2404 2211 et

260 2248 492 2310 pervertit
528 2247 763 2296 terminos
799 2246 1045 2312 theologie
1086 2249 1353 2312 ‘generare’
1395 2254 1444 2298 et
1481 2246 1692 2305 ‘facere’,
1734 2252 1782 2297 et
1818 2247 1889 2296 sic
1927 2246 1986 2295 de
2026 2244 2155 2295 aliis:
2196 2251 2243 2295 et
2280 2243 2456 2299 nihilw

260 2338 400 2381 curat
436 2332 495 2381 de
533 2333 833 2395 argumentis
872 2338 919 2382 et
957 2332 1296 2397 questionibus
1335 2338 1382 2383 et
1419 2331 1715 2396 sophismata
1754 2331 1968 2381 doctoris
2004 2331 2180 2380 sancti:
2221 2337 2267 2380 et
2292 2331 2402 2380 ideo

258 2416 423 2466 volunt
458 2416 594 2466 illum
632 2416 810 2467 librum
850 2416 1166 2466 comburere:
1209 2419 1322 2481 quia
1360 2418 1527 2467 dicunt
1565 2417 1694 2481 quod
1733 2431 1831 2465 non
1869 2414 2143 2479 intelligunt
2180 2431 2316 2465 eum:
2357 2421 2404 2464 et
2435 2445 2443 2467 ·,

259 2502 486 2567 quicquid
524 2503 615 2567 ipsi
651 2517 750 2551 non
786 2501 1075 2565 intelligunt,
1114 2502 1210 2552 hoc
1247 2502 1566 2554 comburunt:
1607 2501 1753 2566 Ergo.
1829 2501 1950 2560 Quia
1990 2501 2146 2549 omnis
2170 2502 2417 2564 magister¹

260 2592 427 2637 noster
466 2592 538 2637 est
573 2586 683 2637 rabi
721 2593 768 2637 et
804 2587 889 2638 lux
926 2588 1109 2637 mundi.
1186 2588 1341 2638 Etiam
1391 2586 1475 2637 ille
1512 2585 1640 2636 liber
1678 2585 1827 2635 habet
1870 2585 2020 2635 multa
2073 2585 2198 2635 dicta
2237 2585 2398 2635 Pitha-

258 2686 392 2736 gere,
435 2673 516 2737 qui
555 2672 643 2722 fuit
679 2671 1101 2736 Nigromanticus:
1142 2673 1227 2722 sed
1265 2673 1588 2736 nigromantia
1627 2678 1700 2722 est
1735 2670 1936 2720 scientia
1975 2670 2235 2735 prohibita,
2275 2671 2452 2725 sicutaea

262 2763 395 2820 patet
423 2756 522 2807 .66.
553 2762 717 2822 quaest.
747 2762 828 2811 10.
858 2757 1067 2822 capitulo
1094 2757 1243 2815 nulle,
1285 2763 1332 2807 et
1356 2760 1404 2807 in
1433 2757 1629 2808 Canone
1669 2755 1726 2806 ‘O
1752 2770 1836 2805 vos
1862 2755 2024 2804 asini’:
2065 2761 2111 2804 et
2137 2755 2402 2805 concordat

261 2841 431 2892 doctor
457 2847 653 2892 sanctus
691 2847 739 2892 et
763 2842 1060 2893 Arestoteles
1096 2842 1144 2891 in
1183 2857 1313 2892 nono
1339 2843 1647 2892 Phisicorum
1686 2842 1747 2892 de
1784 2841 2086 2904 ignorantiis,
2163 2840 2246 2889 Est
2271 2842 2398 2890 enim

258 2928 306 2975 in
343 2927 437 2977 hoc
475 2929 616 2977 etiam
656 2926 783 2976 libro
831 2926 1038 2977 multum
1086 2927 1348 2992 hebreum,
1405 2927 1537 2994 quod
1583 2927 1805 2991 magistri
1850 2926 2005 2975 nostri
2053 2940 2149 2975 non
2196 2930 2400 2990 possunt

258 3010 438 3075 legere,
480 3017 526 3061 et
564 3011 769 3062 multum
809 3027 1037 3077 grecum:
1079 3019 1127 3062 et
1166 3014 1274 3077 quia
1314 3014 1406 3077 ipsi
1443 3028 1543 3062 non
1572 3016 1756 3062 curant
1791 3011 1885 3076 hec
1910 3026 2046 3068 vana,
2086 3010 2171 3059 sed
2197 3011 2396 3069 maiora,

260 3101 305 3143 et
341 3096 448 3144 ideo
489 3096 834 3159 disposuerunt
857 3098 1090 3148 Ioannem
1118 3097 1423 3147 Pfefferkorn
1462 3098 1779 3148 christianum
1818 3102 1864 3146 et
1901 3096 2150 3146 dimidium
2176 3095 2450 3160 ludeum,ao

259 3179 341 3242 qui
380 3186 452 3230 est
487 3180 646 3230 honus
685 3181 874 3233 ebrius:
915 3189 963 3232 et
998 3182 1079 3233 ille
1118 3185 1212 3232 iam
1251 3186 1492 3233 examinat
1528 3198 1591 3233 ne
1628 3183 1755 3232 forte
1792 3180 1859 3231 ibi
1895 3180 2014 3230 latet
2037 3196 2277 3231 venenum
2305 3178 2412 3242 sub5

258 3262 415 3312 melle.
491 3265 586 3314 Sed
621 3265 729 3315 volo
767 3266 846 3317 illa
872 3269 970 3317 iam
996 3268 1252 3326 dimittere,
1295 3270 1404 3333 quia
1430 3267 1703 3318 videbimus
1727 3266 1856 3316 bene
1880 3267 1932 3315 in
1957 3265 2188 3315 nundinis
2213 3265 2401 3326 Franc÷v

258 3347 611 3405 furdiensibUS,
662 3357 708 3400 et
744 3357 860 3402 tunc
900 3352 1121 3403 volumus
1158 3353 1296 3418 plura
1336 3352 1540 3418 loquere
1578 3353 1638 3402 de
1676 3350 1770 3401 illis
1809 3366 1920 3400 011111
1958 3351 2186 3413 magistro
2226 3355 2406 3398 nostro„

260 3433 486 3489 Ortvin0,
537 3434 619 3496 qui
667 3441 739 3484 est
782 3438 958 3486 missus
1003 3454 1030 3487 a
1078 3439 1322 3501 magistris
1370 3440 1549 3487 nostris
1599 3437 1730 3501 quod
1779 3435 1923 3485 debet
1960 3450 2125 3485 emere
2162 3435 2406 3502 novitates:

259 3533 353 3583 que
380 3516 446 3566 ibi
470 3517 771 3568 venduntur:
812 3526 859 3569 et
883 3527 1001 3570 111110
1026 3522 1193 3572 volunt
1219 3524 1362 3573 etiam
1390 3523 1684 3572 examinare.
1740 3519 1810 3569 De
1838 3519 1942 3569 aliis
1967 3519 2262 3569 novitatibus
2287 3533 2384 3568 non
2401 3536 2442 3573 ³5

257 3616 458 3667 possum
496 3600 632 3651 vobis
669 3602 810 3666 plura
848 3605 1064 3655 scribere
1103 3608 1197 3655 nisi
1235 3607 1366 3672 quod
1406 3608 1553 3656 etiam
1590 3622 1718 3655 unus
1754 3605 1984 3669 magister
2024 3610 2190 3654 noster
2227 3604 2288 3653 de
2313 3617 2399 3669 orf

258 3687 368 3736 dine
405 3685 766 3750 predicatorum
804 3689 853 3736 in
891 3690 1170 3751 Argentina,
1212 3693 1295 3754 qui
1321 3706 1515 3755 semper
1541 3696 1738 3740 vocatus
1766 3695 1838 3738 est
1864 3690 2034 3738 doctor
2060 3689 2210 3746 105115,
2251 3687 2393 3738 exivit

368 3827 385 3853 ²
415 3832 508 3869 tam
539 3829 617 3868 diu
707 3828 877 3870 Canem
907 3842 1066 3869 versum
1096 3843 1188 3869 esse
1216 3832 1390 3870 voluerit
1422 3836 1584 3870 auctor.
1670 3828 1706 3854 ²²
1737 3843 1826 3869 non
1847 3832 1964 3870 omis.
1988 3834 2027 3869 5.
2105 3828 2142 3854 ²⁶
2175 3828 2244 3870 .66
2267 3842 2306 3881 q.
2330 3828 2387 3867 io.

259 3900 375 3954 capi.
398 3902 438 3941 5.
529 3900 663 3939 azini.
686 3902 728 3940 5.
814 3897 851 3923 ³⁰
880 3899 1061 3941 Pfefier.
1086 3902 1125 3939 5.
1223 3897 1256 3924 3¹
1291 3897 1456 3952 ebrius]
1489 3901 1627 3939 iocose
1656 3913 1736 3951 pro
1770 3901 1945 3954 ebreus.
