2456 4264
270 247 329 283 86.
351 238 470 294 [ur.
493 238 544 294 4.]
566 251 757 282 Annua
780 253 931 283 tsAAc.
992 251 1049 287 67.
1073 242 1191 297 [APP.
1214 242 1270 298 5.]
1295 257 1520 286 normann
1544 259 1690 288 srsscn
1713 260 1771 288 nn
1794 259 2042 291 cALABnu.
2112 240 2236 297 295

8 379 10 382 ’
83 382 219 445 affl
260 384 428 434 tamen
476 397 626 447 quam
672 383 826 434 multa
872 400 981 435 sum
1027 400 1203 452 passus
1251 387 1300 436 in
1350 386 1445 437 hoc
1481 393 1730 454 tempore,
1780 391 1977 456 quando
2025 408 2052 443 a
2101 392 2238 445 vobis

38 475 89 530 „f
118 466 359 550 ‘epicinia
402 469 613 518 recessi:
651 467 870 534 ‚longum
918 476 1048 522 esset
1094 470 1230 521 vohis
1279 471 1371 536 illa,
1408 476 1570 523 omnia
1617 474 1864 533 scribere,
1914 478 2025 543 quia
2073 477 2237 530 nullus

131 547 432 635 ‘ss-amicus
466 552 588 603 mihi
624 561 850 619 superest
888 557 967 606 cui
1004 557 1347 608 necessitatem
1385 573 1541 608 meam
1569 574 1904 624 conquererer
1927 567 2100 628 preter
2125 579 2235 616 vos:

79 693 97 707 Ἰ
149 664 198 682 7,.
227 660 266 682 ,ιι
313 636 494 704 aliquid
533 638 643 689 dieo
681 639 730 689 in
770 642 1083 699 monasterio,
1122 647 1240 692 tunc
1278 643 1439 692 statim
1463 645 1766 709 respondent
1791 646 1932 697 mibi:
1974 646 2032 697 ‘O
2057 653 2110 699 tu
2135 663 2234 699 non

143 717 593 783 flea-claustralis
628 726 760 790 quod
799 723 947 776 velles
983 726 1169 778 habere
1206 727 1385 778 bonam
1424 727 1600 779 vitam'.
1675 729 1785 780 Non
1834 732 1904 782 sic
1941 733 2094 799 impii,
2134 748 2233 785 non

188 804 343 874 ‘ungo
378 823 479 858 non
516 825 718 875 possum
756 812 1034 875 excogitare
1081 812 1212 863 unde
1261 814 1445 871 veniat,
1495 815 1587 863 nisi
1634 830 1691 865 ex
1741 813 1821 864 illa
1867 815 1991 867 mala
2038 819 2232 870 fortuna

79 877 133 958 s'.
177 878 187 899 ’
246 890 479 959 flagister
512 901 682 946 noster
716 884 924 947 Iacobus
960 897 1021 947 de
1046 897 1311 948 Hochstrat
1347 900 1591 948 consumit
1627 900 1691 949 ita
1730 915 1955 965 magnam
1993 915 2234 953 summam

120 976 133 990 ⁶
222 1003 282 1026 zw-
333 981 388 1030 in
436 981 571 1030 curia
607 981 829 1032 Romana
877 987 1084 1048 propter
1129 982 1276 1032 fidem
1325 982 1649 1034 Christianam
1697 999 1846 1050 quam
1894 984 1974 1035 ille
2022 972 2232 1052 nefluam

180 1068 304 1116 ‘es
319 1063 563 1116 Reuchlin
602 1066 842 1117 destruxit
879 1068 928 1116 in
965 1081 1055 1116 suo
1094 1067 1306 1132 Speculo
1346 1067 1572 1119 Oculari:
1612 1083 1704 1133 ego
1742 1070 1891 1120 eredo
1917 1072 2047 1136 quod
2073 1073 2232 1123 omnia

0 1179 5 1192 .
72 1196 84 1216 ὁ
182 1142 202 1205 s
227 1171 255 1196 <v
301 1151 402 1201 ria
411 1157 580 1202 nostra
618 1151 799 1202 debent
836 1153 880 1203 ei
916 1153 1110 1202 mittere
1145 1153 1433 1219 pecuniam:
1473 1155 1585 1219 quia
1622 1159 1817 1219 oportet
1842 1171 1953 1206 eum
1981 1171 2087 1207 esse
2114 1156 2233 1208 libe-

76 1225 98 1234 *
168 1236 256 1281 ..⁴2-
249 1217 431 1288 dando
467 1235 701 1287 hincinde
738 1237 1078 1287 Cardinalibus
1114 1239 1380 1304 propinas,
1431 1244 1486 1288 ut
1534 1239 1753 1289 iudicant
1799 1255 1890 1305 pro
1937 1256 1990 1292 se
2039 1248 2086 1292 et
2133 1257 2231 1293 non

133 1360 136 1364 -
193 1321 389 1374 ‘Ioanne
404 1311 671 1372 Reuchlin.
746 1323 863 1373 Ideo
900 1325 1096 1388 priores
1134 1325 1289 1373 nostri
1314 1322 1600 1374 abbreviant
1624 1323 1768 1374 nobis
1794 1325 1974 1383 vinum,
2013 1328 2233 1392 quamvis

68 1407 82 1460 j
113 1415 229 1452 “³:¹1
257 1396 295 1454 ¹·
360 1407 491 1458 dicat
537 1407 762 1465 Musica,
822 1407 999 1459 mulier
1055 1415 1105 1460 et
1161 1411 1329 1458 vinum
1377 1408 1613 1475 letificant
1659 1425 1746 1459 cor
1794 1409 2021 1463 hominis’
2072 1414 2231 1478 primo

206 1501 210 1508 “
276 1493 458 1544 iorum
485 1505 603 1543 ,le
632 1493 695 1542 Et
720 1507 812 1558 ego
849 1509 930 1544 me
967 1509 1165 1560 semper
1206 1510 1414 1545 exerceo
1441 1497 1489 1545 in
1515 1496 1717 1553 musica,
1758 1495 1977 1548 Psalmos
2003 1499 2051 1547 in
2079 1498 2230 1549 choro

187 1575 190 1579 ⁴
247 1595 268 1624 ἰ
299 1585 368 1630 et
401 1578 660 1630 ululando:
712 1587 762 1630 et
806 1579 902 1630 hoc
938 1595 1039 1630 non
1078 1587 1152 1631 est
1186 1595 1380 1639 rarum,
1431 1580 1539 1631 ideo
1578 1596 1679 1631 non
1718 1581 1940 1631 charum.
2016 1582 2086 1633 De
2124 1599 2231 1634 mu·

69 1724 114 1737 ,ἢ
184 1687 239 1709 ,ι
263 1669 391 1717 est
425 1665 546 1715 mihi
582 1679 731 1730 grave
767 1664 1098 1731 loquendum:
1146 1667 1259 1731 quia
1296 1665 1479 1717 nullam
1527 1667 1692 1724 video,
1743 1668 1837 1717 nisi
1875 1668 2070 1733 quando
2109 1669 2230 1719 vado

142 1736 341 1803 “rum
374 1758 488 1802 cnm
524 1756 852 1816 procuratore
890 1758 1060 1802 nostro
1098 1751 1298 1816 quando
1337 1753 1453 1803 emit
1490 1767 1595 1802 ova.
1669 1752 1829 1803 Etiam
1874 1753 2069 1818 quando
2107 1754 2229 1805 vado

22 1838 26 1842 ’
62 1827 92 1895 ῗ
163 1826 406 1888 ffl'ad
443 1835 777 1902 colligendum
814 1851 959 1902 rapas
997 1842 1047 1887 et
1083 1836 1244 1895 olera,
1296 1842 1344 1887 et
1390 1838 1431 1887 si
1469 1853 1584 1887 caro
1622 1853 1701 1887 me
1738 1844 1997 1903 superaret
2033 1839 2229 1905 quando

187 1922 401 1990 Ίρ1111
449 1937 599 1973 unam
647 1921 902 1980 seminam,
952 1928 1070 1972 tunc
1114 1924 1219 1988 ipsa
1267 1938 1366 1972 non
1417 1928 1608 1973 teneret
1654 1922 1787 1972 mihi.
1861 1922 1992 1988 Ergo
2030 1925 2226 1990 qnando

0 2047 36 2055 Ἴ
66 2045 75 2066 2
106 1998 110 2003 ⁴
237 2006 384 2067 nobis
421 2009 589 2058 vinum
626 2007 957 2066 abbreviatur,
997 2007 1143 2073 quale
1181 2008 1412 2074 gaudium
1452 2007 1775 2058 habebimus?
1813 2007 1863 2058 Si
1900 2009 2114 2060 medium
2141 2009 2226 2061 ha·

337 2094 405 2144 ita
442 2093 629 2145 bonum
666 2095 793 2144 sicut
829 2094 906 2144 alii
948 2094 1173 2151 ordines,
1223 2099 1278 2144 ut
1324 2094 1604 2144 sacerdotes
1654 2092 1908 2143 nobiscum
1947 2093 2078 2159 apud
2118 2095 2225 2161 Spi-

36 2129 445 2267 {mactum
482 2180 851 2247 professionati!
901 2179 1060 2231 Credo
1109 2180 1240 2244 quod
1279 2178 1407 2229 bene
1444 2179 1606 2229 sciatis
1644 2179 1757 2244 quid
1797 2180 1860 2228 sit
1898 2194 1988 2244 pro
2026 2180 2224 2230 ordine:

39 2231 167 2333 ›Q-
195 2264 383 2318 habent
417 2265 640 2332 duplices
676 2265 812 2317 albas
850 2280 1025 2316 cruces
1070 2266 1120 2315 in
1169 2266 1356 2322 tunica,
1411 2271 1458 2314 et
1506 2280 1603 2315 non
1656 2271 1769 2314 sunt
1816 2263 1910 2314 alte
1956 2265 2053 2315 rasi
2102 2265 2227 2316 sicut

34 2350 191 2418 ’ξιον
228 2357 279 2404 et
313 2352 511 2419 quando
546 2351 644 2403 illis
680 2367 833 2402 unum
872 2351 1103 2417 gaudium
1143 2349 1343 2409 tollitur,
1383 2349 1569 2400 seilicet
1605 2349 1800 2415 quando
1839 2350 1910 2399 eis
1948 2349 2112 2399 vinum
2139 2348 2223 2399 ab·

17 2429 318 2507 §brevium-
352 2443 560 2505 propter
596 2453 745 2489 unam
782 2437 1255 2503 supergressionem,
1298 2442 1414 2486 tunc
1441 2434 1623 2486 habent
1648 2434 1776 2485 aliud
1804 2434 2064 2500 gaudium:
2102 2434 2223 2485 Nam

30 2528 279 2593 Mt
323 2522 587 2590 disponere
633 2524 920 2574 meretrices
969 2538 1061 2588 per
1109 2521 1464 2572 claudicantem
1503 2521 1736 2571 Ioannem
1789 2520 1870 2586 qui
1909 2519 2035 2585 ligna
2076 2527 2222 2570 secat.

61 2606 220 2666 utinm
264 2608 490 2675 graditur
537 2624 689 2675 super
726 2608 951 2659 manibus
990 2614 1037 2658 et
1075 2606 1314 2673 genubus,
1391 2608 1605 2658 Possetis
1641 2606 1805 2657 dicere
1846 2606 1954 2671 ‘bec
1992 2605 2086 2655 vita
2123 2620 2222 2656 me-

33 2682 278 2747 'rdrioea
315 2709 417 2746 non
453 2692 569 2745 licet
605 2692 1144 2761 Sanctispiritualibus’.
1219 2690 1532 2758 Respondeo,
1573 2690 1702 2758 quod
1744 2690 1902 2741 audivi
1940 2705 2031 2756 pro
2069 2695 2222 2748 certo,

68 2779 202 2847 mod
237 2794 413 2832 eorum
450 2780 680 2831 dominus
716 2781 952 2845 magister
979 2778 1228 2845 (quamvis
1265 2794 1439 2835 senex,
1482 2776 1697 2834 claudus,
1738 2778 1944 2840 griseuS,
1985 2782 2033 2826 et
2068 2774 2223 2841 lippo-

11 2878 181 2924 mm,
216 2871 293 2919 est
326 2870 493 2917 tamen
529 2865 700 2916 avidus
736 2865 798 2915 ad
835 2864 964 2915 illam
1004 2880 1136 2921 rem,
1177 2879 1277 2914 non
1315 2870 1480 2914 autem
1517 2877 1713 2927 semper
1751 2862 1940 2927 potens)
1978 2858 2102 2911 solet
2138 2859 2223 2910 ha·

67 2947 189 3002 hore
222 2952 476 3017 propriam
514 2951 564 2999 in
601 2966 688 3001 sua
727 2949 892 3000 stull'a:
933 2955 982 2999 et
1018 2949 1214 3015 quando
1253 2950 1499 2999 excavavit
1537 2947 1666 2998 illam
1704 2945 1933 3005 totaliter,
1974 2952 2090 2996 tunc
2127 2944 2223 2995 dis·

67 3029 206 3102 pon‘n
238 3035 333 3087 sibi
371 3050 526 3086 unum
563 3036 720 3085 virum
760 3041 809 3086 et
845 3035 927 3085 dat
963 3034 1055 3085 sibi
1093 3020 1272 3084 bonam
1311 3034 1474 3084 dotem
1514 3047 1571 3082 ex
1611 3030 1953 3096 Gazophilacio
1991 3030 2221 3096 Spiritus·

32 3122 247 3179 mamni,
287 3121 419 3187 quod
456 3134 708 3185 nunquam
748 3121 1043 3178 minoratur,
1093 3121 1206 3185 quia
1256 3126 1328 3170 est
1375 3118 1438 3169 ibi
1479 3132 1612 3168 mera
1652 3117 1807 3182 gratia
1846 3115 2218 3181 spiritussancti.

68 3202 252 3257 Dehde
289 3205 382 3257 sibi
418 3204 561 3257 aliam
599 3204 824 3256 ancillam
865 3212 1120 3271 procurat,
1171 3211 1219 3254 et
1268 3205 1381 3254 facit
1417 3202 1509 3252 sibi
1548 3202 1691 3252 etiam
1730 3201 1856 3251 sicut
1892 3202 1985 3251 iam
2025 3200 2216 3265 scripsi.

11 3290 120 3351 jot
164 3292 237 3342 sic
285 3290 367 3342 ille
415 3291 538 3341 ordo
588 3292 635 3340 in
686 3289 849 3341 multis
887 3289 1171 3341 bominibus
1208 3288 1400 3339 occulte
1439 3287 1629 3337 crescit.
1707 3285 1849 3337 Nunc
1888 3283 1995 3334 volo
2035 3284 2219 3335 inferre

55 3375 458 3443 «poverbialiter,
499 3376 610 3441 quia
648 3376 978 3425 communiter
1005 3374 1207 3425 dicitur:
1249 3372 1670 3436 ‘Quandocumpie
1696 3369 1865 3428 abbas,
1905 3370 1953 3421 id
1982 3375 2056 3421 est
2080 3377 2219 3435 pater

59 3473 354 3528 mpremus,
395 3463 599 3527 apponit
635 3466 861 3517 tesseras,
901 3466 1018 3509 tune
1057 3466 1263 3524 possunt
1301 3460 1478 3508 fratres
1516 3455 1729 3507 ludere':
1780 3455 1875 3507 hoc
1913 3463 1986 3506 est
2022 3454 2217 3521 quando

27 3550 41 3557 ”
64 3535 242 3612 ,prelati
282 3548 437 3597 nostri
477 3546 664 3609 antiqui
700 3551 814 3595 suut
852 3545 914 3593 ita
953 3543 1217 3599 luxuriosi.
1267 3549 1315 3593 et
1352 3542 1538 3593 ducunt
1575 3542 1635 3591 ita
1687 3539 2017 3592 miserabilem
2057 3540 2215 3594 vitam,

176 3758 195 3785 ‘¹
222 3759 284 3801 M.
308 3765 348 3802 5.
438 3761 454 3785 ⁵
485 3759 565 3800 Ro.
587 3764 630 3802 5.
717 3759 735 3785 ⁹
766 3758 893 3799 ioan.
917 3756 1090 3800 lteueh.
1113 3761 1154 3797 5.
1237 3754 1269 3783 ¹²
1300 3754 1427 3797 lomi.
1451 3754 1625 3796 Reuch.
1648 3757 1689 3796 5.
1772 3751 1854 3780 *Μ*
1885 3754 1980 3807 .p2i.
2007 3748 2211 3805 moueri».

67 3839 155 3871 xn.
175 3830 238 3871 Et
264 3835 307 3872 5.
390 3830 422 3857 ¹⁵
453 3861 464 3871 .
487 3830 596 3871 Ideo
626 3833 667 3870 5.
747 3827 834 3855 ²¹⁴²
866 3828 1138 3882 Spiritfisan.
1161 3831 1203 3868 5.
1263 3825 1300 3881 !]
1338 3859 1347 3869 .
1369 3830 1411 3867 5.
1498 3824 1537 3850 ²⁷
1567 3825 1720 3865 Etiam
1743 3827 1783 3864 5.
1871 3822 1907 3847 ³³
1941 3818 2146 3874 spiritul's.
2170 3821 2210 3857 ὅ.

66 3894 106 3925 ⁸
134 3902 256 3942 :nile
287 3899 328 3942 5'.
