2456 4264
221 235 340 293 138
504 256 598 287 IOA.
624 257 938 286 Pnrssmconm
961 256 1190 285 omnnem
1215 254 1398 284 con‘rRA
1419 253 1628 283 FAMOSAS
1652 256 1693 284 0.
1715 255 1759 286 v.
1781 253 2050 284 ΕΡΙεΤοιΑε.

215 405 278 440 ac
310 391 562 452 speculum
599 390 800 437 oculare
834 390 1172 447 nuncupatum
1210 386 1436 445 diliqenti
1470 385 1692 445 auspicio
1724 386 2009 454 leqeremus·‚
2043 385 2361 445 sinqulasque

213 475 476 523 sententias
511 474 562 520 in
598 472 765 520 eodem
794 470 953 519 libello
981 472 1171 531 positas
1206 471 1423 517 veritatis
1458 469 1605 529 quasi
1626 468 1756 516 libra
1786 481 2112 530 pensaremus
2136 467 2234 515 Nos
2256 470 2360 515 ita-

215 573 308 619 que
343 559 417 606 uti
451 557 591 603 decet
624 568 735 613 vere
766 554 892 612 fidei
922 554 1164 612 catholice
1193 558 1240 601 et
1276 554 1545 611 christiane
1582 554 1802 600 veritatis
1829 552 2145 614 professores
2174 565 2361 600 summo

211 642 371 690 studio
393 640 686 699 ardentique
712 637 896 697 affectu
920 652 980 686 ea
1006 652 1098 698 que
1125 636 1309 685 Christi
1327 641 1442 685 sunt
1477 638 1836 700 amplexantes,
1875 641 2187 697 prenotatam
2211 636 2358 684 libel—

211 729 312 774 lum
342 724 714 784 di'liqentissima
745 736 844 783 qua
871 723 1117 783 potuimus
1152 720 1492 769 lucubratione
1519 722 1866 782 conspeximus
1889 722 2067 770 iterum
2092 725 2239 781 atque
2264 722 2360 768 ite—
2377 737 2398 768 5

212 823 324 858 rum
349 809 558 857 vidimus
582 821 644 856 ac
681 808 899 868 leqimus',
937 807 1212 866 complures
1251 805 1374 864 (heu
1400 805 1620 853 dolenter
1641 805 1923 866 scribimus)
1963 807 2015 853 in
2041 805 2210 853 eodem
2233 805 2363 853 dicto

212 895 374 944 libello
409 893 670 942 sententias
702 891 1116 953 deprehendimus
1147 891 1356 950 piarum
1389 890 1587 937 aurium
1623 888 1888 948 offensivas
1918 893 2006 938 aut
2034 892 2362 950 parvulorum

214 979 510 1028 scandalum
546 978 777 1036 illativas,
814 988 1074 1025 sacrorum
1111 975 1364 1022 doctorum
1400 975 1773 1022 irreverentiam
1809 974 2132 1037 evomativas,
2165 975 2362 1034 iudaice

208 1063 420 1125 perfidie
438 1061 641 1121 favores
665 1062 935 1124 nutritivaS,
978 1061 1054 1107 vel
1077 1061 1222 1107 etiam
1256 1059 1318 1107 de
1353 1059 1518 1118 heresi
1539 1062 1806 1120 suspectas⁶
1884 1057 2011 1116 Quia
2043 1063 2205 1107 tamen
2231 1072 2362 1120 pre-

215 1149 492 1196 nominatus
528 1147 695 1195 doctor
722 1145 937 1194 Ioannes
970 1144 1216 1193 Reuchlin
1248 1145 1298 1191 in
1334 1146 1473 1192 calce
1506 1144 1628 1192 dicti
1646 1143 1799 1192 libelli
1815 1147 2118 1204 protestatus
2141 1147 2216 1191 est
2237 1143 2363 1191 nihil
2375 1155 2419 1191 ιο

215 1233 359 1281 aliud
387 1234 509 1281 velle
543 1245 721 1293 sapere
757 1235 845 1278 aut
879 1230 1074 1284 sentire,
1106 1233 1430 1289 preterquam
1454 1228 1781 1276 christianum
1814 1228 1988 1276 deceat
2020 1229 2206 1287 virum,
2241 1227 2363 1275 sub-

215 1319 406 1366 mittens
442 1330 546 1365 sese
583 1329 645 1364 ac
677 1317 865 1376 scripta
902 1328 994 1363 sua
1033 1314 1433 1362 determinationi
1463 1314 1714 1373 ecclesie,
1737 1313 1944 1374 ideoque
1972 1319 2211 1373 quantum
2247 1311 2364 1360 huic

209 1402 554 1464 protestationi
576 1406 740 1450 actum
770 1400 1077 1448 contrarium
1113 1411 1210 1446 non
1236 1398 1434 1461 fecerit,
1474 1398 1706 1446 honorem
1734 1397 2028 1458 famamque
2058 1398 2164 1452 viro
2188 1410 2366 1444 serva—

213 1501 345 1546 mus,
391 1490 591 1535 matura
628 1498 818 1546 quoque
855 1484 1206 1532 deliberatione
1237 1482 1527 1544 prehabita‚
1575 1483 1790 1531 libellum
1832 1482 2016 1530 dictum
2062 1483 2364 1530 unanimiter

214 1572 484 1620 doctrinali
517 1583 651 1618 more
684 1569 972 1628 tollendum,
1015 1568 1262 1616 hominum
1292 1570 1407 1616 usui
1428 1567 1794 1629 prohibendum
1830 1572 1979 1628 atque
2015 1566 2358 1615 damnandum
2377 1581 2417 1614 15

210 1657 502 1705 iudicamus.
574 1655 756 1704 Datum
789 1653 994 1714 Moqun.
1024 1652 1167 1700 Anno
1210 1650 1301 1700 diii
1329 1651 1599 1700 .M.D.xm.
1637 1651 1719 1700 die
1754 1665 1868 1700 vero
1892 1652 2024 1701 Iovis
2060 1653 2240 1700 mensis
2265 1650 2364 1700 Oc-

211 1741 359 1789 tobris
389 1749 516 1787 ,XJJL
551 1743 809 1799 nostreque
838 1737 1167 1799 professionis
1203 1738 1357 1797 siqilli
1390 1737 1480 1785 sub
1519 1738 1838 1797 appensione.
1911 1736 1986 1786 De
2009 1737 2250 1786 mandato
2274 1750 2363 1785 ve-

210 1826 445 1874 nerabilis
479 1830 526 1873 et
554 1825 727 1872 eximii
759 1822 846 1870 dni
886 1821 1049 1870 Theol.
1071 1820 1233 1881 facul.
1263 1821 1446 1869 decani
1477 1827 1525 1869 et
1557 1817 1685 1869 ordi.

346 1910 349 1914 '
1117 1906 1191 1954 Io.
1215 1905 1344 1965 fritz
1380 1905 1618 1954 Notarius
1653 1909 1702 1954 et
1737 1905 1954 1955 bedellus
1988 1906 2290 1969 subscripsit.

350 2079 392 2126 (Ι
438 2078 531 2126 His
568 2079 704 2137 actis,
741 2076 897 2125 quta
932 2076 1313 2124 commissionem
1357 2076 1672 2137 imperatoris
1715 2079 1763 2124 et
1800 2077 2066 2125 sententias
2111 2077 2360 2126 universi—
2377 2097 2421 2132 20

209 2168 360 2212 tatum
391 2168 445 2213 ut
481 2168 643 2231 anteav
665 2163 1049 2211 demonstratum
1079 2165 1177 2210 est:
1213 2161 1425 2220 heretice
1457 2161 1726 2222 pravitatis
1761 2162 1991 2221 maqistri
2019 2175 2115 2223 per
2150 2175 2363 2210 consen—

98 2248 188 2305 (34)
210 2262 315 2296 sum
347 2248 845 2310 Archiepiscoporum
891 2252 939 2295 et
977 2247 1119 2294 iuxta
1162 2247 1491 2294 iuramentum
1527 2242 1548 2310 Η
1585 2251 1901 2305 sacrosancte
1951 2246 2062 2295 sedi
2104 2247 2364 2308 apostolice

204 2335 478 2398 prestitum,
513 2334 728 2381 libellum
766 2332 938 2380 Ioanis
972 2331 1217 2380 Reuchlin
1252 2330 1625 2392 corripiendum
1661 2335 2036 2392 assumpserunt
2068 2331 2134 2380 Et
2166 2333 2217 2380 in
2254 2345 2363 2380 me-
2437 2371 2443 2374 .

210 2419 292 2466 dio
325 2418 470 2466 huius
505 2420 697 2479 neqocii
729 2417 975 2466 Reuchlin
1017 2430 1114 2478 per
1155 2428 1274 2464 suas
1308 2416 1610 2464 calliditates
1629 2411 1692 2464 'et
1727 2416 1862 2464 dolos
1892 2420 2112 2465 extreme
2142 2430 2241 2478 per
2272 2416 2363 2477 fas

208 2510 254 2550 et
290 2501 437 2561 nefas
480 2503 727 2551 laboravit
771 2503 844 2550 ad
886 2502 1211 2561 christianam
1254 2502 1507 2549 veritatem
1553 2501 1917 2562 impediendam
1931 2538 1943 2560 ‚
1990 2503 2137 2550 etiam
2182 2506 2235 2550 ut
2266 2501 2357 2561 hec
2373 2519 2416 2554 τε

208 2601 361 2635 causa
394 2589 794 2649 prolonqaretur.
869 2587 1021 2648 Atqui
1053 2598 1150 2634 non
1175 2585 1494 2647 perpendens
1530 2587 1696 2634 animo
1730 2586 1884 2634 bonus
1918 2586 2001 2635 hic
2035 2587 2113 2634 vir
2140 2586 2263 2647 quid
2294 2600 2386 2635 ex-

208 2673 310 2720 suis
344 2673 753 2733 suspensionibus,
796 2671 1178 2735 impedimentis,
1218 2670 1630 2727 dissuasionibus,
1666 2669 1894 2730 vafriciis
1924 2675 1974 2720 et
1995 2673 2360 2732 vaniloquentia

209 2757 444 2805 omnibus·
481 2758 881 2817 christifidelibus
936 2757 1061 2805 mali
1102 2755 1332 2803 accidere
1368 2761 1556 2816 posset,
1614 2755 1681 2804 Et
1723 2757 1795 2804 sic
1841 2769 1874 2803 a
1918 2756 2034 2805 sede
2089 2758 2359 2818 apostolica

211 2843 364 2901 (velut
395 2855 489 2903 per
524 2843 876 2904 apparentiam
914 2841 1050 2902 boni)
1089 2840 1472 2889 commissionem
1509 2839 1658 2902 Spire
1676 2879 1688 2900 ‚
1736 2842 1887 2889 etiam
1934 2842 2127 2902 aliquos
2173 2841 2360 2890 iudices
2411 2843 2417 2854 '

208 2928 351 2974 iuxta
385 2940 527 2974 suam
560 2930 853 2975 voluntatem
877 2926 1166 2988 impetravit,
1205 2926 1257 2972 in
1290 2938 1382 2972 sua
1414 2926 1705 2974 narratione
1733 2938 2032 2987 proponens,
2066 2928 2212 2986 quasi
2236 2927 2355 2974 uni—
2371 2944 2416 2979 30

208 3013 411 3059 versitas
450 3011 745 3060 Coloniensis
777 3025 839 3060 ac
868 3012 1078 3071 heretice
1101 3011 1364 3072 pravitatis
1401 3011 1638 3070 maqister
1672 3010 1765 3059 hoc
1799 3024 1866 3058 ex
1889 3011 2077 3059 invidia
2107 3009 2359 3070 fecissent,

210 3096 264 3142 id
285 3096 417 3154 quod
440 3097 491 3143 in
515 3110 567 3145 se
598 3096 926 3155 falsissimum
952 3101 1039 3158 est,
1077 3107 1187 3144 cum
1217 3096 1406 3142 nullam
1438 3099 1588 3142 antea
1623 3096 2007 3144 controversiam
2042 3108 2233 3144 cumeo
2258 3109 2359 3143 un-

209 3192 356 3239 quam
393 3179 676 3240 habuerint,
731 3183 860 3229 sicut
902 3181 1102 3242 epistole
1122 3182 1127 3187 '
1147 3180 1295 3227 etiam
1339 3180 1495 3240 ipsius
1524 3179 1596 3228 ad
1627 3192 1714 3228 nos
1742 3179 2036 3241 frequenter
2072 3165 2214 3239 misse
2248 3182 2358 3228 luce

208 3264 397 3311 clarius
454 3268 715 3328 testantur,
771 3271 821 3313 et
870 3267 995 3313 sicut
1045 3265 1194 3312 etiam
1245 3266 1485 3312 sententia
1528 3264 1959 3327 Erphordensium
2001 3266 2124 3313 satis
2170 3264 2373 3325 liquido·

210 3347 439 3403 ostendit,
473 3350 560 3407 qui
592 3362 701 3397 cum
736 3350 986 3410 sinqulari
1018 3349 1235 3410 quadam
1262 3350 1737 3398 recommendatione
1770 3350 1910 3398 illum
1936 3350 2251 3404 extollerent,
2302 3350 2353 3397 in
2369 3338 2415 3402 35³

203 3434 306 3491 fine
335 3435 496 3480 tamen
530 3433 588 3480 ob
617 3435 836 3482 veritatis
871 3447 1087 3482 amorem
1120 3435 1413 3494 qravissime
1447 3435 1856 3483 condemnarunt.
1933 3433 2156 3483 Ceterum
2191 3418 2358 3482 omnia

210 3516 322 3584 hec,
371 3516 463 3564 hoc
498 3521 569 3564 est
596 3518 749 3578 ipsius
790 3532 856 3566 ex
892 3519 1012 3567 urbe
1045 3519 1205 3567 Roma
1241 3520 1624 3568 commissionem
1661 3521 1824 3569 minus
1859 3519 2006 3578 iuste,
2048 3520 2191 3567 immo
2220 3519 2357 3567 iniu-
2409 3549 2415 3558 -

208 3601 414 3649 stissime
450 3603 739 3662 acquisitam
775 3602 985 3662 heretice
1016 3605 1282 3664 pravitatis
1320 3604 1555 3662 maqister
1602 3617 1699 3652 non
1741 3605 1938 3652 curavit
1975 3602 2079 3652 Sed
2114 3617 2182 3652 ex
2216 3615 2357 3652 com-
2399 3643 2408 3646 -

209 3685 433 3734 missione
461 3684 667 3745 Cesaree
703 3687 984 3745 maiestatis,
1020 3691 1067 3734 et
1095 3689 1336 3735 sententia
1371 3689 1744 3736 universitatum
1777 3701 1885 3736 cum
1911 3689 2216 3751 appositione
2240 3699 2356 3736 ma-

208 3784 302 3818 nus
334 3768 708 3839 Archiepiscopi
743 3769 1040 3819 Coloniensis
1073 3770 1336 3832 Speculum
1372 3773 1573 3821 oculare
1608 3771 1816 3820 Ioannis
1848 3772 2093 3822 Reuchlin
2126 3771 2347 3821 iudicia-
2364 3769 2408 3823 40

208 3858 320 3905 liter
371 3857 562 3914 Colonie
608 3855 826 3904 ablatum
876 3857 1128 3916 perpetuis
1173 3855 1341 3903 diebus
1393 3856 1770 3905 condemnatum
1805 3857 2007 3918 publice
2059 3857 2260 3905 tandem
2302 3857 2354 3904 in
