2456 4264
15 0 104 599 ³ss

91 323 99 330 ”
194 327 361 365 ΠῦΟΒῙ
378 325 719 359 nocnsruwnn
740 328 802 359 AD
823 329 1011 360 LEOREH
1033 329 1190 361 PAPAM
1207 332 1265 362 ET
1286 332 1664 364 luxfflulnunvu
1686 334 1785 365 mr.
1805 333 2048 366 8121810101..
2080 310 2199 371 421

2067 386 2087 409 0

258 474 361 513 esse
388 463 440 508 in
470 466 725 521 conspectu
759 464 837 508 dei
863 462 1069 510 homines
1102 466 1261 525 potius
1305 466 1471 514 audire
1516 482 1657 529 quam
1701 470 1858 526 deum,
1905 469 2206 519 iudicavimus

189 564 195 572 -
269 534 348 581 dei
374 547 469 580 non
503 545 605 579 esse
635 535 889 594 alliqatum.
965 535 1170 598 Cumque
1200 535 1413 593 eternum
1449 553 1502 596 ve
1534 541 1776 600 scriptura
1808 543 1873 588 eis
1903 544 2207 589 comminetur

123 607 327 655 munt
364 619 398 652 a
436 604 795 665 reprehensione
830 610 916 653 aut
950 610 1266 668 repressione,
1312 622 1472 657 eorum
1512 614 1766 672 presertim
1802 625 1893 673 que
1925 614 1973 659 in
2008 614 2085 660 dei
2116 618 2204 661 aut

132 677 134 683 ’
187 678 384 739 σοι’-ματ
415 677 663 733 iniuriam,
707 679 852 724 visum
891 682 963 725 est
998 680 1127 726 nobis
1165 683 1407 740 quominus
1440 683 1688 743 loquamur
1729 685 1952 731 neminem
1987 685 2202 746 deinceps

124 760 129 764 ’·
167 800 170 803 ,
285 785 299 806 ,
351 752 745 810 quantuscunque
796 751 939 796 etiam
994 752 1082 807 sit,
1138 765 1272 812 quem
1320 755 1461 812 liquet
1504 766 1794 816 nequaquam
1840 755 2005 802 debere
2051 755 2196 816 (dum-

114 823 177 894 [3
190 858 193 861 .
207 821 353 869 <dem
386 822 436 867 et
463 821 658 881 playam
678 822 975 880 pertinescat
1007 821 1117 878 Ozie
1150 820 1287 887 reqis)
1323 824 1606 883 prohibitum
1640 828 1711 871 ire
1743 838 1905 872 ausum
1918 862 1931 885 ,
1972 840 2078 873 cum
2108 842 2200 889 per

284 895 385 938 ticin
420 893 643 938 naturale
681 893 755 938 ius
789 893 917 952 loqui
951 907 1049 953 pro
1095 896 1181 941 deo
1224 898 1272 941 et
1313 897 1513 942 veritate
1550 896 1678 943 nobis
1712 897 1865 943 liceat.
1938 898 2098 945 Liceat
2132 901 2198 946 di

123 966 194 1040 f'-
217 965 354 1011 inuno
383 966 628 1023 oporteat,
667 976 728 1010 ne
756 964 871 1022 fidei
902 965 1160 1011 custodiam
1195 967 1394 1026 quodam
1425 969 1817 1026 prevaricationis
1850 968 2028 1015 silentio
2068 971 2198 1018 dese-

184 1036 487 1083 videamur.
560 1033 792 1095 Siquidem
830 1034 1020 1082 huiusce
1055 1032 1118 1099 (in
1150 1049 1283 1096 quem
1319 1036 1573 1099 loquemur)
1609 1042 1787 1086 ventosi
1813 1039 1948 1085 libelli
1977 1043 2198 1101 conflato

143 1113 149 1119 “
199 1120 307 1155 non
340 1109 461 1153 satis
494 1110 629 1152 erat·
640 1105 704 1166 (et
737 1108 783 1152 si
814 1108 1011 1153 luserint
1042 1106 1252 1168 operam)
1289 1108 1538 1168 Capnionis
1559 1121 1749 1157 errores
1786 1106 2003 1173 (quorum
2028 1114 2199 1160 nullum

126 1179 161 1253 g
211 1190 225 1208 ⁵
243 1180 257 1190 ·
306 1172 610 1239 excusatum)
657 1178 825 1223 saltem
860 1179 1092 1238 palliare,
1138 1192 1286 1239 neque
1335 1181 1402 1226 eis
1442 1179 1708 1240 sufficiebat
1745 1181 2021 1242 Capnionem
2067 1189 2199 1231 vetus

147 1260 149 1262 ·
180 1252 202 1258 '⁷
252 1279 257 1290 κ
321 1275 330 1286 ·
405 1253 495 1296 aut
527 1248 707 1295 bibliam
743 1253 1009 1309 temerasse,
1045 1251 1264 1297 nimirum
1298 1252 1484 1311 quando
1517 1254 1709 1313 scripsit
1734 1252 2037 1301 thalmudicos
2061 1256 2200 1303 libros

205 1320 498 1383 perhibere
533 1322 842 1367 testimonium
875 1323 947 1367 ita
982 1322 1095 1368 bene
1126 1326 1183 1368 ut
1218 1321 1377 1379 biblia,
1417 1324 1709 1386 proindeque
1752 1323 1978 1371 christum
2006 1340 2097 1373 non
2132 1327 2196 1374 bi-

147 1391 282 1443 Ἢ
301 1393 444 1440 libros
467 1393 772 1439 thalmudieos
795 1394 842 1439 in
865 1395 942 1439 sui
963 1394 1180 1440 citavisse
1216 1395 1549 1452 testimonium,
1585 1396 1639 1441 ob
1663 1396 1858 1455 idipsum
1886 1396 2048 1443 deinde
2072 1397 2198 1445 chri-

118 1464 456 1539 “n-mentem
487 1465 673 1511 illarum
702 1467 1132 1524 perscrutationem
1164 1467 1514 1525 scripturarum
1550 1466 1678 1513 nobis
1699 1481 1802 1514 cum
1827 1468 2076 1515 mandasse
2099 1474 2197 1516 tum

387 1535 493 1593 Hec
519 1530 786 1600 Gapfnionis
809 1539 883 1582 est
902 1537 1119 1594 assertio,
1157 1537 1238 1583 ubi
1267 1549 1383 1584 sane
1404 1543 1578 1598 preter
1612 1538 1662 1583 id
1692 1540 1816 1599 quod
1835 1539 2023 1599 nefarie
2043 1543 2091 1587 in
2114 1554 2188 1587 sa-
2213 1539 2309 1596 aijb

134 1585 379 1665 &min
394 1607 741 1669 blasphemavit,
767 1610 908 1654 etiam
930 1609 979 1654 in
1002 1607 1268 1656 Romanam
1291 1609 1444 1655 sedem
1469 1611 1746 1657 calumniam
1771 1612 1956 1657 struxit
1977 1614 2196 1672 qravissi—

191 1679 406 1747 quando
436 1693 502 1728 ea:
528 1682 680 1741 parte
714 1693 810 1726 una
834 1681 1073 1726 maledicti
1095 1682 1143 1726 in
1166 1682 1264 1728 suis
1289 1681 1535 1729 annalibus
1558 1683 1776 1728 lectitant
1799 1683 1935 1739 iudei,
1973 1685 2194 1743 apostoli-

213 1763 233 1784 *
270 1780 275 1784 —
340 1751 426 1799 sub
449 1752 643 1800 diversis
671 1753 861 1798 summis
893 1751 1189 1812 pontificibus
1211 1756 1259 1799 et
1280 1753 1610 1800 condemnasse
1644 1757 1691 1799 et
1716 1754 1855 1800 libros
1880 1752 2199 1802 Thalmudicos

102 1885 108 1889 ,
282 1823 425 1882 ‚Ex
455 1827 607 1886 parte
651 1826 810 1870 autem
842 1825 1021 1880 altera,
1073 1824 1181 1870 dum
1226 1825 1382 1871 oculos
1418 1825 1665 1885 Capnionis
1704 1827 1930 1872 almanico
1976 1827 2196 1873 adiiciunt

107 1846 362 1960 ,³15anan
386 1897 688 1958 prospiciunt
716 1897 868 1955 ipsum
906 1896 1135 1948 almanice
1167 1895 1465 1952 scribentem,
1504 1897 1730 1942 christum
1765 1897 2024 1944 huiusmodi
2054 1898 2191 1945 libro-

99 1962 152 2026 [j
158 1967 219 2016 δ
242 1968 329 2030 suo
350 1974 493 2015 sacro
517 1967 759 2028 evanqelio
770 1970 966 2014 vetuisse
993 1969 1424 2025 concremationem,
1445 1970 1559 2028 quin
1575 1970 1735 2028 potius
1758 1973 1806 2014 et
1824 1969 2016 2028 insuper
2037 1970 2190 2015 salva-

115 2034 148 2101 s]
206 2039 362 2087 m
390 2040 677 2100 precepisse,
714 2042 763 2085 et
790 2040 841 2085 id
865 2039 994 2086 nobis
1021 2052 1201 2099 quoque
1223 2039 1506 2097 christianis,
1543 2043 1638 2085 tam
1657 2039 1917 2103 disputare
1951 2054 2087 2100 quam
2121 2042 2198 2087 sui

2 2140 18 2167 ·,
93 2119 122 2171 j
224 2136 226 2140 f
278 2122 364 2160 ex
391 2113 458 2159 eis
491 2111 620 2158 libris
654 2111 896 2158 desumere
928 2112 1271 2158 attestationes.
1347 2109 1496 2166 Quam
1541 2115 1672 2158 certe
1713 2112 1757 2156 si
1790 2112 1973 2157 unicam
2009 2113 2056 2157 in
2094 2111 2189 2158 Ro·

0 2171 27 2288 „⁵
116 2236 141 2245 -·

0 2290 16 2337 ὃ

255 2183 414 2232 sedan
450 2184 841 2244 complecteretur
872 2188 970 2228 tam
1006 2181 1312 2230 vehementem
1349 2183 1626 2229 calumniam
1661 2182 1811 2243 (taceo
1849 2183 1973 2242 quod
2003 2182 2192 2239 hereses

230 2253 575 2317 complures)
612 2254 726 2301 liber
759 2256 859 2300 eius
893 2258 943 2301 et
980 2257 1111 2309 terre
1146 2253 1448 2301 intolerabilis
1481 2267 1540 2300 ac
1570 2255 1673 2301 luce
1702 2258 1822 2301 esset
1850 2254 2075 2314 indiqnus.
2112 2258 2185 2301 ut-

112 2282 268 2389 ,re
298 2338 358 2375 se
383 2327 549 2389 ferens
582 2328 632 2374 in
658 2327 828 2387 primis
849 2326 1152 2387 apostolicam
1177 2327 1345 2384 sedem,
1384 2324 1550 2372 dehinc
1572 2330 1620 2372 et
1640 2325 1868 2387 quendam
1894 2324 2184 2372 christianis-

206 2399 540 2461 'sanctumque
564 2398 846 2467 francorum
881 2410 1034 2459 reqem
1073 2397 1303 2444 Thalmud
1333 2396 1640 2445 comburendo
1673 2396 1841 2443 christi
1880 2398 2185 2456 evanqelicum

167 2518 169 2521 Α
224 2495 230 2502 ·
303 2474 602 2533 preceptum.
678 2469 775 2526 Quo
803 2469 935 2516 haud
962 2470 1095 2516 dubie
1122 2470 1182 2530 fit
1214 2473 1268 2516 ut
1303 2482 1504 2529 nequam
1538 2470 1665 2526 iudei
1693 2467 1783 2515 sibi
1811 2468 1965 2515 videre
1999 2468 2185 2515 videan-

123 2544 316 2591 nov-ito
339 2541 495 2591 sedem
526 2543 828 2603 apostolicam
858 2554 1061 2603 arquere
1089 2541 1147 2587 de
1177 2543 1500 2588 cruentissima
1543 2541 1914 2603 iniquissimaque
1949 2553 2057 2587 cum
2093 2540 2183 2587 vio·

95 2618 131 2669 ᾗ
200 2614 318 2662 *tunt
345 2616 646 2676 oppressione
678 2615 980 2674 nequissima,
1024 2616 1190 2672 utpote
1232 2626 1325 2674 que
1362 2615 1532 2659 contra
1575 2612 1745 2659 christi
1789 2609 1943 2675 (quem
1968 2625 2064 2673 pro
2101 2611 2184 2659 deo

33 2676 410 2748 m‘aepertum
446 2691 495 2734 et
525 2686 832 2747 evanqelicum
859 2688 1142 2746 preceptum
1170 2685 1236 2731 eis
1268 2685 1491 2731 violenter
1525 2683 1716 2731 abstulit
1755 2682 2027 2743 ablatosque
2062 2682 2183 2730 thal·

33 2754 240 2810 “ou
266 2757 409 2807 libros
436 2759 562 2806 eitra
597 2770 790 2816 omnem,
823 2758 959 2803 immo
994 2759 1165 2803 contra
1202 2757 1436 2803 iusticiam
1461 2755 1769 2817 evanqelicam
1789 2758 1837 2800 et
1860 2754 2182 2812 christianam,

32 2815 302 2892 mue
321 2829 492 2878 christi
525 2833 725 2876 mentem
760 2840 819 2875 ac
841 2831 1119 2888 preceptum
1155 2829 1369 2887 nequiter
1400 2827 1662 2875 combussit.
1733 2824 1845 2883 Quis
1877 2827 2043 2872 etenim
2078 2826 2181 2886 infi-

0 2896 138 2956 sus
151 2899 236 2948 *ire
254 2905 436 2963 posset,
468 2902 571 2949 luce
592 2901 770 2947 clarius
794 2899 882 2956 hec
911 2899 1159 2959 Capnionis
1182 2901 1381 2959 assequi,
1418 2900 1553 2946 immo
1577 2899 1737 2960 palam
1763 2898 2001 2943 continere
2024 2897 2183 2943 dicta?

119 2976 121 2978 ’
257 2976 308 3020 et
341 2973 472 3029 iudei
510 2971 636 3020 hunc
662 2985 865 3032 porcum
905 2971 1139 3017 marinum
1185 2972 1251 3017 eis
1292 2971 1609 3031 gratissimum
1657 2971 1704 3015 in
1750 2968 1907 3015 eodem
1956 2969 2184 3015 almanice

31 3045 299 3107 ,σαίρω
332 3044 477 3092 libello
519 3043 702 3091 indubie
744 3046 979 3091 venantur
1024 3041 1525 3102 comprehenduntque.
1599 3039 1696 3097 Quo
1745 3039 1858 3101 quid
1891 3039 2040 3095 iudeis
2080 3040 2181 3086 dul-

38 3163 55 3178 *
144 3147 161 3174 ,
187 3114 291 3163 sedi
317 3128 429 3164 vero
456 3116 709 3176 apostolice
739 3128 798 3161 ac
830 3113 1172 3160 christianitati
1192 3114 1531 3174 iqnominiosius
1565 3112 1771 3172 Capnion
1799 3122 1971 3158 canere
1995 3112 2180 3171 potuis·

12 3186 142 3242 ³1?
174 3185 282 3235 Hoc
319 3177 519 3249 inquarae
556 3199 745 3243 errore,
785 3185 877 3232 hac
914 3186 1117 3244 pessima
1154 3183 1311 3241 heresi
1355 3185 1538 3231 minime
1583 3185 1785 3230 satiatus
1825 3182 2068 3228 nominalis
2105 3181 2180 3229 hic

303 3261 637 3320 propuqnator
681 3256 754 3318 (re
797 3260 954 3303 autem
995 3258 1100 3317 ipsa
1137 3259 1191 3303 ut
1226 3256 1453 3303 constabit
1487 3252 1855 3315 capniomastix)
1900 3254 2025 3299 inter
2065 3254 2181 3301 alios

144 3354 162 3367 ν
189 3331 462 3377 1‘simum
497 3328 621 3377 hunc
653 3329 824 3375 adiecit
858 3339 1068 3375 errorem
1100 3326 1252 3389 (quem
1286 3340 1418 3374 nemo
1453 3328 1560 3387 equi
1586 3326 1776 3386 bonique
1807 3324 1976 3385 facere
1995 3321 2178 3388 potest)

91 3455 111 3462 .„
144 3440 145 3443 ,
200 3401 573 3462 pessundantem
603 3414 768 3448 novum
800 3402 1143 3456 testamentum,
1179 3400 1497 3459 maximopere
1522 3401 1615 3444 tum
1639 3398 1791 3444 sacris
1819 3396 2062 3457 evangeliis
2084 3401 2179 3443 tum

147 3473 346 3520 olorum
379 3473 596 3532 scriptis,
644 3473 779 3518 immo
824 3471 1172 3531 spiritui-sancto
1218 3469 1569 3517 intolerabiliter
1605 3468 1918 3515 detrahentem
1931 3503 1943 3524 ‚
1985 3468 2180 3528 perinde

103 3543 165 3592 st
194 3545 592 3605 spiritussanctus
611 3544 891 3603 precipuum
919 3544 1044 3588 inter
1079 3542 1312 3590 credenda
1325 3577 1338 3598 ‚
1383 3542 1596 3602 interque
1635 3541 1700 3586 ad
1733 3541 1931 3586 salutem
1962 3551 2174 3585 necessa-

84 3664 88 3670 ,
119 3617 369 3676 zjm'mum,
406 3628 502 3675 per
541 3618 732 3660 sanctos
775 3614 850 3660 dei
894 3612 1099 3660 homines
1138 3613 1238 3675 (qui
1274 3625 1329 3660 eo
1362 3613 1625 3672 inspirante
1659 3613 1706 3658 in
1743 3625 1860 3658 nova
1891 3612 2176 3670 potissimum

161 3686 174 3698 ‘
202 3691 313 3734 sunt
344 3686 457 3747 leqe)
495 3700 586 3733 non
620 3686 739 3732 satis
774 3686 1103 3746 expressisset.
1178 3685 1256 3732 Ait
1287 3696 1485 3744 namque
1507 3682 1598 3729 heu
1625 3684 1873 3730 temerario
1899 3694 1981 3727 ore
2006 3680 2069 3741 (in
2089 3680 2174 3727 hoc

139 3782 167 3791 ’ν
201 3758 338 3805 'asse
369 3760 493 3805 visus
523 3758 642 3804 luem
676 3757 803 3803 illam
836 3753 1112 3819 manum)
1154 3758 1200 3804 in
1236 3770 1351 3805 novo
1390 3755 1667 3802 testamento
1704 3758 1800 3801 tam
1838 3751 2176 3812 insufficienter

35 3892 39 3897 Ι
72 3875 74 3878 ,
121 3855 138 3867 -ι
207 3829 494 3877 inevidenter
522 3840 802 3890 expressum
836 3841 959 3884 esse,
999 3829 1124 3889 quod
1153 3828 1287 3876 Iesus
1322 3827 1479 3883 Marie
1513 3825 1894 3888 superbenedicte
1927 3824 2074 3882 filius,
2112 3822 2173 3866 sit

54 3899 59 3904 ’
109 3929 111 3934 ,
198 3900 327 3948 deus.
404 3900 442 3947 0
470 3901 545 3947 (lei
565 3901 816 3948 salvatoris
848 3903 1003 3948 nostri
1033 3902 1263 3957 iniuriam,
1301 3902 1434 3946 immo
1469 3898 1796 3958 blasphemiam
1829 3895 2092 3946 maximam,
2125 3896 2170 3936 et

0 3964 122 4016 “Oti
137 3971 465 4023 intolerabilem
493 3972 842 4027 christianitati,
882 3972 939 4017 de
973 3973 1070 4019 eius
1101 3972 1270 4032 finibus
1296 3971 1463 4033 procul
1497 3969 1833 4016 eliminandam.
1910 3966 1946 4010 O
1982 3976 2057 4010 vos
2080 3977 2171 4024 pre
