<?xml version="1.0" encoding="UTF-8"?>
<!DOCTYPE html PUBLIC "-//W3C//DTD XHTML 1.0 Transitional//EN"
    "http://www.w3.org/TR/xhtml1/DTD/xhtml1-transitional.dtd">
<html xmlns="http://www.w3.org/1999/xhtml" xml:lang="en" lang="en">
 <head>
  <title>
</title>
<meta http-equiv="Content-Type" content="text/html;charset=utf-8" />
  <meta name='ocr-system' content='tesseract 3.04.00' />
  <meta name='ocr-capabilities' content='ocr_page ocr_carea ocr_par ocr_line ocrx_word'/>
</head>
<body>
  <div class='ocr_page' id='page_1' title='image "./supoperaquaerepe01huttuoft_0181.png"; bbox 0 0 2456 4264; ppageno 0'>
   <div class='ocr_carea' id='block_1_1' title="bbox 376 277 2230 344">
    <p class='ocr_par' dir='ltr' id='par_1_1' title="bbox 376 277 2230 344">
     <span class='ocr_line' id='line_1_1' title="bbox 376 277 2230 344; baseline -0.001 -13"><span class='ocrx_word' id='word_1_1' title='bbox 376 300 640 344; x_wconf 32' lang='lat' dir='ltr'><em>sax—«muru</em></span> <span class='ocrx_word' id='word_1_2' title='bbox 661 301 1080 331; x_wconf 67' lang='lat' dir='ltr'><em>mnnnrsmusnm</em></span> <span class='ocrx_word' id='word_1_3' title='bbox 1100 301 1353 331; x_wconf 70' lang='lat' dir='ltr'><em>noc‘ronvu</em></span> <span class='ocrx_word' id='word_1_4' title='bbox 1373 299 1497 330; x_wconf 77' lang='lat' dir='ltr'>DATA</span> <span class='ocrx_word' id='word_1_5' title='bbox 1517 302 1563 330; x_wconf 86' lang='lat' dir='ltr'><em>D.</em></span> <span class='ocrx_word' id='word_1_6' title='bbox 1583 296 1618 329; x_wconf 80' lang='lat'><em>2.</em></span> <span class='ocrx_word' id='word_1_7' title='bbox 1642 301 1749 332; x_wconf 68' lang='lat' dir='ltr'><em>Avo.</em></span> <span class='ocrx_word' id='word_1_8' title='bbox 1772 300 1817 329; x_wconf 74' lang='lat' dir='ltr'><em>A.</em></span> <span class='ocrx_word' id='word_1_9' title='bbox 1844 296 1942 330; x_wconf 74' lang='lat'><em>1514.</em></span> <span class='ocrx_word' id='word_1_10' title='bbox 2123 277 2230 335; x_wconf 78' lang='lat'><em>141</em></span> 
     </span>
    </p>
   </div>
   <div class='ocr_carea' id='block_1_2' title="bbox 6 420 2365 3747">
    <p class='ocr_par' dir='ltr' id='par_1_2' title="bbox 69 420 2245 498">
     <span class='ocr_line' id='line_1_2' title="bbox 69 420 2245 498; baseline -0 -15"><span class='ocrx_word' id='word_1_11' title='bbox 69 425 182 498; x_wconf 62' lang='lat' dir='ltr'><em>piis,</em></span> <span class='ocrx_word' id='word_1_12' title='bbox 213 447 309 498; x_wconf 79' lang='lat' dir='ltr'><em>ceu</em></span> <span class='ocrx_word' id='word_1_13' title='bbox 333 420 504 481; x_wconf 81' lang='lat' dir='ltr'><em>David</em></span> <span class='ocrx_word' id='word_1_14' title='bbox 541 434 707 482; x_wconf 88' lang='lat' dir='ltr'><em>turris</em></span> <span class='ocrx_word' id='word_1_15' title='bbox 737 433 1137 495; x_wconf 76' lang='lat' dir='ltr'><em>propuqnaculis</em></span> <span class='ocrx_word' id='word_1_16' title='bbox 1171 427 1503 494; x_wconf 79' lang='lat' dir='ltr'><em>undequaque</em></span> <span class='ocrx_word' id='word_1_17' title='bbox 1538 439 1694 494; x_wconf 79' lang='lat' dir='ltr'><em>septa,</em></span> <span class='ocrx_word' id='word_1_18' title='bbox 1732 433 1852 481; x_wconf 91' lang='lat' dir='ltr'><em>dum</em></span> <span class='ocrx_word' id='word_1_19' title='bbox 1885 434 2136 482; x_wconf 89' lang='lat' dir='ltr'><em>intestinos</em></span> <span class='ocrx_word' id='word_1_20' title='bbox 2161 440 2245 483; x_wconf 86' lang='lat' dir='ltr'><em>ut-</em></span> 
     </span>
    </p>

    <p class='ocr_par' dir='ltr' id='par_1_3' title="bbox 13 504 2246 588">
     <span class='ocr_line' id='line_1_3' title="bbox 13 504 2246 588; baseline -0.001 -17"><span class='ocrx_word' id='word_1_21' title='bbox 13 535 21 586; x_wconf 70' lang='lat' dir='ltr'>j</span> <span class='ocrx_word' id='word_1_22' title='bbox 73 509 271 580; x_wconf 67' lang='lat' dir='ltr'><em>cumque</em></span> <span class='ocrx_word' id='word_1_23' title='bbox 295 508 393 567; x_wconf 85' lang='lat' dir='ltr'><em>sibi</em></span> <span class='ocrx_word' id='word_1_24' title='bbox 421 519 756 588; x_wconf 67' lang='lat' dir='ltr'><em>ascriptarum</em></span> <span class='ocrx_word' id='word_1_25' title='bbox 778 516 1000 566; x_wconf 68' lang='lat' dir='ltr'><em>‘militum</em></span> <span class='ocrx_word' id='word_1_26' title='bbox 1026 518 1227 578; x_wconf 89' lang='lat' dir='ltr'><em>patitur</em></span> <span class='ocrx_word' id='word_1_27' title='bbox 1243 515 1479 575; x_wconf 86' lang='lat' dir='ltr'><em>insultus,</em></span> <span class='ocrx_word' id='word_1_28' title='bbox 1517 504 1749 566; x_wconf 36' lang='lat' dir='ltr'><em>Ancillas*</em></span> <span class='ocrx_word' id='word_1_29' title='bbox 1766 531 1886 566; x_wconf 89' lang='lat' dir='ltr'><em>suas</em></span> <span class='ocrx_word' id='word_1_30' title='bbox 1909 528 2093 579; x_wconf 86' lang='lat' dir='ltr'><em>easque</em></span> <span class='ocrx_word' id='word_1_31' title='bbox 2116 519 2246 568; x_wconf 84' lang='lat' dir='ltr'><em>inter</em></span> 
     </span>
    </p>

    <p class='ocr_par' dir='ltr' id='par_1_4' title="bbox 10 601 2244 664">
     <span class='ocr_line' id='line_1_4' title="bbox 10 601 2244 664; baseline -0.001 -10"><span class='ocrx_word' id='word_1_32' title='bbox 10 655 13 658; x_wconf 13' lang='grc' dir='ltr'><strong>Α</strong></span> <span class='ocrx_word' id='word_1_33' title='bbox 74 618 128 654; x_wconf 83' lang='lat' dir='ltr'><em>se</em></span> <span class='ocrx_word' id='word_1_34' title='bbox 163 603 444 652; x_wconf 78' lang='lat' dir='ltr'><em>Germanas</em></span> <span class='ocrx_word' id='word_1_35' title='bbox 486 602 844 664; x_wconf 78' lang='lat' dir='ltr'><em>Theoloqorum</em></span> <span class='ocrx_word' id='word_1_36' title='bbox 880 601 1205 662; x_wconf 88' lang='lat' dir='ltr'><em>Academias,</em></span> <span class='ocrx_word' id='word_1_37' title='bbox 1243 601 1576 651; x_wconf 86' lang='lat' dir='ltr'><em>Coloniensem</em></span> <span class='ocrx_word' id='word_1_38' title='bbox 1614 605 1817 663; x_wconf 89' lang='lat' dir='ltr'><em>inquam</em></span> <span class='ocrx_word' id='word_1_39' title='bbox 1831 641 1843 664; x_wconf 93' lang='lat'>,</span> <span class='ocrx_word' id='word_1_40' title='bbox 1885 603 2244 664; x_wconf 81' lang='lat' dir='ltr'><em>Moquntinen-</em></span> 
     </span>
    </p>

    <p class='ocr_par' dir='ltr' id='par_1_5' title="bbox 8 687 2294 753">
     <span class='ocr_line' id='line_1_5' title="bbox 8 687 2294 753; baseline 0 -14"><span class='ocrx_word' id='word_1_41' title='bbox 8 690 11 727; x_wconf 81' lang='grc' dir='ltr'><em>ῑ</em></span> <span class='ocrx_word' id='word_1_42' title='bbox 73 701 199 749; x_wconf 79' lang='lat' dir='ltr'><em>sem,</em></span> <span class='ocrx_word' id='word_1_43' title='bbox 245 687 601 738; x_wconf 74' lang='lat' dir='ltr'><em>lovaniensem</em></span> <span class='ocrx_word' id='word_1_44' title='bbox 628 694 677 737; x_wconf 87' lang='lat' dir='ltr'><em>et</em></span> <span class='ocrx_word' id='word_1_45' title='bbox 710 687 1145 750; x_wconf 85' lang='lat' dir='ltr'><em>Erphordensem‚</em></span> <span class='ocrx_word' id='word_1_46' title='bbox 1188 701 1342 736; x_wconf 91' lang='lat' dir='ltr'><em>sacra</em></span> <span class='ocrx_word' id='word_1_47' title='bbox 1381 688 1559 750; x_wconf 88' lang='lat' dir='ltr'><em>sophia</em></span> <span class='ocrx_word' id='word_1_48' title='bbox 1601 691 1793 737; x_wconf 80' lang='lat' dir='ltr'><em>vocavit</em></span> <span class='ocrx_word' id='word_1_49' title='bbox 1835 689 1907 737; x_wconf 91' lang='lat' dir='ltr'><em>ad</em></span> <span class='ocrx_word' id='word_1_50' title='bbox 1941 702 2111 738; x_wconf 91' lang='lat' dir='ltr'><em>arcem</em></span> <span class='ocrx_word' id='word_1_51' title='bbox 2159 692 2244 739; x_wconf 91' lang='lat' dir='ltr'><em>iu—</em></span> <span class='ocrx_word' id='word_1_52' title='bbox 2291 747 2294 753; x_wconf 34' lang='grc'><strong>,</strong></span> 
     </span>
    </p>

    <p class='ocr_par' dir='ltr' id='par_1_6' title="bbox 6 771 2245 861">
     <span class='ocr_line' id='line_1_6' title="bbox 6 771 2245 861; baseline -0.001 -36"><span class='ocrx_word' id='word_1_53' title='bbox 6 781 15 861; x_wconf 41' lang='lat'>5</span> <span class='ocrx_word' id='word_1_54' title='bbox 40 775 225 832; x_wconf 66' lang='lat' dir='ltr'><em>§deice</em></span> <span class='ocrx_word' id='word_1_55' title='bbox 250 773 470 836; x_wconf 80' lang='lat' dir='ltr'><em>perfidie</em></span> <span class='ocrx_word' id='word_1_56' title='bbox 493 774 739 823; x_wconf 88' lang='lat' dir='ltr'><em>machinis</em></span> <span class='ocrx_word' id='word_1_57' title='bbox 773 773 1019 822; x_wconf 81' lang='lat' dir='ltr'><strong><em>obsessam</em></strong></span> <span class='ocrx_word' id='word_1_58' title='bbox 1055 773 1371 833; x_wconf 91' lang='lat' dir='ltr'><em>eiusdemque</em></span> <span class='ocrx_word' id='word_1_59' title='bbox 1404 771 1740 822; x_wconf 85' lang='lat' dir='ltr'><em>Thalmudicis</em></span> <span class='ocrx_word' id='word_1_60' title='bbox 1765 774 2123 834; x_wconf 82' lang='lat' dir='ltr'><em>propemodum</em></span> <span class='ocrx_word' id='word_1_61' title='bbox 2147 787 2245 836; x_wconf 84' lang='lat' dir='ltr'><em>op-</em></span> 
     </span>
    </p>

    <p class='ocr_par' dir='ltr' id='par_1_7' title="bbox 9 857 2245 923">
     <span class='ocr_line' id='line_1_7' title="bbox 9 857 2245 923; baseline -0.001 -14"><span class='ocrx_word' id='word_1_62' title='bbox 9 871 11 875; x_wconf 83' lang='lat'>·</span> <span class='ocrx_word' id='word_1_63' title='bbox 66 871 297 923; x_wconf 80' lang='lat' dir='ltr'><em>pressam</em></span> <span class='ocrx_word' id='word_1_64' title='bbox 344 860 597 907; x_wconf 85' lang='lat' dir='ltr'><em>tormentis</em></span> <span class='ocrx_word' id='word_1_65' title='bbox 635 859 818 917; x_wconf 82' lang='lat' dir='ltr'><em>Quibus</em></span> <span class='ocrx_word' id='word_1_66' title='bbox 870 864 925 908; x_wconf 90' lang='lat' dir='ltr'><em>ut</em></span> <span class='ocrx_word' id='word_1_67' title='bbox 969 857 1405 921; x_wconf 76' lang='lat' dir='ltr'><em>suffraqaremur,</em></span> <span class='ocrx_word' id='word_1_68' title='bbox 1461 860 1748 918; x_wconf 82' lang='lat' dir='ltr'><em>cunctisque</em></span> <span class='ocrx_word' id='word_1_69' title='bbox 1803 861 2052 906; x_wconf 87' lang='lat' dir='ltr'><em>communi</em></span> <span class='ocrx_word' id='word_1_70' title='bbox 2101 860 2245 907; x_wconf 83' lang='lat' dir='ltr'><em>chri-</em></span> 
     </span>
    </p>

    <p class='ocr_par' dir='ltr' id='par_1_8' title="bbox 9 935 2245 1008">
     <span class='ocr_line' id='line_1_8' title="bbox 9 935 2245 1008; baseline -0.002 -12"><span class='ocrx_word' id='word_1_71' title='bbox 9 935 21 978; x_wconf 21' lang='grc' dir='ltr'><strong><em>ἓ</em></strong></span> <span class='ocrx_word' id='word_1_72' title='bbox 73 946 234 1004; x_wconf 69' lang='lat' dir='ltr'><em>stione</em></span> <span class='ocrx_word' id='word_1_73' title='bbox 266 945 348 992; x_wconf 86' lang='lat' dir='ltr'><em>rei</em></span> <span class='ocrx_word' id='word_1_74' title='bbox 374 957 527 1003; x_wconf 79' lang='lat' dir='ltr'><em>cause</em></span> <span class='ocrx_word' id='word_1_75' title='bbox 556 946 1026 1008; x_wconf 70' lang='lat' dir='ltr'><em>patrocinaremur,</em></span> <span class='ocrx_word' id='word_1_76' title='bbox 1075 945 1221 991; x_wconf 91' lang='lat' dir='ltr'><em>misso</em></span> <span class='ocrx_word' id='word_1_77' title='bbox 1263 943 1337 991; x_wconf 92' lang='lat' dir='ltr'><em>ad</em></span> <span class='ocrx_word' id='word_1_78' title='bbox 1381 955 1469 991; x_wconf 92' lang='lat' dir='ltr'><em>nos</em></span> <span class='ocrx_word' id='word_1_79' title='bbox 1503 943 1667 991; x_wconf 92' lang='lat' dir='ltr'><em>libello</em></span> <span class='ocrx_word' id='word_1_80' title='bbox 1703 943 1939 1003; x_wconf 89' lang='lat' dir='ltr'><em>quodam,</em></span> <span class='ocrx_word' id='word_1_81' title='bbox 1992 947 2077 992; x_wconf 89' lang='lat' dir='ltr'><em>cui</em></span> <span class='ocrx_word' id='word_1_82' title='bbox 2112 943 2245 992; x_wconf 87' lang='lat' dir='ltr'><em>Ocu—</em></span> 
     </span>
    </p>

    <p class='ocr_par' dir='ltr' id='par_1_9' title="bbox 8 1008 2244 1092">
     <span class='ocr_line' id='line_1_9' title="bbox 8 1008 2244 1092; baseline -0.002 -12"><span class='ocrx_word' id='word_1_83' title='bbox 8 1008 22 1082; x_wconf 49' lang='lat'><em>}</em></span> <span class='ocrx_word' id='word_1_84' title='bbox 74 1031 200 1080; x_wconf 70' lang='lat' dir='ltr'><em>loeis</em></span> <span class='ocrx_word' id='word_1_85' title='bbox 231 1031 426 1092; x_wconf 81' lang='lat' dir='ltr'><em>speculi</em></span> <span class='ocrx_word' id='word_1_86' title='bbox 455 1043 555 1077; x_wconf 91' lang='lat' dir='ltr'><em>non</em></span> <span class='ocrx_word' id='word_1_87' title='bbox 589 1031 697 1078; x_wconf 92' lang='lat' dir='ltr'><em>sine</em></span> <span class='ocrx_word' id='word_1_88' title='bbox 731 1031 935 1078; x_wconf 90' lang='lat' dir='ltr'><em>macula</em></span> <span class='ocrx_word' id='word_1_89' title='bbox 965 1041 1141 1077; x_wconf 91' lang='lat' dir='ltr'><em>nomen</em></span> <span class='ocrx_word' id='word_1_90' title='bbox 1166 1029 1378 1076; x_wconf 85' lang='lat' dir='ltr'><em>inditum</em></span> <span class='ocrx_word' id='word_1_91' title='bbox 1402 1033 1490 1091; x_wconf 87' lang='lat' dir='ltr'><em>est,</em></span> <span class='ocrx_word' id='word_1_92' title='bbox 1520 1026 1709 1075; x_wconf 89' lang='lat' dir='ltr'><em>Ioanni</em></span> <span class='ocrx_word' id='word_1_93' title='bbox 1728 1026 1974 1076; x_wconf 82' lang='lat' dir='ltr'><em>Reuchlin</em></span> <span class='ocrx_word' id='word_1_94' title='bbox 2011 1031 2244 1090; x_wconf 88' lang='lat' dir='ltr'><em>ascripto,</em></span> 
     </span>
    </p>

    <p class='ocr_par' dir='ltr' id='par_1_10' title="bbox 11 1111 2298 1191">
     <span class='ocr_line' id='line_1_10' title="bbox 11 1111 2298 1191; baseline -0.001 -26"><span class='ocrx_word' id='word_1_95' title='bbox 11 1148 21 1191; x_wconf 39' lang='grc' dir='ltr'><strong>ἰ</strong></span> <span class='ocrx_word' id='word_1_96' title='bbox 74 1120 241 1165; x_wconf 77' lang='lat' dir='ltr'><em>nostw</em></span> <span class='ocrx_word' id='word_1_97' title='bbox 284 1117 509 1164; x_wconf 88' lang='lat' dir='ltr'><em>cauterio</em></span> <span class='ocrx_word' id='word_1_98' title='bbox 554 1115 802 1163; x_wconf 91' lang='lat' dir='ltr'><em>inurendo</em></span> <span class='ocrx_word' id='word_1_99' title='bbox 847 1116 1042 1162; x_wconf 77' lang='lat' dir='ltr'><em>iteratis</em></span> <span class='ocrx_word' id='word_1_100' title='bbox 1085 1114 1301 1174; x_wconf 89' lang='lat' dir='ltr'><em>epistolis</em></span> <span class='ocrx_word' id='word_1_101' title='bbox 1335 1114 1485 1161; x_wconf 86' lang='lat' dir='ltr'><em>etiam</em></span> <span class='ocrx_word' id='word_1_102' title='bbox 1527 1117 1676 1173; x_wconf 89' lang='lat' dir='ltr'><em>atque</em></span> <span class='ocrx_word' id='word_1_103' title='bbox 1711 1114 1859 1160; x_wconf 85' lang='lat' dir='ltr'><em>etiam</em></span> <span class='ocrx_word' id='word_1_104' title='bbox 1896 1111 2251 1173; x_wconf 75' lang='lat' dir='ltr'><em>efflaqitarunt</em></span> <span class='ocrx_word' id='word_1_105' title='bbox 2295 1148 2298 1151; x_wconf 88' lang='lat'><em>-</em></span> 
     </span>
    </p>

    <p class='ocr_par' dir='ltr' id='par_1_11' title="bbox 9 1195 2247 1264">
     <span class='ocr_line' id='line_1_11' title="bbox 9 1195 2247 1264; baseline -0 -16"><span class='ocrx_word' id='word_1_106' title='bbox 9 1195 68 1262; x_wconf 54' lang='grc' dir='ltr'><em>ζ.</em></span> <span class='ocrx_word' id='word_1_107' title='bbox 72 1202 324 1264; x_wconf 71' lang='lat' dir='ltr'><em>prestanti</em></span> <span class='ocrx_word' id='word_1_108' title='bbox 345 1200 575 1248; x_wconf 88' lang='lat' dir='ltr'><em>doctrina</em></span> <span class='ocrx_word' id='word_1_109' title='bbox 598 1201 699 1248; x_wconf 88' lang='lat' dir='ltr'><em>viri</em></span> <span class='ocrx_word' id='word_1_110' title='bbox 727 1199 960 1260; x_wconf 74' lang='lat' dir='ltr'><em>Theoloqi</em></span> <span class='ocrx_word' id='word_1_111' title='bbox 985 1199 1295 1247; x_wconf 89' lang='lat' dir='ltr'><em>Colonienses</em></span> <span class='ocrx_word' id='word_1_112' title='bbox 1324 1211 1512 1258; x_wconf 74' lang='lat' dir='ltr'><em>maqna</em></span> <span class='ocrx_word' id='word_1_113' title='bbox 1526 1198 1861 1259; x_wconf 78' lang='lat' dir='ltr'><em>proculdubio</em></span> <span class='ocrx_word' id='word_1_114' title='bbox 1884 1199 2021 1246; x_wconf 87' lang='lat' dir='ltr'><em>nobis</em></span> <span class='ocrx_word' id='word_1_115' title='bbox 2055 1212 2247 1261; x_wconf 89' lang='lat' dir='ltr'><em>semper</em></span> 
     </span>
    </p>

    <p class='ocr_par' dir='ltr' id='par_1_12' title="bbox 12 1272 2248 1346">
     <span class='ocr_line' id='line_1_12' title="bbox 12 1272 2248 1346; baseline -0.001 -11"><span class='ocrx_word' id='word_1_116' title='bbox 12 1310 22 1346; x_wconf 83' lang='lat'><em>;.</em></span> <span class='ocrx_word' id='word_1_117' title='bbox 75 1272 434 1336; x_wconf 70' lang='lat' dir='ltr'><em>necessitudine</em></span> <span class='ocrx_word' id='word_1_118' title='bbox 471 1287 641 1334; x_wconf 89' lang='lat' dir='ltr'><em>iuncti.</em></span> <span class='ocrx_word' id='word_1_119' title='bbox 722 1284 936 1343; x_wconf 80' lang='lat' dir='ltr'><em>Quorum</em></span> <span class='ocrx_word' id='word_1_120' title='bbox 973 1298 1097 1332; x_wconf 88' lang='lat' dir='ltr'><em>sane</em></span> <span class='ocrx_word' id='word_1_121' title='bbox 1142 1285 1264 1332; x_wconf 82' lang='lat' dir='ltr'><em>votis</em></span> <span class='ocrx_word' id='word_1_122' title='bbox 1307 1285 1548 1344; x_wconf 79' lang='lat' dir='ltr'><em>reliqione</em></span> <span class='ocrx_word' id='word_1_123' title='bbox 1581 1284 1884 1344; x_wconf 80' lang='lat' dir='ltr'><em>plenissimis</em></span> <span class='ocrx_word' id='word_1_124' title='bbox 1925 1285 2055 1331; x_wconf 86' lang='lat' dir='ltr'><em>citra</em></span> <span class='ocrx_word' id='word_1_125' title='bbox 2102 1285 2248 1333; x_wconf 87' lang='lat' dir='ltr'><em>chri—</em></span> 
     </span>
    </p>

    <p class='ocr_par' dir='ltr' id='par_1_13' title="bbox 0 1355 2248 1438">
     <span class='ocr_line' id='line_1_13' title="bbox 74 1356 2248 1438; baseline 0 -20"><span class='ocrx_word' id='word_1_126' title='bbox 74 1373 233 1432; x_wconf 74' lang='lat' dir='ltr'><em>stiane</em></span> <span class='ocrx_word' id='word_1_127' title='bbox 267 1372 425 1438; x_wconf 87' lang='lat' dir='ltr'><em>ipsius</em></span> <span class='ocrx_word' id='word_1_128' title='bbox 461 1371 717 1432; x_wconf 76' lang='lat' dir='ltr'><em>reliqionis</em></span> <span class='ocrx_word' id='word_1_129' title='bbox 765 1371 1005 1418; x_wconf 87' lang='lat' dir='ltr'><em>iniuriam</em></span> <span class='ocrx_word' id='word_1_130' title='bbox 1050 1368 1324 1429; x_wconf 72' lang='lat' dir='ltr'><em>resraqari</em></span> <span class='ocrx_word' id='word_1_131' title='bbox 1366 1370 1566 1417; x_wconf 91' lang='lat' dir='ltr'><em>minime</em></span> <span class='ocrx_word' id='word_1_132' title='bbox 1610 1370 1772 1428; x_wconf 89' lang='lat' dir='ltr'><em>licuit,</em></span> <span class='ocrx_word' id='word_1_133' title='bbox 1818 1356 2022 1429; x_wconf 86' lang='lat' dir='ltr'><em>quando</em></span> <span class='ocrx_word' id='word_1_134' title='bbox 2059 1369 2248 1418; x_wconf 87' lang='lat' dir='ltr'><em>Hiere-</em></span> 
     </span>
    </p>

    <p class='ocr_par' dir='ltr' id='par_1_14' title="bbox 20 1448 2248 1517">
     <span class='ocr_line' id='line_1_14' title="bbox 20 1448 2248 1517; baseline -0 -12"><span class='ocrx_word' id='word_1_135' title='bbox 20 1448 22 1450; x_wconf 57' lang='grc'>’</span> <span class='ocrx_word' id='word_1_136' title='bbox 75 1458 171 1517; x_wconf 71' lang='lat' dir='ltr'><em>mie</em></span> <span class='ocrx_word' id='word_1_137' title='bbox 199 1457 441 1505; x_wconf 75' lang='lat' dir='ltr'><em>vaticinio</em></span> <span class='ocrx_word' id='word_1_138' title='bbox 483 1454 788 1504; x_wconf 83' lang='lat' dir='ltr'><em>Maledictus</em></span> <span class='ocrx_word' id='word_1_139' title='bbox 824 1456 914 1516; x_wconf 89' lang='lat' dir='ltr'><em>qui</em></span> <span class='ocrx_word' id='word_1_140' title='bbox 938 1454 1174 1517; x_wconf 91' lang='lat' dir='ltr'><em>prohibet</em></span> <span class='ocrx_word' id='word_1_141' title='bbox 1199 1454 1432 1515; x_wconf 64' lang='lat' dir='ltr'><em>,qladium</em></span> <span class='ocrx_word' id='word_1_142' title='bbox 1463 1467 1606 1503; x_wconf 90' lang='lat' dir='ltr'><em>suum</em></span> <span class='ocrx_word' id='word_1_143' title='bbox 1644 1467 1677 1501; x_wconf 91' lang='lat' dir='ltr'><em>a</em></span> <span class='ocrx_word' id='word_1_144' title='bbox 1711 1455 1973 1514; x_wconf 73' lang='lat' dir='ltr'><em>sanquine.</em></span> <span class='ocrx_word' id='word_1_145' title='bbox 2049 1454 2091 1501; x_wconf 99' lang='grc' dir='ltr'><em>(Ι</em></span> <span class='ocrx_word' id='word_1_146' title='bbox 2131 1455 2248 1504; x_wconf 82' lang='grc' dir='ltr'><em>Μο-</em></span> 
     </span>
    </p>

    <p class='ocr_par' dir='ltr' id='par_1_15' title="bbox 16 1527 2244 1603">
     <span class='ocr_line' id='line_1_15' title="bbox 16 1527 2244 1603; baseline -0.001 -12"><span class='ocrx_word' id='word_1_147' title='bbox 16 1527 24 1549; x_wconf 62' lang='lat'>²</span> <span class='ocrx_word' id='word_1_148' title='bbox 75 1554 183 1595; x_wconf 74' lang='lat' dir='ltr'><em>rm</em></span> <span class='ocrx_word' id='word_1_149' title='bbox 217 1542 374 1603; x_wconf 71' lang='lat' dir='ltr'><em>iqitur</em></span> <span class='ocrx_word' id='word_1_150' title='bbox 408 1541 718 1603; x_wconf 79' lang='lat' dir='ltr'><em>supplicibus</em></span> <span class='ocrx_word' id='word_1_151' title='bbox 750 1543 947 1603; x_wconf 77' lang='lat' dir='ltr'><em>qesturi</em></span> <span class='ocrx_word' id='word_1_152' title='bbox 979 1540 1197 1589; x_wconf 90' lang='lat' dir='ltr'><em>libellum</em></span> <span class='ocrx_word' id='word_1_153' title='bbox 1238 1539 1503 1602; x_wconf 81' lang='lat' dir='ltr'><em>prefatum</em></span> <span class='ocrx_word' id='word_1_154' title='bbox 1547 1540 1738 1588; x_wconf 88' lang='lat' dir='ltr'><em>chartis</em></span> <span class='ocrx_word' id='word_1_155' title='bbox 1784 1539 2037 1595; x_wconf 75' lang='lat' dir='ltr'><em>sexdecim</em></span> <span class='ocrx_word' id='word_1_156' title='bbox 2074 1553 2244 1603; x_wconf 78' lang='lat' dir='ltr'><em>papy—</em></span> 
     </span>
    </p>

    <p class='ocr_par' dir='ltr' id='par_1_16' title="bbox 15 1618 2255 1697">
     <span class='ocr_line' id='line_1_16' title="bbox 15 1625 2255 1697; baseline -0.001 -20"><span class='ocrx_word' id='word_1_157' title='bbox 15 1628 180 1697; x_wconf 55' lang='lat' dir='ltr'><em>{treis</em></span> <span class='ocrx_word' id='word_1_158' title='bbox 212 1636 366 1676; x_wconf 83' lang='lat' dir='ltr'><em>manu</em></span> <span class='ocrx_word' id='word_1_159' title='bbox 400 1629 759 1689; x_wconf 82' lang='lat' dir='ltr'><em>conscriptum,</em></span> <span class='ocrx_word' id='word_1_160' title='bbox 798 1640 910 1676; x_wconf 91' lang='lat' dir='ltr'><em>cum</em></span> <span class='ocrx_word' id='word_1_161' title='bbox 945 1629 1077 1675; x_wconf 90' lang='lat' dir='ltr'><em>alias</em></span> <span class='ocrx_word' id='word_1_162' title='bbox 1110 1625 1408 1687; x_wconf 83' lang='lat' dir='ltr'><em>frequenter</em></span> <span class='ocrx_word' id='word_1_163' title='bbox 1423 1663 1434 1685; x_wconf 86' lang='lat'>‚</span> <span class='ocrx_word' id='word_1_164' title='bbox 1472 1627 1866 1674; x_wconf 78' lang='lat' dir='ltr'><em>tum-novissime</em></span> <span class='ocrx_word' id='word_1_165' title='bbox 1899 1625 1980 1674; x_wconf 92' lang='lat' dir='ltr'><em>die</em></span> <span class='ocrx_word' id='word_1_166' title='bbox 2009 1625 2255 1675; x_wconf 87' lang='lat' dir='ltr'><em>Mercurii</em></span> 
     </span>
    </p>

    <p class='ocr_par' dir='ltr' id='par_1_17' title="bbox 16 1710 2251 1774">
     <span class='ocr_line' id='line_1_17' title="bbox 16 1710 2251 1774; baseline -0.001 -12"><span class='ocrx_word' id='word_1_167' title='bbox 16 1717 21 1720; x_wconf 81' lang='grc'><strong>’</strong></span> <span class='ocrx_word' id='word_1_168' title='bbox 74 1715 240 1763; x_wconf 78' lang='lat' dir='ltr'><em>altera</em></span> <span class='ocrx_word' id='word_1_169' title='bbox 283 1713 466 1762; x_wconf 87' lang='lat' dir='ltr'><em>mensis</em></span> <span class='ocrx_word' id='word_1_170' title='bbox 503 1712 715 1774; x_wconf 73' lang='lat' dir='ltr'><em>Auqusti</em></span> <span class='ocrx_word' id='word_1_171' title='bbox 759 1711 906 1761; x_wconf 84' lang='lat' dir='ltr'><em>Anni.</em></span> <span class='ocrx_word' id='word_1_172' title='bbox 935 1712 1211 1760; x_wconf 56' lang='lat' dir='ltr'><em>Maxula</em></span> <span class='ocrx_word' id='word_1_173' title='bbox 1251 1712 1388 1760; x_wconf 90' lang='lat' dir='ltr'><em>nobis</em></span> <span class='ocrx_word' id='word_1_174' title='bbox 1435 1713 1579 1773; x_wconf 92' lang='lat' dir='ltr'><em>apud</em></span> <span class='ocrx_word' id='word_1_175' title='bbox 1627 1711 1866 1760; x_wconf 89' lang='lat' dir='ltr'><em>Sanctum</em></span> <span class='ocrx_word' id='word_1_176' title='bbox 1904 1710 2251 1760; x_wconf 85' lang='lat' dir='ltr'><em>Mathurinum</em></span> 
     </span>
    </p>

    <p class='ocr_par' dir='ltr' id='par_1_18' title="bbox 26 1797 2251 1947">
     <span class='ocr_line' id='line_1_18' title="bbox 26 1797 2248 1859; baseline -0.002 -9"><span class='ocrx_word' id='word_1_177' title='bbox 26 1852 33 1858; x_wconf 79' lang='grc'><strong>,</strong></span> <span class='ocrx_word' id='word_1_178' title='bbox 77 1797 239 1850; x_wconf 64' lang='lat' dir='ltr'><em>debito</em></span> <span class='ocrx_word' id='word_1_179' title='bbox 273 1800 546 1848; x_wconf 87' lang='lat' dir='ltr'><em>iuramenti</em></span> <span class='ocrx_word' id='word_1_180' title='bbox 578 1804 895 1848; x_wconf 91' lang='lat' dir='ltr'><em>sacramento</em></span> <span class='ocrx_word' id='word_1_181' title='bbox 933 1799 1030 1846; x_wconf 90' lang='lat' dir='ltr'><em>rite</em></span> <span class='ocrx_word' id='word_1_182' title='bbox 1065 1799 1383 1859; x_wconf 73' lang='lat' dir='ltr'><em>conqreqatis</em></span> <span class='ocrx_word' id='word_1_183' title='bbox 1432 1797 1755 1846; x_wconf 75' lang='lat' dir='ltr'><em>exactissima</em></span> <span class='ocrx_word' id='word_1_184' title='bbox 1791 1809 1920 1846; x_wconf 90' lang='lat' dir='ltr'><em>cura</em></span> <span class='ocrx_word' id='word_1_185' title='bbox 1957 1797 2248 1857; x_wconf 88' lang='lat' dir='ltr'><em>discussum,</em></span> 
     </span>
     <span class='ocr_line' id='line_1_19' title="bbox 74 1883 2251 1947; baseline -0.001 -13"><span class='ocrx_word' id='word_1_186' title='bbox 74 1885 442 1945; x_wconf 76' lang='lat' dir='ltr'><em>examinatum,</em></span> <span class='ocrx_word' id='word_1_187' title='bbox 462 1942 469 1947; x_wconf 90' lang='lat'><em>.</em></span> <span class='ocrx_word' id='word_1_188' title='bbox 491 1897 621 1945; x_wconf 81' lang='lat' dir='ltr'><em>equa</em></span> <span class='ocrx_word' id='word_1_189' title='bbox 662 1886 808 1933; x_wconf 91' lang='lat' dir='ltr'><em>lance</em></span> <span class='ocrx_word' id='word_1_190' title='bbox 848 1885 1167 1944; x_wconf 88' lang='lat' dir='ltr'><em>trutinatum,</em></span> <span class='ocrx_word' id='word_1_191' title='bbox 1227 1884 1535 1932; x_wconf 89' lang='lat' dir='ltr'><em>adamussim</em></span> <span class='ocrx_word' id='word_1_192' title='bbox 1571 1887 1622 1931; x_wconf 89' lang='lat' dir='ltr'><em>et</em></span> <span class='ocrx_word' id='word_1_193' title='bbox 1666 1884 1974 1943; x_wconf 79' lang='lat' dir='ltr'><em>articulatim</em></span> <span class='ocrx_word' id='word_1_194' title='bbox 2015 1883 2251 1932; x_wconf 88' lang='lat' dir='ltr'><em>libratum</em></span> 
     </span>
    </p>

    <p class='ocr_par' dir='ltr' id='par_1_19' title="bbox 18 1969 2247 2030">
     <span class='ocr_line' id='line_1_20' title="bbox 18 1969 2247 2030; baseline -0 -11"><span class='ocrx_word' id='word_1_195' title='bbox 18 1985 26 1992; x_wconf 75' lang='grc'><strong><em>’</em></strong></span> <span class='ocrx_word' id='word_1_196' title='bbox 75 1974 248 2020; x_wconf 75' lang='lat' dir='ltr'><em>nasim</em></span> <span class='ocrx_word' id='word_1_197' title='bbox 276 1970 549 2019; x_wconf 82' lang='lat' dir='ltr'><em>doctrinali</em></span> <span class='ocrx_word' id='word_1_198' title='bbox 569 1971 812 2018; x_wconf 90' lang='lat' dir='ltr'><em>sententia</em></span> <span class='ocrx_word' id='word_1_199' title='bbox 836 1970 1048 2018; x_wconf 88' lang='lat' dir='ltr'><em>dicimus</em></span> <span class='ocrx_word' id='word_1_200' title='bbox 1073 1982 1177 2018; x_wconf 91' lang='lat' dir='ltr'><em>esse</em></span> <span class='ocrx_word' id='word_1_201' title='bbox 1203 1981 1483 2030; x_wconf 87' lang='lat' dir='ltr'><em>respersum</em></span> <span class='ocrx_word' id='word_1_202' title='bbox 1509 1969 1674 2016; x_wconf 90' lang='lat' dir='ltr'><em>multis</em></span> <span class='ocrx_word' id='word_1_203' title='bbox 1697 1969 2052 2016; x_wconf 89' lang='lat' dir='ltr'><em>assertionibus</em></span> <span class='ocrx_word' id='word_1_204' title='bbox 2080 1969 2247 2030; x_wconf 87' lang='lat' dir='ltr'><em>falsis,</em></span> 
     </span>
    </p>

    <p class='ocr_par' dir='ltr' id='par_1_20' title="bbox 17 2047 2322 2126">
     <span class='ocr_line' id='line_1_21' title="bbox 17 2047 2322 2126; baseline -0.001 -22"><span class='ocrx_word' id='word_1_205' title='bbox 17 2056 361 2126; x_wconf 51' lang='lat' dir='ltr'><em>&amp;temerariis</em></span> <span class='ocrx_word' id='word_1_206' title='bbox 376 2093 388 2114; x_wconf 94' lang='lat'>,</span> <span class='ocrx_word' id='word_1_207' title='bbox 422 2051 649 2117; x_wconf 88' lang='lat' dir='ltr'><em>piarum</em></span> <span class='ocrx_word' id='word_1_208' title='bbox 669 2049 871 2104; x_wconf 89' lang='lat' dir='ltr'><em>aurium</em></span> <span class='ocrx_word' id='word_1_209' title='bbox 906 2054 1182 2115; x_wconf 83' lang='lat' dir='ltr'><em>offensivis‚</em></span> <span class='ocrx_word' id='word_1_210' title='bbox 1219 2054 1552 2112; x_wconf 80' lang='lat' dir='ltr'><em>scandalosi8‚</em></span> <span class='ocrx_word' id='word_1_211' title='bbox 1589 2055 1838 2109; x_wconf 86' lang='lat' dir='ltr'><em>erroneis,</em></span> <span class='ocrx_word' id='word_1_212' title='bbox 1874 2053 2087 2113; x_wconf 76' lang='lat' dir='ltr'><em>Iudaice</em></span> <span class='ocrx_word' id='word_1_213' title='bbox 2111 2047 2248 2116; x_wconf 72' lang='lat' dir='ltr'><em>&#39;per-</em></span> <span class='ocrx_word' id='word_1_214' title='bbox 2319 2111 2322 2114; x_wconf 15' lang='lat'><strong>⁴</strong></span> 
     </span>
    </p>

    <p class='ocr_par' dir='ltr' id='par_1_21' title="bbox 20 2139 2247 2201">
     <span class='ocr_line' id='line_1_22' title="bbox 20 2139 2247 2201; baseline -0 -12"><span class='ocrx_word' id='word_1_215' title='bbox 20 2152 29 2182; x_wconf 53' lang='grc' dir='ltr'><em>’ν</em></span> <span class='ocrx_word' id='word_1_216' title='bbox 69 2141 191 2201; x_wconf 78' lang='lat' dir='ltr'><em>fidie</em></span> <span class='ocrx_word' id='word_1_217' title='bbox 226 2139 493 2200; x_wconf 85' lang='lat' dir='ltr'><em>manifeste</em></span> <span class='ocrx_word' id='word_1_218' title='bbox 523 2139 781 2200; x_wconf 81' lang='lat' dir='ltr'><em>fautoriis‚</em></span> <span class='ocrx_word' id='word_1_219' title='bbox 819 2141 1156 2190; x_wconf 86' lang='lat' dir='ltr'><em>sacrosanctis</em></span> <span class='ocrx_word' id='word_1_220' title='bbox 1190 2141 1397 2198; x_wconf 80' lang='lat' dir='ltr'><em>ecclesie</em></span> <span class='ocrx_word' id='word_1_221' title='bbox 1436 2139 1715 2188; x_wconf 90' lang='lat' dir='ltr'><em>doctoribus</em></span> <span class='ocrx_word' id='word_1_222' title='bbox 1751 2140 1949 2187; x_wconf 89' lang='lat' dir='ltr'><em>iniuriis</em></span> <span class='ocrx_word' id='word_1_223' title='bbox 1985 2145 2034 2188; x_wconf 88' lang='lat' dir='ltr'><em>et</em></span> <span class='ocrx_word' id='word_1_224' title='bbox 2069 2146 2247 2188; x_wconf 86' lang='lat' dir='ltr'><em>contu-</em></span> 
     </span>
    </p>

    <p class='ocr_par' dir='ltr' id='par_1_22' title="bbox 30 2224 2251 2460">
     <span class='ocr_line' id='line_1_23' title="bbox 30 2224 2249 2294; baseline -0.001 -18"><span class='ocrx_word' id='word_1_225' title='bbox 30 2283 43 2294; x_wconf 28' lang='grc' dir='ltr'><em>α</em></span> <span class='ocrx_word' id='word_1_226' title='bbox 76 2227 303 2288; x_wconf 85' lang='lat' dir='ltr'><em>meliosis‚</em></span> <span class='ocrx_word' id='word_1_227' title='bbox 331 2227 390 2274; x_wconf 86' lang='lat' dir='ltr'><em>in</em></span> <span class='ocrx_word' id='word_1_228' title='bbox 412 2224 660 2275; x_wconf 78' lang='lat' dir='ltr'><em>Christum</em></span> <span class='ocrx_word' id='word_1_229' title='bbox 685 2227 888 2287; x_wconf 86' lang='lat' dir='ltr'><em>eiusque</em></span> <span class='ocrx_word' id='word_1_230' title='bbox 913 2238 1146 2288; x_wconf 90' lang='lat' dir='ltr'><em>sponsam</em></span> <span class='ocrx_word' id='word_1_231' title='bbox 1171 2227 1434 2274; x_wconf 87' lang='lat' dir='ltr'><em>ecclesiam</em></span> <span class='ocrx_word' id='word_1_232' title='bbox 1460 2224 1770 2286; x_wconf 75' lang='lat' dir='ltr'><em>blasphemiS,</em></span> <span class='ocrx_word' id='word_1_233' title='bbox 1809 2225 1872 2272; x_wconf 91' lang='lat' dir='ltr'><em>de</em></span> <span class='ocrx_word' id='word_1_234' title='bbox 1901 2225 2067 2283; x_wconf 75' lang='lat' dir='ltr'><em>heresi</em></span> <span class='ocrx_word' id='word_1_235' title='bbox 2100 2226 2249 2274; x_wconf 82' lang='lat' dir='ltr'><em>vehe-</em></span> 
     </span>
     <span class='ocr_line' id='line_1_24' title="bbox 75 2300 2251 2373; baseline -0.001 -12"><span class='ocrx_word' id='word_1_236' title='bbox 75 2316 264 2361; x_wconf 86' lang='lat' dir='ltr'><em>menter</em></span> <span class='ocrx_word' id='word_1_237' title='bbox 293 2306 538 2372; x_wconf 84' lang='lat' dir='ltr'><em>suspectis</em></span> <span class='ocrx_word' id='word_1_238' title='bbox 554 2350 565 2371; x_wconf 89' lang='lat'>‚</span> <span class='ocrx_word' id='word_1_239' title='bbox 597 2300 854 2373; x_wconf 86' lang='lat' dir='ltr'><em>plerisque</em></span> <span class='ocrx_word' id='word_1_240' title='bbox 890 2311 1101 2371; x_wconf 81' lang='lat' dir='ltr'><em>heresim</em></span> <span class='ocrx_word' id='word_1_241' title='bbox 1131 2309 1465 2373; x_wconf 85' lang='lat' dir='ltr'><em>sapientibus,</em></span> <span class='ocrx_word' id='word_1_242' title='bbox 1505 2314 1554 2368; x_wconf 89' lang='lat' dir='ltr'><em>et</em></span> <span class='ocrx_word' id='word_1_243' title='bbox 1584 2307 1813 2369; x_wconf 78' lang='lat' dir='ltr'><em>hereticis</em></span> <span class='ocrx_word' id='word_1_244' title='bbox 1850 2313 2116 2359; x_wconf 88' lang='lat' dir='ltr'><em>nonnullis.</em></span> <span class='ocrx_word' id='word_1_245' title='bbox 2182 2311 2251 2360; x_wconf 89' lang='lat' dir='ltr'><em>Ob</em></span> 
     </span>
     <span class='ocr_line' id='line_1_25' title="bbox 77 2395 2249 2460; baseline -0 -14"><span class='ocrx_word' id='word_1_246' title='bbox 77 2397 228 2460; x_wconf 85' lang='lat' dir='ltr'><em>idque</em></span> <span class='ocrx_word' id='word_1_247' title='bbox 271 2397 491 2452; x_wconf 87' lang='lat' dir='ltr'><em>libellum</em></span> <span class='ocrx_word' id='word_1_248' title='bbox 537 2397 824 2446; x_wconf 89' lang='lat' dir='ltr'><em>huiusmodi</em></span> <span class='ocrx_word' id='word_1_249' title='bbox 864 2410 970 2446; x_wconf 91' lang='lat' dir='ltr'><em>esse</em></span> <span class='ocrx_word' id='word_1_250' title='bbox 1017 2399 1128 2446; x_wconf 93' lang='lat' dir='ltr'><em>iure</em></span> <span class='ocrx_word' id='word_1_251' title='bbox 1169 2396 1606 2458; x_wconf 89' lang='lat' dir='ltr'><em>supprimendum,</em></span> <span class='ocrx_word' id='word_1_252' title='bbox 1670 2395 1732 2443; x_wconf 91' lang='lat' dir='ltr'><em>de</em></span> <span class='ocrx_word' id='word_1_253' title='bbox 1778 2395 1939 2444; x_wconf 90' lang='lat' dir='ltr'><em>medio</em></span> <span class='ocrx_word' id='word_1_254' title='bbox 1981 2398 2249 2446; x_wconf 90' lang='lat' dir='ltr'><em>tollendum</em></span> 
     </span>
    </p>

    <p class='ocr_par' dir='ltr' id='par_1_23' title="bbox 22 2477 2248 2554">
     <span class='ocr_line' id='line_1_26' title="bbox 22 2477 2248 2554; baseline -0.001 -22"><span class='ocrx_word' id='word_1_255' title='bbox 22 2486 228 2554; x_wconf 52' lang='lat' dir='ltr'><em>agatque</em></span> <span class='ocrx_word' id='word_1_256' title='bbox 261 2483 378 2545; x_wconf 62' lang='lat' dir='ltr'><em>iane</em></span> <span class='ocrx_word' id='word_1_257' title='bbox 403 2482 606 2545; x_wconf 87' lang='lat' dir='ltr'><em>publice</em></span> <span class='ocrx_word' id='word_1_258' title='bbox 638 2482 981 2532; x_wconf 89' lang='lat' dir='ltr'><em>cremandum.</em></span> <span class='ocrx_word' id='word_1_259' title='bbox 1057 2477 1100 2529; x_wconf 91' lang='grc' dir='ltr'><em>(Ι</em></span> <span class='ocrx_word' id='word_1_260' title='bbox 1142 2481 1311 2544; x_wconf 90' lang='lat' dir='ltr'><em>Ipsius</em></span> <span class='ocrx_word' id='word_1_261' title='bbox 1359 2486 1523 2529; x_wconf 87' lang='lat' dir='ltr'><em>autem</em></span> <span class='ocrx_word' id='word_1_262' title='bbox 1567 2480 1720 2529; x_wconf 88' lang='lat' dir='ltr'><em>libelli</em></span> <span class='ocrx_word' id='word_1_263' title='bbox 1765 2486 2023 2530; x_wconf 88' lang='lat' dir='ltr'><em>auctorem.</em></span> <span class='ocrx_word' id='word_1_264' title='bbox 2047 2483 2125 2530; x_wconf 67' lang='lat' dir='ltr'><em>ad,</em></span> <span class='ocrx_word' id='word_1_265' title='bbox 2146 2497 2248 2544; x_wconf 88' lang='lat' dir='ltr'><em>pu-</em></span> 
     </span>
    </p>

    <p class='ocr_par' dir='ltr' id='par_1_24' title="bbox 37 2565 2251 2631">
     <span class='ocr_line' id='line_1_27' title="bbox 37 2565 2251 2631; baseline -0 -14"><span class='ocrx_word' id='word_1_266' title='bbox 37 2565 45 2571; x_wconf 81' lang='grc'><strong>’</strong></span> <span class='ocrx_word' id='word_1_267' title='bbox 77 2567 254 2618; x_wconf 87' lang='lat' dir='ltr'><em>blicam</em></span> <span class='ocrx_word' id='word_1_268' title='bbox 290 2569 651 2620; x_wconf 85' lang='lat' dir='ltr'><em>revocationem</em></span> <span class='ocrx_word' id='word_1_269' title='bbox 685 2568 1093 2631; x_wconf 84' lang='lat' dir='ltr'><em>compellendum.</em></span> <span class='ocrx_word' id='word_1_270' title='bbox 1115 2567 1226 2616; x_wconf 89' lang='lat' dir='ltr'><em>Non</em></span> <span class='ocrx_word' id='word_1_271' title='bbox 1252 2567 1555 2616; x_wconf 87' lang='lat' dir='ltr'><em>obstantibus</em></span> <span class='ocrx_word' id='word_1_272' title='bbox 1575 2567 1742 2628; x_wconf 60' lang='lat' dir='ltr'><em>mosis,</em></span> <span class='ocrx_word' id='word_1_273' title='bbox 1776 2567 2068 2628; x_wconf 81' lang='lat' dir='ltr'><em>quibuslibet</em></span> <span class='ocrx_word' id='word_1_274' title='bbox 2090 2569 2251 2617; x_wconf 88' lang='lat' dir='ltr'><em>inter—</em></span> 
     </span>
    </p>

    <p class='ocr_par' dir='ltr' id='par_1_25' title="bbox 26 2640 2253 2893">
     <span class='ocr_line' id='line_1_28' title="bbox 26 2640 2253 2717; baseline -0.001 -13"><span class='ocrx_word' id='word_1_275' title='bbox 26 2640 36 2646; x_wconf 40' lang='lat'><em>*</em></span> <span class='ocrx_word' id='word_1_276' title='bbox 75 2653 434 2717; x_wconf 86' lang='lat' dir='ltr'><em>pretationibus</em></span> <span class='ocrx_word' id='word_1_277' title='bbox 467 2658 519 2704; x_wconf 88' lang='lat' dir='ltr'><em>et</em></span> <span class='ocrx_word' id='word_1_278' title='bbox 553 2653 881 2715; x_wconf 89' lang='lat' dir='ltr'><em>defensoriis,</em></span> <span class='ocrx_word' id='word_1_279' title='bbox 921 2653 1059 2702; x_wconf 87' lang='lat' dir='ltr'><em>nobis</em></span> <span class='ocrx_word' id='word_1_280' title='bbox 1096 2652 1195 2711; x_wconf 86' lang='lat' dir='ltr'><em>hac</em></span> <span class='ocrx_word' id='word_1_281' title='bbox 1229 2655 1281 2702; x_wconf 90' lang='lat' dir='ltr'><em>in</em></span> <span class='ocrx_word' id='word_1_282' title='bbox 1319 2667 1377 2702; x_wconf 92' lang='lat' dir='ltr'><em>re</em></span> <span class='ocrx_word' id='word_1_283' title='bbox 1412 2653 1602 2702; x_wconf 87' lang='lat' dir='ltr'><em>oblatis.</em></span> <span class='ocrx_word' id='word_1_284' title='bbox 1678 2650 1721 2699; x_wconf 94' lang='grc' dir='ltr'><em>(Ι</em></span> <span class='ocrx_word' id='word_1_285' title='bbox 1755 2652 1901 2715; x_wconf 92' lang='lat' dir='ltr'><em>Ipsos</em></span> <span class='ocrx_word' id='word_1_286' title='bbox 1936 2667 2051 2717; x_wconf 73' lang='lat' dir='ltr'><em>vero</em></span> <span class='ocrx_word' id='word_1_287' title='bbox 2095 2653 2253 2703; x_wconf 86' lang='lat' dir='ltr'><em>Thal-</em></span> 
     </span>
     <span class='ocr_line' id='line_1_29' title="bbox 79 2739 2252 2802; baseline -0.001 -12"><span class='ocrx_word' id='word_1_288' title='bbox 79 2739 301 2790; x_wconf 83' lang='lat' dir='ltr'><em>mudicos</em></span> <span class='ocrx_word' id='word_1_289' title='bbox 335 2739 488 2790; x_wconf 90' lang='lat' dir='ltr'><em>libros</em></span> <span class='ocrx_word' id='word_1_290' title='bbox 509 2740 669 2802; x_wconf 80' lang='lat' dir='ltr'><em>(quos</em></span> <span class='ocrx_word' id='word_1_291' title='bbox 717 2744 816 2788; x_wconf 89' lang='lat' dir='ltr'><em>tota</em></span> <span class='ocrx_word' id='word_1_292' title='bbox 863 2741 1024 2789; x_wconf 90' lang='lat' dir='ltr'><em>animi</em></span> <span class='ocrx_word' id='word_1_293' title='bbox 1064 2740 1372 2789; x_wconf 89' lang='lat' dir='ltr'><em>contentione</em></span> <span class='ocrx_word' id='word_1_294' title='bbox 1417 2739 1638 2788; x_wconf 90' lang='lat' dir='ltr'><em>ocularis</em></span> <span class='ocrx_word' id='word_1_295' title='bbox 1685 2740 1878 2800; x_wconf 87' lang='lat' dir='ltr'><em>speculi</em></span> <span class='ocrx_word' id='word_1_296' title='bbox 1919 2746 2094 2789; x_wconf 87' lang='lat' dir='ltr'><em>auctor</em></span> <span class='ocrx_word' id='word_1_297' title='bbox 2126 2754 2252 2789; x_wconf 89' lang='lat' dir='ltr'><em>con-</em></span> 
     </span>
     <span class='ocr_line' id='line_1_30' title="bbox 79 2824 2253 2893; baseline -0 -18"><span class='ocrx_word' id='word_1_298' title='bbox 79 2824 235 2875; x_wconf 84' lang='lat' dir='ltr'><em>tendit</em></span> <span class='ocrx_word' id='word_1_299' title='bbox 267 2839 373 2875; x_wconf 90' lang='lat' dir='ltr'><em>esse</em></span> <span class='ocrx_word' id='word_1_300' title='bbox 409 2825 767 2893; x_wconf 85' lang='lat' dir='ltr'><em>asservandos)</em></span> <span class='ocrx_word' id='word_1_301' title='bbox 805 2825 1088 2889; x_wconf 87' lang='lat' dir='ltr'><em>Apostolica</em></span> <span class='ocrx_word' id='word_1_302' title='bbox 1125 2827 1422 2875; x_wconf 88' lang='lat' dir='ltr'><em>auctoritate</em></span> <span class='ocrx_word' id='word_1_303' title='bbox 1458 2827 1558 2874; x_wconf 88' lang='lat' dir='ltr'><em>iam</em></span> <span class='ocrx_word' id='word_1_304' title='bbox 1591 2825 1791 2886; x_wconf 88' lang='lat' dir='ltr'><em>pridem</em></span> <span class='ocrx_word' id='word_1_305' title='bbox 1828 2827 1923 2874; x_wconf 89' lang='lat' dir='ltr'><em>rite</em></span> <span class='ocrx_word' id='word_1_306' title='bbox 1952 2825 2115 2885; x_wconf 87' lang='lat' dir='ltr'><em>fuisse</em></span> <span class='ocrx_word' id='word_1_307' title='bbox 2153 2827 2253 2874; x_wconf 91' lang='lat' dir='ltr'><em>da—</em></span> 
     </span>
    </p>

    <p class='ocr_par' dir='ltr' id='par_1_26' title="bbox 27 2911 2365 2980">
     <span class='ocr_line' id='line_1_31' title="bbox 27 2911 2365 2980; baseline -0.002 -14"><span class='ocrx_word' id='word_1_308' title='bbox 27 2916 294 2980; x_wconf 66' lang='lat' dir='ltr'><em>nmnatos,</em></span> <span class='ocrx_word' id='word_1_309' title='bbox 311 2928 323 2977; x_wconf 64' lang='lat' dir='ltr'>j</span> <span class='ocrx_word' id='word_1_310' title='bbox 351 2912 498 2978; x_wconf 87' lang='lat' dir='ltr'><em>immo</em></span> <span class='ocrx_word' id='word_1_311' title='bbox 535 2924 662 2963; x_wconf 80' lang='lat' dir='ltr'><em>,vero</em></span> <span class='ocrx_word' id='word_1_312' title='bbox 712 2916 993 2961; x_wconf 89' lang='lat' dir='ltr'><em>nostrorum</em></span> <span class='ocrx_word' id='word_1_313' title='bbox 1050 2915 1416 2960; x_wconf 89' lang='lat' dir='ltr'><em>antecessorum</em></span> <span class='ocrx_word' id='word_1_314' title='bbox 1467 2911 1626 2960; x_wconf 87' lang='lat' dir='ltr'><em>divini</em></span> <span class='ocrx_word' id='word_1_315' title='bbox 1671 2912 1876 2976; x_wconf 85' lang='lat' dir='ltr'><em>pariter·</em></span> <span class='ocrx_word' id='word_1_316' title='bbox 1919 2917 1968 2960; x_wconf 89' lang='lat' dir='ltr'><em>et</em></span> <span class='ocrx_word' id='word_1_317' title='bbox 2013 2914 2258 2974; x_wconf 78' lang='lat' dir='ltr'><em>pontificii</em></span> <span class='ocrx_word' id='word_1_318' title='bbox 2364 2958 2365 2961; x_wconf 76' lang='grc'>,</span> 
     </span>
    </p>

    <p class='ocr_par' dir='ltr' id='par_1_27' title="bbox 40 2982 2345 3317">
     <span class='ocr_line' id='line_1_32' title="bbox 40 2982 2345 3065; baseline 0 -20"><span class='ocrx_word' id='word_1_319' title='bbox 40 2986 62 3000; x_wconf 74' lang='grc'><em>“’</em></span> <span class='ocrx_word' id='word_1_320' title='bbox 79 2996 205 3046; x_wconf 87' lang='lat' dir='ltr'><em>iuris</em></span> <span class='ocrx_word' id='word_1_321' title='bbox 228 2997 649 3060; x_wconf 83' lang='lat' dir='ltr'><em>peritissimorum</em></span> <span class='ocrx_word' id='word_1_322' title='bbox 678 2993 1047 3065; x_wconf 71' lang='lat' dir='ltr'><em>interllpretum,</em></span> <span class='ocrx_word' id='word_1_323' title='bbox 1087 3000 1245 3051; x_wconf 88' lang='lat' dir='ltr'><em>nostri</em></span> <span class='ocrx_word' id='word_1_324' title='bbox 1253 2997 1650 3060; x_wconf 61' lang='lat' dir='ltr'><em>‚Parrhysiensis</em></span> <span class='ocrx_word' id='word_1_325' title='bbox 1683 2982 1845 3045; x_wconf 41' lang='lat' dir='ltr'><em>studii*</em></span> <span class='ocrx_word' id='word_1_326' title='bbox 1870 2997 2139 3045; x_wconf 89' lang='lat' dir='ltr'><em>doctrinali</em></span> <span class='ocrx_word' id='word_1_327' title='bbox 2169 3000 2345 3056; x_wconf 58' lang='lat' dir='ltr'><em>in-gflij</em></span> 
     </span>
     <span class='ocr_line' id='line_1_33' title="bbox 79 3074 2256 3144; baseline 0 -13"><span class='ocrx_word' id='word_1_328' title='bbox 79 3082 375 3132; x_wconf 83' lang='lat' dir='ltr'><em>tervenienle</em></span> <span class='ocrx_word' id='word_1_329' title='bbox 409 3084 654 3134; x_wconf 88' lang='lat' dir='ltr'><em>sententia</em></span> <span class='ocrx_word' id='word_1_330' title='bbox 690 3083 801 3132; x_wconf 90' lang='lat' dir='ltr'><em>iure</em></span> <span class='ocrx_word' id='word_1_331' title='bbox 834 3082 997 3143; x_wconf 85' lang='lat' dir='ltr'><em>fuisse</em></span> <span class='ocrx_word' id='word_1_332' title='bbox 1028 3074 1278 3133; x_wconf 33' lang='lat' dir='ltr'><em>crematos*</em></span> <span class='ocrx_word' id='word_1_333' title='bbox 1310 3084 1524 3144; x_wconf 73' lang='lat' dir='ltr'><em>inqenue</em></span> <span class='ocrx_word' id='word_1_334' title='bbox 1562 3081 1790 3142; x_wconf 84' lang='lat' dir='ltr'><em>fatemur</em></span> <span class='ocrx_word' id='word_1_335' title='bbox 1820 3081 2078 3144; x_wconf 88' lang='lat' dir='ltr'><em>Huiusque</em></span> <span class='ocrx_word' id='word_1_336' title='bbox 2120 3084 2256 3131; x_wconf 87' lang='lat' dir='ltr'><em>modi</em></span> 
     </span>
     <span class='ocr_line' id='line_1_34' title="bbox 80 3165 2252 3232; baseline -0 -15"><span class='ocrx_word' id='word_1_337' title='bbox 80 3165 445 3218; x_wconf 80' lang='lat' dir='ltr'><em>damnationem</em></span> <span class='ocrx_word' id='word_1_338' title='bbox 479 3170 591 3218; x_wconf 92' lang='lat' dir='ltr'><em>iure</em></span> <span class='ocrx_word' id='word_1_339' title='bbox 627 3170 807 3231; x_wconf 88' lang='lat' dir='ltr'><em>optimo</em></span> <span class='ocrx_word' id='word_1_340' title='bbox 844 3169 1083 3219; x_wconf 79' lang='lat' dir='ltr'><em>duximus</em></span> <span class='ocrx_word' id='word_1_341' title='bbox 1114 3183 1220 3219; x_wconf 92' lang='lat' dir='ltr'><em>esse</em></span> <span class='ocrx_word' id='word_1_342' title='bbox 1256 3169 1657 3232; x_wconf 87' lang='lat' dir='ltr'><em>approbandam.</em></span> <span class='ocrx_word' id='word_1_343' title='bbox 1703 3169 1752 3216; x_wconf 89' lang='lat' dir='ltr'><em>in</em></span> <span class='ocrx_word' id='word_1_344' title='bbox 1796 3181 2003 3229; x_wconf 88' lang='lat' dir='ltr'><em>quorum</em></span> <span class='ocrx_word' id='word_1_345' title='bbox 2039 3170 2252 3217; x_wconf 88' lang='lat' dir='ltr'><em>omnium</em></span> 
     </span>
     <span class='ocr_line' id='line_1_35' title="bbox 77 3251 2258 3317; baseline -0.001 -13"><span class='ocrx_word' id='word_1_346' title='bbox 77 3251 227 3313; x_wconf 75' lang='lat' dir='ltr'><em>fidele</em></span> <span class='ocrx_word' id='word_1_347' title='bbox 261 3255 585 3305; x_wconf 82' lang='lat' dir='ltr'><em>testimonium</em></span> <span class='ocrx_word' id='word_1_348' title='bbox 619 3263 667 3304; x_wconf 88' lang='lat' dir='ltr'><em>et</em></span> <span class='ocrx_word' id='word_1_349' title='bbox 700 3254 854 3304; x_wconf 88' lang='lat' dir='ltr'><em>robur</em></span> <span class='ocrx_word' id='word_1_350' title='bbox 890 3255 1024 3305; x_wconf 88' lang='lat' dir='ltr'><em>hanc</em></span> <span class='ocrx_word' id='word_1_351' title='bbox 1058 3259 1279 3305; x_wconf 91' lang='lat' dir='ltr'><em>nostram</em></span> <span class='ocrx_word' id='word_1_352' title='bbox 1315 3256 1606 3304; x_wconf 89' lang='lat' dir='ltr'><em>sententiam</em></span> <span class='ocrx_word' id='word_1_353' title='bbox 1639 3254 1834 3317; x_wconf 89' lang='lat' dir='ltr'><em>publici</em></span> <span class='ocrx_word' id='word_1_354' title='bbox 1867 3255 2026 3303; x_wconf 91' lang='lat' dir='ltr'><em>nostri</em></span> <span class='ocrx_word' id='word_1_355' title='bbox 2060 3254 2258 3302; x_wconf 86' lang='lat' dir='ltr'><em>Notarii</em></span> 
     </span>
    </p>

    <p class='ocr_par' dir='ltr' id='par_1_28' title="bbox 32 3335 2253 3410">
     <span class='ocr_line' id='line_1_36' title="bbox 32 3335 2253 3410; baseline -0.001 -21"><span class='ocrx_word' id='word_1_356' title='bbox 32 3335 439 3410; x_wconf 47' lang='lat' dir='ltr'><em>*chyroqrapho</em></span> <span class='ocrx_word' id='word_1_357' title='bbox 474 3343 726 3402; x_wconf 80' lang='lat' dir='ltr'><em>siqnatam</em></span> <span class='ocrx_word' id='word_1_358' title='bbox 759 3347 926 3390; x_wconf 89' lang='lat' dir='ltr'><em>nostro</em></span> <span class='ocrx_word' id='word_1_359' title='bbox 961 3354 1154 3404; x_wconf 90' lang='lat' dir='ltr'><em>quoque</em></span> <span class='ocrx_word' id='word_1_360' title='bbox 1188 3341 1352 3402; x_wconf 77' lang='lat' dir='ltr'><em>siqillo</em></span> <span class='ocrx_word' id='word_1_361' title='bbox 1388 3341 1619 3389; x_wconf 89' lang='lat' dir='ltr'><em>iussimus</em></span> <span class='ocrx_word' id='word_1_362' title='bbox 1661 3340 1998 3389; x_wconf 85' lang='lat' dir='ltr'><em>muniendam.</em></span> <span class='ocrx_word' id='word_1_363' title='bbox 2071 3339 2253 3388; x_wconf 87' lang='lat' dir='ltr'><em>Datum</em></span> 
     </span>
    </p>

    <p class='ocr_par' dir='ltr' id='par_1_29' title="bbox 37 3399 2253 3505">
     <span class='ocr_line' id='line_1_37' title="bbox 37 3399 2253 3505; baseline 0 -32"><span class='ocrx_word' id='word_1_364' title='bbox 37 3399 70 3505; x_wconf 54' lang='grc' dir='ltr'><strong>ζ</strong></span> <span class='ocrx_word' id='word_1_365' title='bbox 82 3420 350 3488; x_wconf 72' lang='lat' dir='ltr'><em>Parrhysii</em></span> <span class='ocrx_word' id='word_1_366' title='bbox 377 3427 429 3475; x_wconf 92' lang='lat' dir='ltr'><em>in</em></span> <span class='ocrx_word' id='word_1_367' title='bbox 459 3431 629 3475; x_wconf 89' lang='lat' dir='ltr'><em>nostra</em></span> <span class='ocrx_word' id='word_1_368' title='bbox 666 3425 876 3488; x_wconf 89' lang='lat' dir='ltr'><em>publica</em></span> <span class='ocrx_word' id='word_1_369' title='bbox 919 3428 1304 3488; x_wconf 75' lang='lat' dir='ltr'><em>conqreqatione</em></span> <span class='ocrx_word' id='word_1_370' title='bbox 1348 3427 1492 3488; x_wconf 92' lang='lat' dir='ltr'><em>apud</em></span> <span class='ocrx_word' id='word_1_371' title='bbox 1535 3427 1701 3476; x_wconf 84' lang='lat' dir='ltr'><em>divum</em></span> <span class='ocrx_word' id='word_1_372' title='bbox 1738 3425 2085 3476; x_wconf 86' lang='lat' dir='ltr'><em>Mathurinum</em></span> <span class='ocrx_word' id='word_1_373' title='bbox 2122 3428 2253 3475; x_wconf 81' lang='lat' dir='ltr'><em>cele-</em></span> 
     </span>
    </p>

    <p class='ocr_par' dir='ltr' id='par_1_30' title="bbox 37 3504 2254 3582">
     <span class='ocr_line' id='line_1_38' title="bbox 37 3504 2254 3582; baseline 0 -23"><span class='ocrx_word' id='word_1_374' title='bbox 37 3504 229 3582; x_wconf 56' lang='lat' dir='ltr'><em>&#39;fcbrata</em></span> <span class='ocrx_word' id='word_1_375' title='bbox 275 3510 420 3561; x_wconf 84' lang='lat' dir='ltr'><em>Anno</em></span> <span class='ocrx_word' id='word_1_376' title='bbox 459 3511 740 3572; x_wconf 79' lang='lat' dir='ltr'><em>Christiane</em></span> <span class='ocrx_word' id='word_1_377' title='bbox 776 3513 951 3561; x_wconf 89' lang='lat' dir='ltr'><em>salutis</em></span> <span class='ocrx_word' id='word_1_378' title='bbox 991 3511 1388 3573; x_wconf 71' lang='lat' dir='ltr'><em>Quinqentesimo</em></span> <span class='ocrx_word' id='word_1_379' title='bbox 1434 3512 1805 3574; x_wconf 88' lang='lat' dir='ltr'><em>decimoquarto</em></span> <span class='ocrx_word' id='word_1_380' title='bbox 1840 3525 1997 3575; x_wconf 90' lang='lat' dir='ltr'><em>supra</em></span> <span class='ocrx_word' id='word_1_381' title='bbox 2034 3511 2254 3560; x_wconf 86' lang='lat' dir='ltr'><em>Millesi-</em></span> 
     </span>
    </p>

    <p class='ocr_par' dir='ltr' id='par_1_31' title="bbox 41 3571 673 3659">
     <span class='ocr_line' id='line_1_39' title="bbox 41 3571 673 3659; baseline 0.008 -19"><span class='ocrx_word' id='word_1_382' title='bbox 41 3571 58 3640; x_wconf 54' lang='grc' dir='ltr'><strong><em>ἶ</em></strong></span> <span class='ocrx_word' id='word_1_383' title='bbox 84 3584 215 3645; x_wconf 63' lang='grc' dir='ltr'><em>Μ</em></span> <span class='ocrx_word' id='word_1_384' title='bbox 250 3597 415 3647; x_wconf 86' lang='lat' dir='ltr'><em>altera</em></span> <span class='ocrx_word' id='word_1_385' title='bbox 450 3598 673 3659; x_wconf 74' lang='lat' dir='ltr'><em>Auqusti.</em></span> 
     </span>
    </p>

    <p class='ocr_par' dir='ltr' id='par_1_32' title="bbox 42 3676 2110 3747">
     <span class='ocr_line' id='line_1_40' title="bbox 42 3676 2110 3747; baseline -0.001 -14"><span class='ocrx_word' id='word_1_386' title='bbox 42 3690 54 3702; x_wconf 67' lang='lat'><em>²</em></span> <span class='ocrx_word' id='word_1_387' title='bbox 150 3676 159 3683; x_wconf 74' lang='grc'><strong><em>’</em></strong></span> <span class='ocrx_word' id='word_1_388' title='bbox 1307 3682 1350 3732; x_wconf 90' lang='grc' dir='ltr'><em>(Ι</em></span> <span class='ocrx_word' id='word_1_389' title='bbox 1385 3682 1604 3734; x_wconf 90' lang='lat' dir='ltr'><em>Ioannes</em></span> <span class='ocrx_word' id='word_1_390' title='bbox 1640 3682 1776 3747; x_wconf 74' lang='lat' dir='ltr'><em>Nery</em></span> <span class='ocrx_word' id='word_1_391' title='bbox 1806 3682 2110 3746; x_wconf 86' lang='lat' dir='ltr'><em>subscripsit.</em></span> 
     </span>
    </p>
   </div>
   <div class='ocr_carea' id='block_1_3' title="bbox 37 3822 2252 4004">
    <p class='ocr_par' dir='ltr' id='par_1_33' title="bbox 37 3822 2252 4004">
     <span class='ocr_line' id='line_1_41' title="bbox 37 3822 2252 3917; baseline -0.002 -14"><span class='ocrx_word' id='word_1_392' title='bbox 37 3822 87 3897; x_wconf 55' lang='grc' dir='ltr'><strong><em>ε</em></strong></span> <span class='ocrx_word' id='word_1_393' title='bbox 229 3850 272 3903; x_wconf 81' lang='grc' dir='ltr'><em>(Ι</em></span> <span class='ocrx_word' id='word_1_394' title='bbox 301 3850 451 3903; x_wconf 83' lang='lat' dir='ltr'><em>Hanc</em></span> <span class='ocrx_word' id='word_1_395' title='bbox 478 3855 770 3904; x_wconf 88' lang='lat' dir='ltr'><em>sententiam</em></span> <span class='ocrx_word' id='word_1_396' title='bbox 807 3861 857 3904; x_wconf 91' lang='lat' dir='ltr'><em>et</em></span> <span class='ocrx_word' id='word_1_397' title='bbox 891 3857 1111 3905; x_wconf 86' lang='lat' dir='ltr'><em>aliarum</em></span> <span class='ocrx_word' id='word_1_398' title='bbox 1149 3858 1525 3905; x_wconf 86' lang='lat' dir='ltr'><em>universitatum</em></span> <span class='ocrx_word' id='word_1_399' title='bbox 1565 3862 1616 3905; x_wconf 89' lang='lat' dir='ltr'><em>el</em></span> <span class='ocrx_word' id='word_1_400' title='bbox 1659 3855 1972 3917; x_wconf 86' lang='lat' dir='ltr'><em>imperatoris</em></span> <span class='ocrx_word' id='word_1_401' title='bbox 2009 3852 2252 3901; x_wconf 83' lang='lat' dir='ltr'><em>mandata</em></span> 
     </span>
     <span class='ocr_line' id='line_1_42' title="bbox 88 3924 2250 4004; baseline -0.002 -17"><span class='ocrx_word' id='word_1_402' title='bbox 88 3943 260 3988; x_wconf 86' lang='lat' dir='ltr'><em>contra</em></span> <span class='ocrx_word' id='word_1_403' title='bbox 292 3939 446 3990; x_wconf 88' lang='lat' dir='ltr'><em>libros</em></span> <span class='ocrx_word' id='word_1_404' title='bbox 478 3924 698 3990; x_wconf 82' lang='lat' dir='ltr'><em>Ioannis</em></span> <span class='ocrx_word' id='word_1_405' title='bbox 723 3940 970 3991; x_wconf 86' lang='lat' dir='ltr'><em>Reuchlin</em></span> <span class='ocrx_word' id='word_1_406' title='bbox 1004 3943 1170 3992; x_wconf 88' lang='lat' dir='ltr'><em>attulit</em></span> <span class='ocrx_word' id='word_1_407' title='bbox 1203 3947 1251 3991; x_wconf 91' lang='lat' dir='ltr'><em>et</em></span> <span class='ocrx_word' id='word_1_408' title='bbox 1281 3942 1516 4004; x_wconf 82' lang='lat' dir='ltr'><em>porrexit</em></span> <span class='ocrx_word' id='word_1_409' title='bbox 1548 3941 1750 3990; x_wconf 88' lang='lat' dir='ltr'><em>Summo</em></span> <span class='ocrx_word' id='word_1_410' title='bbox 1775 3940 2006 4002; x_wconf 78' lang='lat' dir='ltr'><em>pontifici</em></span> <span class='ocrx_word' id='word_1_411' title='bbox 2037 3951 2250 3986; x_wconf 82' lang='lat' dir='ltr'><em>venera-</em></span> 
     </span>
    </p>
   </div>
  </div>
 </body>
</html>
