2456 4264
107 296 423 336 mammonin
444 297 503 333 me
525 296 786 333 nnvcn‘mm
808 294 1194 334 cofisvnu‘noim
1216 294 1274 332 ni·
1297 294 1382 334 sv'o‘
1405 295 1607 334 srsscvzo
1629 295 1838 334 hunum
1862 306 2008 335 no'rAE.
2093 273 2119 339 1
2138 272 2211 340 13

51 448 157 486 rem
207 438 259 484 et
306 435 407 496 ipsi
453 434 749 485 adversario
804 435 994 483 nullam
1052 435 1355 483 iniuriarum
1408 448 1586 483 ansam
1617 435 1906 498 preberem‚
1957 439 2216 486 nominare

51 523 108 573 in
139 532 246 573 meo
278 519 408 568 libro
441 531 539 567 non
576 521 710 568 volui
734 520 892 581 ipsius
920 520 1350 581 consultationem,
1397 520 1454 568 id
1479 524 1553 568 est
1590 521 1670 579 (ut
1710 521 1983 570 theutonice
2013 524 2214 583 loquar)

50 617 144 668 εισι
183 604 522 654 raetschlach.
596 605 750 654 False
789 606 945 665 iqitur
988 604 1114 653 mihi
1151 604 1393 654 hactenus
1438 605 1530 654 hoc
1575 607 1852 667 impositum
1896 605 2023 666 fuit,
2074 608 2221 654 sicuti

50 689 177 744 tiber
204 690 312 751 ipse
341 702 502 746 meus,
540 690 605 738 de
635 702 733 751 quo
765 703 900 739 nunc
929 691 1222 739 mentionem
1246 689 1381 754 feci,
1413 696 1659 753 perpetuo
1693 690 1963 741 testabitur.

0 841 39 875 „s
238 899 242 902 ῃ
813 887 817 889 ,
920 831 1079 881 Nota
1124 831 1346 881 Tertio.

131 983 134 985 .
171 941 240 994 ,ί
263 943 441 993 ,Posito
476 949 642 993 tamen
675 958 800 994 casu
833 945 969 1006 quod
1010 958 1102 1006 eqo
1143 945 1365 1007 perfidia
1413 945 1484 1004 (si
1515 947 1770 994 veritatem
1808 948 1921 995 licet
1958 945 2146 1009 fateri)
2179 951 2226 996 et

0 1019 3 1022 ’
54 1029 257 1081 mutas
287 1030 447 1091 ipsius
477 1031 679 1091 scriptis
708 1031 968 1080 lacessitus
981 1066 993 1086 ‚
1030 1032 1310 1091 importune
1347 1035 1395 1078 et
1428 1043 1667 1092 expresse
1697 1035 1874 1079 contra
1911 1033 2068 1094 ipsius
2101 1044 2225 1080 con-—

49 1114 362 1173 filiationem
396 1116 705 1176 scripsissem
718 1153 730 1175 ‚
777 1115 945 1163 debuit
976 1116 1106 1177 ipse,
1151 1117 1241 1176 qui
1277 1115 1449 1163 doctor
1492 1121 1567 1163 est
1610 1120 1658 1163 et
1698 1129 1854 1164 senex
1867 1155 1879 1177 ,
1925 1117 2228 1165 moderatius

0 1209 39 1265 ’μ
54 1210 242 1253 mecum
277 1200 438 1262 coisse
470 1205 521 1248 et
550 1199 646 1248 sibi
679 1201 778 1261 ipsi
807 1204 1110 1261 temperasse
1124 1238 1136 1258 ,
1186 1213 1278 1248 nec
1309 1204 1581 1261 propterea
1620 1214 1740 1249 suas
1774 1201 2023 1261 hereticas
2044 1204 2229 1263 pravi-

0 1270 183 1338 'utates
202 1285 257 1333 in
284 1283 519 1345 favorem
543 1284 816 1345 Iudeorum
851 1289 1027 1334 contra
1056 1283 1363 1333 Christianos
1383 1299 1481 1347 per
1503 1290 1652 1335 totum
1677 1287 1918 1336 mundum
1945 1289 2227 1346 seminasse,

0 1356 6 1411 ἶ
55 1382 150 1423 noc
170 1370 385 1422 mirnicis
411 1369 594 1418 Christi
626 1382 755 1418 nova
789 1371 1052 1419 contulisse
1076 1370 1287 1430 qaudia.
1365 1370 1408 1418 (Ι
1440 1371 1565 1420 Item
1600 1373 1646 1420 si
1677 1373 1861 1421 in-meo
1885 1374 2084 1434 speculo
2116 1385 2228 1419 ma—

0 1453 207 1506 nanta
230 1456 400 1517 quovis
434 1455 581 1504 modo
613 1454 835 1515 offensus
858 1455 1043 1516 fuisset
1070 1455 1288 1504 Ioannes
1314 1451 1336 1523 ΙΙ
1361 1456 1611 1507 Reuchlin
1639 1458 1722 1517 (id
1755 1459 1893 1520 quod
1924 1462 2089 1506 tamen
2114 1458 2230 1517 fieri
2249 1457 2333 1503 (ἕν’

0 1532 310 1603 ἓωῖώαηι,
349 1542 503 1591 sicuti
524 1546 840 1604 protestatus
874 1556 983 1591 sum
1020 1543 1074 1591 in
1121 1543 1254 1591 libro
1300 1555 1408 1591 meo
1454 1544 1781 1605 supradicto,
1832 1544 2006 1592 littera
2054 1548 2102 1591 et
2139 1557 2230 1592 co-

0 1628 38 1695 μ
55 1627 229 1678 &mna
264 1628 444 1688 tertia)
482 1627 732 1677 debuisset
764 1629 943 1677 merito
989 1629 1070 1677 vel
1111 1641 1288 1678 coram
1328 1628 1548 1676 Cesarea
1591 1631 1876 1690 maiestate,
1933 1630 2011 1678 vel
2056 1641 2230 1677 coram

0 1700 407 1790 *mhipremde
431 1712 754 1774 Moquntino,
797 1718 888 1762 aut
923 1714 976 1761 in
1013 1726 1220 1762 camera
1257 1715 1519 1776 imperiali
1551 1719 1735 1763 contra
1760 1727 1838 1762 me
1861 1715 2080 1764 iuridice
2094 1727 2232 1776 pro-

0 1795 8 1867 ξ
56 1799 285 1859 masse,
333 1802 385 1846 et
418 1811 522 1847 non
558 1800 766 1861 metipse
801 1800 1140 1861 apostaticam
1176 1813 1320 1848 suam
1371 1800 1790 1849 consultationem
1839 1801 2133 1862 impressam
2180 1800 2231 1847 in

0 1870 17 1942 f,
51 1882 275 1947 pumices
309 1883 553 1958 nundinis
578 1897 680 1946 per
716 1885 1004 1933 universum
1053 1885 1287 1934 emisisse.
1366 1883 1408 1931 ΙΙ
1447 1883 1592 1942 Quod
1637 1890 1803 1933 autem
1849 1884 2036 1944 facere
2084 1885 2229 1944 illud,

60 1968 158 2018 hoc
191 1973 267 2018 est
301 1981 381 2018 me
415 1969 469 2017 in
506 1969 585 2017 ius
621 1982 807 2018 vocare
843 1969 1115 2030 debuisset,
1167 1971 1265 2018 tali
1296 1973 1447 2031 patet
1491 1971 1720 2018 ratione:
1770 1969 1904 2018 Nam
1941 1971 1993 2019 in
2030 1969 2235 2031 speculo

21 2038 27 2047 ’
59 2067 171 2103 meo
206 2054 463 2114 manuali,
502 2067 813 2116 paraqravo
861 2055 1281 2116 antepenultimO,
1334 2068 1576 2117 expresse
1619 2055 1744 2103 satis
1789 2055 1886 2103 hoc
1922 2058 2237 2116 protestatus

65 2152 192 2193 sum.
266 2137 355 2188 Sic
389 2139 523 2188 enim
558 2140 773 2201 scripsi:
818 2138 879 2188 Si
923 2140 1102 2188 doctor
1138 2139 1386 2188 Reuchlin
1435 2140 1494 2188 ob
1538 2140 1630 2199 hec
1675 2152 1788 2188 mea
1823 2140 2019 2202 scripta
2055 2143 2237 2187 contra

1 2222 19 2282 τ’
63 2237 143 2275 me
174 2225 423 2286 conqueri
456 2225 596 2285 velit,
648 2238 742 2285 eqo
779 2225 913 2273 ultro
949 2226 1121 2274 venire
1156 2229 1383 2286 paratus
1418 2238 1507 2273 ero
1545 2225 1623 2273 vel
1659 2225 1732 2272 ad
1768 2224 2035 2284 Cesaream
2072 2223 2236 2271 maie-—

63 2314 257 2370 statem,
298 2309 378 2358 vel
412 2309 486 2358 ad
519 2309 1006 2359 Reverendissimum
1048 2310 1264 2359 Urielem
1302 2310 1755 2371 archiepiscopum,
1798 2310 1876 2357 vel
1912 2309 1984 2357 ad
2008 2309 2240 2357 doctores

67 2395 384 2445 diversarum
420 2395 807 2445 universitatum
847 2396 973 2454 (sive
1007 2395 1066 2444 hi
1098 2396 1199 2444 sint
1239 2395 1580 2456 Colonienses,
1629 2395 1732 2443 sive
1768 2394 2087 2456 Moquntini,
2138 2394 2240 2441 sive

8 2467 452 2546 fitFnburqenses
492 2481 596 2529 sive
634 2480 1038 2543 Erphordenses,
1079 2481 1183 2529 sive
1219 2479 1691 2541 Heidelberqenses)
1733 2479 1810 2529 vel
1846 2480 1919 2527 ad
1954 2479 2082 2527 alios
2109 2492 2241 2540 pre-

8 2562 233 2638 fpfectos
268 2569 360 2616 aut
394 2554 587 2615 iudices
621 2566 904 2626 seculares,
957 2571 1012 2615 ut
1057 2579 1232 2615 coram
1280 2566 1380 2614 illis
1417 2567 1607 2615 veritas
1642 2566 1754 2628 ipsa
1781 2568 2073 2628 patesceret
2111 2568 2177 2611 ,et
2195 2576 2240 2610 c.

12 2669 24 2721 -J
71 2648 116 2699 ί
147 2649 275 2700 Item
303 2649 486 2711 fateor
521 2663 600 2699 me
635 2652 687 2700 in
724 2651 959 2700 manuali
991 2665 1099 2700 meo
1134 2651 1341 2713 speculo
1379 2652 1685 2712 quandoque
1709 2650 1954 2699 Ioannem
1993 2647 2243 2698 Reuchlin

71 2736 379 2797 nominasse,
428 2734 522 2785 sed
563 2749 824 2798 nunquam
862 2738 1023 2799 ipsius
1059 2737 1474 2785 consultationem
1512 2736 1835 2799 expressisse.
1911 2735 2037 2783 Item
2068 2731 2247 2793 fateor

19 2831 21 2834 ⁴
72 2833 150 2871 me
182 2820 235 2871 in
271 2821 443 2871 eodem
479 2821 615 2871 libro
652 2828 833 2871 contra
870 2824 1031 2885 ipsum
1068 2823 1344 2884 scripsisse,
1385 2823 1478 2871 sed
1499 2822 1656 2871 solum
1683 2822 1747 2870 de
1770 2821 1848 2870 his
1872 2835 1965 2883 que
1990 2834 2067 2868 me
2092 2820 2247 2868 dum-

74 2906 226 2956 taxat
260 2906 650 2968 concernebant,
693 2913 742 2956 et
778 2922 872 2969 que
910 2912 1063 2957 antea
1090 2920 1124 2955 a
1148 2921 1226 2956 me
1249 2908 1418 2970 sepius
1441 2912 1624 2956 contra
1651 2907 1835 2967 Iudeos
1859 2907 2054 2967 scripta
2072 2902 2242 2964 fuere,

16 2969 206 3042 &aaa
238 2991 304 3040 de
339 2992 571 3042 oratione
600 2990 1076 3052 felaschummodim
1116 2998 1183 3041 ‚et
1203 3007 1248 3042 c.
1327 2992 1441 3041 Non
1479 2993 1667 3054 scripsi
1698 3005 1792 3053 eqo
1817 2990 2068 3051 hereticas
2093 2990 2249 3052 ipsius

23 3063 446 3156 propositiones
482 3090 611 3140 quas
646 3092 740 3141 eqo
776 3092 877 3128 non
915 3079 1167 3140 intellqu,
1209 3079 1300 3126 sed
1335 3079 1425 3127 illa
1462 3079 1637 3139 solum,
1680 3091 1774 3138 que
1811 3077 1918 3139 ipse
1954 3081 2136 3124 contra
2173 3087 2250 3122 me

27 3157 345 3235 *meram
381 3166 430 3211 et
467 3163 665 3213 occulte
699 3168 1028 3225 susurrarat,
1081 3165 1199 3213 licet
1245 3163 1342 3212 hoc
1378 3162 1585 3226 publice
1629 3168 1747 3211 tunc
1793 3160 2034 3223 temporis
2082 3159 2145 3207 ab
2192 3173 2249 3207 eo

25 3230 45 3243 ”
73 3229 272 3306 factuam
306 3248 609 3299 maluissem.
686 3248 729 3297 (1
765 3249 998 3299 Subticui
1031 3262 1126 3310 eqo
1151 3248 1396 3298 Ioannem
1423 3247 1677 3297 Reuchlin
1715 3259 2043 3308 comparasse
2081 3245 2162 3305 (ut
2187 3243 2249 3293 ab

70 3318 197 3386 nii!
227 3333 483 3396 intellexi)
522 3334 886 3384 humanitatem
927 3332 1117 3383 Christi
1150 3334 1350 3384 habitui
1382 3333 1668 3383 meretricio
1693 3337 1740 3380 et
1764 3332 1960 3395 scripta
1987 3330 2250 3379 doctorum

74 3407 287 3495 Μαίᾳ
323 3419 547 3480 antiquis
583 3419 791 3481 caliqis,
843 3418 1078 3469 Subticui
1111 3421 1261 3468 etiam
1299 3418 1544 3468 Ioannem
1583 3417 1834 3466 Reuchlin
1882 3418 1935 3466 in
1985 3429 2077 3465 sua
2124 3429 2248 3464 con-

76 3510 77 3514 ’
119 3495 139 3573 η’
180 3501 354 3553 atione
380 3503 636 3566 posuisse,
692 3503 942 3552 Christum
990 3518 1090 3553 non
1132 3502 1303 3564 fuisse
1340 3517 1373 3552 a
1411 3502 1583 3563 Iudeis
1620 3508 1862 3564 tanquam
1900 3514 2070 3551 verum
2109 3501 2251 3548 deum

123 3590 135 3596 ’
213 3592 445 3652 emptum,
487 3594 536 3637 et
571 3589 729 3638 multa
767 3589 875 3637 alia
912 3589 970 3638 id
1002 3603 1162 3651 qenus
1193 3590 1431 3651 pessima,
1475 3588 1654 3651 quibus
1690 3602 1783 3652 eqo
1820 3600 1897 3635 me
1933 3588 2255 3647 interponere

72 3658 247 3746 ’ᾕρηκε
269 3687 506 3736 possum,
547 3687 707 3736 neque
743 3674 922 3736 debeo,
974 3688 1134 3736 neque
1171 3675 1305 3735 vol0,
1349 3688 1511 3736 neque
1548 3674 1698 3722 etiam
1737 3679 1858 3722 tunc
1895 3671 2133 3731 temporis
2170 3669 2252 3715 in-

288 3759 331 3820 i,
373 3760 494 3821 quia
530 3759 628 3809 hoc
665 3760 930 3809 doctorum
967 3764 1080 3808 erat
1118 3765 1184 3808 .et
1202 3774 1246 3808 c.

201 3937 239 3995 ’ἔ
269 3940 394 3995 fuist}
424 3945 462 3983 1.

200 4010 311 4056 Ber.
336 4025 595 4055 onscvnon.
620 4026 779 4055 vmou.
1844 4008 1874 4057 8
