2456 4264
229 233 344 290 146
526 258 620 286 ΙΟΔ.
645 257 957 286 ΡΕΡΕΒΙΟΟΒΝΙ
979 256 1210 285 ὩΕῈΕΝΒΙΟ
1233 255 1416 285 CONTRA
1436 255 1645 284 FAMOSAS
1669 257 1712 287 0.
1733 257 1777 286 V·
1800 256 2066 285 EPISTOLAS.

214 387 417 445 faciunt
445 387 582 434 stulti
603 399 722 446 quos
751 387 915 445 ‚oloria
954 391 1103 433 vexat
1132 385 1310 433 inanis'
1352 390 1415 433 ‚et
1430 398 1475 433 c.
1551 384 1659 443 Hec
1689 387 1872 435 etalia
1902 388 2057 433 multa
2092 388 2369 446 sepiuscule

219 485 285 518 ex
316 473 420 529 filio
458 471 731 527 intelliyens
765 482 999 528 maynam
1031 470 1362 529 proculdubio
1390 482 1524 530 spem
1564 475 1611 516 et
1644 468 1986 517 doctrinarum
2018 476 2067 517 et
2099 471 2367 529 eloquentie

218 555 280 602 de
318 562 416 601 tam
451 555 662 612 inqenuo
698 553 1005 600 adolescente
1041 555 1265 612 concepi,
1301 555 1371 601 ita
1405 555 1553 601 etiam
1590 557 1645 600 ut
1673 567 1767 613 que
1805 565 1896 612 eqo
1930 554 2157 601 indoctus
2188 553 2367 611 facere

214 651 311 685 non
341 649 562 697 possum,
611 637 717 696 ipse
754 636 954 697 tandem
981 638 1234 697 perficiat.
1309 637 1351 683 {1
1387 638 1497 685 Non
1536 641 1710 684 errent
1754 638 1906 696 iyitur
1956 638 2202 699 (obsecro)
2246 638 2365 686 diu-

213 724 308 769 tius
355 720 690 777 Reucbliniste
739 721 826 780 qui
863 721 1024 768 indies
1070 721 1214 779 (licet
1252 720 1472 778 fortasse
1517 723 1832 781 iynoranter)
1881 721 2049 769 dicere
2093 735 2399 770 consueve-z>

213 810 333 853 runt
366 818 442 852 me
476 804 659 863 absque
686 806 1038 863 mayistrorum
1069 811 1347 852 nostrorum
1394 806 1705 864 instiyatione
1751 817 1928 853 sacras
1970 807 2162 853 litteras
2208 807 2365 854 citare

212 902 309 936 non
341 889 570 950 potuisse.
644 888 856 935 Doleant
890 902 1078 949 quoque
1124 902 1288 936 omnes
1331 889 1408 936 illi
1447 891 1535 948 qui
1572 888 1712 947 falso
1752 890 2182 949 circumtulerunt,
2234 890 2368 951 quod

205 978 414 1034 propter
449 974 812 1032 scripturarum
848 975 1168 1032 alleqationes
1205 985 1362 1020 meum
1398 974 1634 1020 manuale
1670 975 1924 1033 speculum
1961 974 2024 1022 ab
2058 975 2239 1022 eisdem
2267 975 2360 1022 do-

210 1057 424 1105 ctoribus
456 1062 504 1105 et
537 1059 850 1118 compositum
886 1062 934 1105 et
966 1057 1281 1104 subornatum
1316 1056 1468 1115 foret.
1545 1057 1820 1105 Erubescat
1861 1059 2008 1113 etiam
2049 1062 2098 1106 et
2140 1060 2191 1107 in
2227 1063 2363 1117 eter-

210 1155 326 1189 num
371 1143 661 1201 inqemiscat
693 1141 908 1190 Ioannes
940 1141 1210 1202 Beucltlin,
1268 1143 1354 1200 qui
1396 1142 1446 1188 in
1487 1155 1582 1189 sua
1630 1141 1917 1210 defensione
1959 1143 2049 1202 (ex
2089 1156 2190 1203 qua
2227 1144 2359 1191 mille
2380 1156 2418 1188 10

201 1227 462 1286 profluunt
491 1226 776 1286 mendacia)
826 1228 876 1273 in
912 1228 1082 1273 littera.
1115 1230 1154 1273 Q
1186 1224 1312 1283 solio
1353 1227 1516 1285 primo
1561 1228 1790 1274 columna
1821 1228 1990 1287 prima
2034 1229 2233 1275 mentiri
2262 1240 2360 1274 non

202 1310 398 1357 erubuit
421 1315 468 1357 et
488 1312 594 1358 sine
609 1309 982 1370 probationibus
1007 1311 1173 1357 dicere
1196 1309 1331 1369 quod
1352 1310 1574 1358 doctores
1600 1313 1757 1358 nostri
1781 1314 1832 1359 in
1858 1312 2026 1359 eodem
2050 1311 2175 1359 libro
2199 1314 2362 1359 multis

207 1407 317 1441 eum
357 1396 580 1451 lesissent
611 1396 888 1442 calumniis.
963 1394 1088 1441 Nam
1122 1400 1177 1441 ut
1210 1395 1376 1441 omnia
1407 1395 1609 1454 probem
1654 1395 1953 1452 rationibus,
2009 1393 2176 1443 Testor
2214 1395 2359 1443 deum

206 1485 254 1525 et
287 1480 634 1526 conscientiam
669 1485 717 1526 et
751 1478 932 1526 adiuro
970 1479 1114 1525 deum
1152 1480 1324 1537 vivum,
1360 1478 1495 1538 quod
1527 1482 1762 1528 manuale
1791 1475 1950 1528 meum
1981 1481 2232 1540 speculum
2273 1480 2360 1539 (de

206 1575 301 1622 quo
336 1576 451 1622 sepe
486 1563 627 1623 apud
661 1563 825 1610 doctos
851 1562 957 1621 fuit
985 1564 1249 1623 contentio)
1300 1577 1457 1623 neque
1501 1566 1818 1625 compositum
1860 1566 1923 1612 sit
1969 1564 2162 1624 Colonie
2201 1575 2416 1624 nequest»

205 1648 512 1706 impressum.
594 1646 688 1694 Ubi
706 1643 862 1706 erqo?
896 1661 972 1694 me
1009 1649 1118 1707 quis
1148 1652 1300 1706 royet.
1374 1647 1630 1707 Moquntie
1665 1650 1883 1709 inquam.
1957 1649 2025 1697 Et
2047 1650 2155 1709 quis
2183 1648 2272 1697 tibi
2295 1653 2363 1696 tot

205 1732 522 1789 allevationes
561 1733 926 1791 scripturarum
970 1727 1140 1778 dedit?
1194 1730 1284 1778 Illi
1328 1731 1558 1792 profecto
1602 1737 1701 1780 tres
1733 1733 2044 1780 celeberrimi
2077 1733 2359 1781 iustissimi-

203 1828 296 1873 que
329 1816 428 1862 viri
457 1815 519 1861 de
553 1815 728 1874 quibus
765 1816 946 1863 dictum
983 1819 1056 1862 est
1088 1828 1262 1877 supra,
1301 1818 1388 1875 qui
1422 1830 1489 1863 ex
1523 1817 1757 1864 mandato
1793 1818 2095 1865 serenissimi
2132 1817 2358 1878 impera-

201 1900 321 1945 toris
369 1900 581 1945 omnium
630 1901 838 1947 consilia
884 1902 1242 1959 perlustrantes
1296 1901 1452 1947 solam
1504 1901 1658 1960 ipsius
1704 1901 1906 1949 Fumuli
1955 1903 2356 1949 consultationem

200 1984 490 2042 reiecerunt,
522 1996 633 2031 cum
659 1985 871 2031 omnium
903 1985 1122 2031 aliarum
1155 1984 1527 2034 universitatum
1566 1987 1772 2033 consilia
1810 1985 1994 2045 absque
2020 1987 2191 2046 aliqua
2214 1998 2353 2035 com-
2370 1997 2413 2030 20

199 2068 550 2126 municatione‚
590 2069 821 2116 instinctu
856 2070 1018 2116 sancti
1045 2070 1249 2130 spiritus
1277 2070 1327 2116 in
1362 2070 1584 2118 omnibus
1617 2070 2002 2119 concordarunt.
2038 2071 2171 2119 hanc
2205 2072 2357 2131 igitur

197 2151 508 2201 obiectionem
541 2152 854 2201 declaratam
885 2155 1125 2213 relinquo.
1188 2149 1210 2221 ΙΙ

1058 2294 1209 2343 Nota
1250 2295 1487 2353 Quinta

341 2405 382 2452 ([
419 2406 562 2453 Dicet
591 2404 813 2464 sortasse
844 2408 1026 2467 aliquis
1063 2410 1166 2468 ‘qui
1198 2386 1312 2456 sunt
1345 2410 1421 2456 illi
1454 2410 1658 2457 articuli
1683 2421 1898 2470 pravam
1934 2409 2143 2467 heresim
2178 2411 2377 2459 contra*

198 2491 398 2547 ecclesie
445 2490 667 2538 doctores
710 2496 758 2538 et
801 2491 1094 2540 catholicam
1137 2493 1286 2551 sidem
1331 2494 1631 2541 continentes
1641 2490 1682 2542 ?’
1729 2493 2021 2555 Respondeo
2070 2495 2119 2542 in
2167 2497 2355 2556 aliquot
2366 2513 2408 2545 25

197 2575 306 2621 illos
332 2576 578 2634 opusculis
615 2577 877 2635 impressos
908 2579 1029 2625 satis
1065 2582 1113 2625 et
1145 2591 1305 2637 supra
1332 2576 1554 2636 fortasse
1590 2563 1753 2638 quam*
1781 2578 2083 2639 simplicibus
2117 2584 2208 2628 aut
2236 2593 2351 2628 ma—

199 2660 365 2706 levolis
406 2661 629 2707 convenit
665 2674 770 2708 esse
796 2661 1073 2720 publicatos
1113 2667 1162 2709 et
1200 2662 1258 2709 ob
1304 2662 1437 2710 lianc
1481 2676 1686 2712 causam
1732 2663 1809 2712 his
1855 2664 1975 2711 meis
2020 2665 2219 2725 scriptis
2250 2666 2350 2712 mi—

197 2743 326 2789 nime
377 2743 739 2792 interserendos
791 2758 882 2793 nec
938 2746 1114 2805 oti-anos
1170 2747 1367 2806 quidem
1415 2748 1502 2807 qui
1559 2749 1938 2796 interserantur.
2025 2747 2067 2795 (ἱ
2111 2749 2348 2808 Preterea

197 2825 304 2885 Eoo
331 2840 407 2874 me
443 2828 723 2876 inidoneum
773 2843 969 2889 cense0,
1019 2832 1106 2890 qui
1145 2830 1391 2888 hereticas
1437 2833 1593 2893 ipsizts
1637 2839 1686 2880 et
1725 2839 2045 2894 preposterus
2086 2817 2351 2894 positiones

197 2915 286 2956 aut
320 2910 519 2958 debeam
553 2918 641 2960 aut
669 2915 853 2973 possim
890 2917 1206 2975 impuynare.
1268 2929 1416 2975 quam
1455 2918 1603 2965 etiam
1638 2919 1949 2978 provinciam
1988 2917 2068 2976 (ut
2099 2918 2192 2966 hoc
2229 2918 2348 2965 bene
2364 2935 2428 2967 30-

195 2994 474 3053 intelliqant
513 2995 872 3059 Beucltliniste)
927 3000 978 3046 in
1034 2998 1166 3046 bunc
1214 3013 1366 3059 usque
1418 3001 1546 3049 diem
1601 2996 1724 3050 mihi
1774 3002 2035 3051 vendicavi
2075 3015 2347 3062 nunquam.

203 3076 341 3124 Unde
377 3080 422 3125 si
455 3082 562 3138 quis
596 3095 672 3129 me
708 3089 847 3142 roqet
884 3082 987 3141 Que
1024 3088 1140 3131 tunc
1184 3089 1256 3131 est
1297 3087 1621 3134 contententio
1666 3089 1795 3135 inter
1839 3092 1884 3135 te
1931 3091 1980 3134 et
2025 3083 2201 3135 illum?
2246 3074 2348 3135 Illa

196 3162 411 3223 inquam,
451 3165 583 3222 quod
612 3168 661 3212 in
698 3181 794 3215 sua
827 3170 1182 3215 consultatione
1215 3182 1373 3229 supra
1412 3170 1669 3219 addictam
1691 3171 1849 3229 ”fidem
1874 3176 1922 3220 et
1941 3171 2346 3233 chyroqrapbum

194 3258 287 3291 sua
323 3246 444 3292 mibi
476 3260 628 3295 manu
665 3252 822 3298 amice
847 3257 1133 3311 porrectum
1170 3265 1246 3300 me
1276 3254 1418 3313 apud
1449 3253 1713 3312 Cesaream
1740 3257 2040 3304 maiestatem
2080 3257 2160 3316 (ut
2189 3269 2346 3317 supra

192 3329 375 3376 dictum
411 3333 504 3390 est)
537 3345 772 3391 expresse
807 3340 954 3395 atque
988 3338 1248 3400 implicite,
1293 3340 1444 3387 nullis
1488 3341 1637 3386 etiam
1675 3341 1795 3388 meis
1826 3340 2208 3401 precedentibus
2245 3340 2339 3387 de-
2357 3352 2426 3391 35*

193 3414 378 3460 meritis
426 3418 600 3461 contra
654 3429 730 3463 me
776 3420 1086 3469 iniustissime
1143 3422 1402 3470 scribendo
1456 3424 1772 3472 incusaverit.
1843 3424 2170 3473 Iniustissime
2216 3424 2340 3472 dixi.

192 3496 319 3543 Nam
345 3511 437 3556 que
464 3499 514 3544 in
540 3512 631 3545 sua
655 3505 1006 3552 consultatione
1036 3507 1138 3554 sive
1173 3508 1371 3554 oculari
1402 3510 1602 3567 speculo
1623 3507 1768 3567 falsa
1801 3522 1906 3556 esse
1939 3514 2115 3556 contra
2150 3521 2227 3556 me
2255 3522 2344 3556 vo-

193 3583 308 3642 luit,
343 3587 491 3629 antea
531 3583 637 3642 ipse
674 3585 825 3633 nobili
855 3589 1055 3636 cuidam
1092 3591 1198 3638 viro
1227 3590 1447 3638 scribens
1482 3593 1736 3640 verissima
1766 3606 1863 3653 per
1897 3594 2112 3654 seipsum
2137 3598 2185 3641 et
2205 3595 2343 3641 nullo

192 3667 457 3725 insti-cante
491 3668 836 3727 comprobavit.
909 3670 972 3717 In
1007 3672 1084 3720 liis
1113 3673 1264 3730 iyitur
1297 3688 1390 3733 que
1425 3688 1502 3722 me
1537 3675 1804 3724 dumtaxat
1840 3682 2164 3734 concernunt,
2207 3682 2256 3726 et
2282 3673 2341 3726 “in
2408 3707 2412 3714 =

192 3749 366 3810 quibus
410 3763 486 3799 me
532 3764 628 3799 non
669 3753 822 3801 alium
865 3756 1000 3813 qessi
1036 3769 1184 3815 quam
1229 3757 1404 3805 bonum
1447 3772 1509 3807 ac
1544 3761 1688 3821 pium
1728 3760 2058 3810 Christianum
2109 3763 2333 3824 oportuit,
2352 3777 2395 3810 40
