2456 4264
483 327 878 359 uunTAnomzs
901 329 1211 360 OBSCVBORVH
1232 328 1680 360 nssvcummswAnvu
1703 329 1855 359 NOVAE..
2133 302 2256 363 373

1082 488 1088 498 ⁴
1121 524 1211 585 16.

891 646 1173 704 Doctor
1227 645 1454 723 Grytz

686 758 1133 808 Castrimanno
1181 754 1650 809 Echtnobiensi

1037 857 1111 908 .S.
1139 858 1198 907 P.
1227 858 1291 908 D.

15 981 37 1040 2
78 987 110 1029 ,’
171 1020 176 1022 ,
221 969 647 1031 Quemadmodum
684 985 785 1020 non
819 983 942 1032 cyre
967 973 1170 1033 patior,
1213 971 1590 1030 Castrimanne,
1631 970 1696 1019 ab
1722 971 1948 1020 omnibus
1965 970 2087 1031 fere
2110 973 2245 1023 theo-

143 1081 160 1106 s„
235 1059 286 1104 et
316 1068 590 1104 sacrarum
639 1057 926 1105 litterarum
960 1057 1240 1105 cultoribus
1283 1057 1558 1116 contemni,
1608 1055 1682 1104 ita
1719 1056 1999 1117 plurimum
2044 1057 2176 1115 letor
2212 1072 2245 1106 a

28 1154 33 1164 ¹
152 1139 191 1172 ἰ·
245 1139 499 1201 omnibus,
539 1140 641 1190 hoc·
672 1145 748 1189 est
783 1140 848 1189 ab
889 1139 1124 1190 Obscuris
1159 1140 1544 1201 Reuchlinistis,
1594 1153 1852 1201 nunquam
1888 1142 2012 1189 satis
2049 1142 2101 1190 in
2141 1156 2242 1191 um-

116 1283 118 1285 ,
195 1227 218 1233 ”
260 1222 537 1285 Iudeorum
581 1238 852 1288 synaqoqa
897 1225 1127 1274 laudatis
1173 1225 1536 1275 commendari.
1614 1225 1825 1274 Excudi
1869 1226 2090 1274 moralia
2127 1241 2241 1288 que-

87 1300 89 1302 ’
179 1296 494 1378 ,Ἶρι-σοφία,
535 1323 631 1371 que
666 1323 780 1359 cum
816 1310 1028 1370 leqeris,
1070 1311 1206 1360 dicto
1231 1311 1380 1359 citius
1405 1310 1742 1372 obstupesces,
1785 1310 2237 1373 admiraberisque,

104 1398 130 1441 Γ
184 1416 193 1434 s
214 1395 371 1445 talia
405 1409 440 1444 a
475 1395 618 1444 nobis
652 1395 794 1443 edita
831 1399 985 1456 atque
1021 1395 1321 1455 adinventa,
1375 1396 1521 1456 apud
1564 1399 1613 1444 te
1646 1396 1989 1457 potissimum,
2039 1397 2113 1444 ad
2150 1396 2239 1446 Ob-

138 1536 146 1545 ,
215 1483 225 1491 ’
280 1506 287 1515 .
316 1506 317 1509 ¹
369 1481 588 1530 omnium
625 1481 988 1529 institutionem
1024 1481 1248 1530 studiose
1285 1480 1626 1530 observentur.
1702 1480 1816 1529 Illis
1863 1494 1988 1541 erqo
2026 1482 2238 1543 diliqen-

132 1607 133 1611 ,
151 1566 229 1614 ‘a
248 1567 302 1614 te
317 1566 568 1627 perlectis
605 1565 921 1614 divinitatem
958 1566 1218 1627 quandam
1256 1566 1309 1614 in
1345 1578 1423 1613 me
1458 1579 1564 1614 esse
1589 1566 1862 1626 intelliqes,
1904 1570 1960 1614 ut
1983 1579 2103 1615 vere
2128 1570 2236 1616 ani-

205 1660 360 1700 meus
400 1651 468 1700 sit
511 1644 577 1700 de
621 1651 730 1710 celo
773 1654 1002 1712 sumptus
1049 1651 1199 1712 ionis.
1276 1650 1387 1710 Hec
1434 1663 1559 1711 erqo
1596 1664 1691 1712 que
1727 1653 2009 1712 sequuntur
2045 1652 2139 1701 tibi
2172 1665 2237 1702 ac

99 1798 119 1820 Ὗ
138 1744 154 1805 ᾗ7
173 1724 486 1798 prescripta
521 1749 628 1785 esse
661 1736 905 1785 volumus.

33 1843 37 1854 '
107 1878 134 1899 .,
199 1830 437 1889 'Uonones
468 1847 648 1886 sacros
682 1841 732 1884 et
765 1835 972 1894 ecclesie
1006 1838 1198 1884 statuta
1234 1847 1490 1904 nunquam
1529 1835 1842 1884 observanto.

94 1915 188 1992 (ᾗ
204 1914 543 1970 obscurorum
569 1921 813 1982 patronis
847 1933 1045 1983 semper
1082 1920 1366 1970 obediunto.

99 2017 139 2065 :⁴
202 1987 495 2068 skelmis,
544 2006 822 2068 reliqiosis,
873 2011 922 2055 et
957 2007 1162 2068 poetice
1206 2006 1404 2067 iqnaris
1449 2007 1786 2055 reverentiam
1833 2019 2093 2067 nunquam
2140 2021 2228 2057 ex-

114 2068 210 2102 “’”“”’
392 2090 608 2140 hibento.
2156 2101 2160 2105 ·

199 2175 320 2228 Cum
357 2176 627 2227 Musarum
663 2177 879 2226 inimicis
915 2176 1191 2226 inhumane
1224 2189 1422 2238 semper
1458 2180 1741 2225 versantor.

197 2259 550 2313 Adulter-inum
592 2263 647 2311 in
684 2263 845 2323 diqito
883 2262 1123 2311 annulum
1160 2266 1210 2310 et
1233 2266 1458 2323 torquem
1483 2263 1536 2311 in
1560 2261 1691 2311 collo
1709 2258 1947 2320 fucatum
1971 2268 2221 2323 qestanto.

197 2344 434 2399 Omnibus
467 2348 612 2399 bonis
646 2348 957 2398 calumniam
994 2345 1274 2407 inferunto.
1326 2341 1348 2414 ss

193 2429 407 2484 Baccho
441 2446 508 2484 ac
554 2434 747 2484 Venere
781 2445 1043 2495 nunquam
1081 2431 1378 2482 abstinento.
2246 2454 2265 2484 t
2284 2439 2331 2482 ⁵¹»

195 2514 533 2569 obscurorum
567 2519 808 2582 epistolas
842 2523 893 2567 et
928 2518 1141 2568 oculare
1174 2519 1431 2581 speculum
1468 2517 1682 2567 Ioannis
1718 2517 1971 2567 Reuchlin
2007 2519 2220 2580 diliqcn-

386 2608 467 2653 ter
499 2604 724 2666 lequnto.

193 2687 291 2738 Die
324 2693 580 2752 noctuque
596 2701 603 2706 ·
608 2702 708 2752 per
742 2690 881 2739 vicos
917 2688 1243 2750 divaqantor.

188 2771 427 2837 Ineptias,
466 2774 789 2837 blasphemiis
824 2779 872 2823 et
907 2773 1168 2835 heresibus
1204 2788 1331 2823 raro
1370 2778 1472 2823 aut.
1495 2787 1755 2836 nunquam
1788 2780 2062 2838 parcunto.

180 2854 393 2909 'Omnem
425 2860 682 2910 maliciam
717 2860 933 2909 libenter
968 2860 1198 2909 docento.

186 2941 557 3008 Arroaantiam
593 2949 643 2995 et
678 2947 1010 2995 temeritatem
1036 2958 1143 3007 pro
1178 2946 1321 2995 virili
1353 2946 1576 2995 colunto.

187 3027 318 3080 Alea
351 3034 404 3080 et
437 3030 683 3080 ebrietate
716 3035 903 3081 cuncta
941 3031 1242 3093 dissipantO.

185 3112 327 3170 Raso
358 3117 557 3180 capite,
588 3117 809 3178 prolixa
845 3116 1036 3177 barba,
1077 3116 1323 3165 laceratis
1359 3117 1569 3177 caliois,
1621 3120 1670 3164 ct
1707 3121 1843 3165 veste
1879 3117 2067 3166 detrita
2097 3116 2211 3177 fre-

364 3191 593 3263 ‘quenter
628 3202 914 3250 inceduntO.

186 3282 372 3335 Domus
403 3287 722 3349 prelatorum
759 3291 983 3348 tempore
1015 3286 1234 3349 prandii
1267 3287 1552 3347 importune
1587 3286 1840 3335 visitanto.

91 3370 98 3392 ¹
181 3366 466 3421 statuorum
502 3378 551 3421 et
586 3372 886 3421 histrionum
922 3383 1088 3420 mores
1122 3372 1320 3433 s‘emper
1355 3370 1588 3420 habento.

103 3464 117 3474 ·’
183 3450 417 3506 Convivio
452 3458 617 3519 maqis
654 3469 806 3518 quam
843 3456 1054 3505 consilio
1090 3468 1144 3504 se
1180 3459 1327 3517 aptos
1354 3461 1696 3517 preparantO.

83 3604 85 3606 η
127 3546 133 3554 ’
165 3536 455 3591 'Dominicis
484 3540 793 3602 feriatisque
816 3540 989 3589 diebus
1012 3552 1118 3588 rem
1143 3539 1366 3589 divinam
1390 3553 1696 3603 sacramque
1718 3545 2006 3594 concionem
2032 3558 2203 3607 asper-

376 3630 584 3675 nantor.

110 3706 114 3715 ²
177 3703 472 3772 Sapientum
509 3710 851 3771 bonorumque
886 3710 1111 3758 virorum
1148 3710 1513 3760 admonitiones
1549 3717 1918 3762 contemnunto.

177 3790 490 3844 Histrionum
527 3808 591 3844 ac
626 3794 1056 3859 sycophantarum
1092 3795 1294 3845 scholas
1331 3797 1493 3845 indies
1522 3795 1904 3859 frequentanto.

179 3875 363 3929 Christi
395 3880 661 3942 evanqelia
697 3885 746 3930 et
780 3893 960 3931 sacras
994 3881 1192 3930 litteras
1228 3881 1281 3930 in
1316 3883 1507 3931 malam
1550 3897 1669 3945 sepe
1705 3889 1911 3945 partem
1949 3883 2192 3944 interpre-

369 3967 559 4015 tantor.
