2456 4264
233 244 355 301 254
819 261 1053 292 EPISTOLAE
1076 257 1383 288 OBSCVRORVM
1403 255 1615 286 VIROBVM
1637 254 1787 283 NOVAE.

232 396 344 444 bitis
382 408 531 457 super
569 392 734 448 sedeS,
781 390 1054 439 iudicantes
1092 399 1176 435 Χῐῐ
1215 385 1373 435 tribus
1420 380 1603 431 Israel’.
1678 380 1775 430 Sed
1819 379 2035 443 religiosi
2073 377 2379 442 reliquerunt

233 479 524 542 patrimonia
562 489 649 524 sua
688 479 734 522 et
772 473 931 520 omnia
971 471 1124 528 bona,
1176 476 1223 518 et
1268 475 1382 518 sunt
1419 467 1572 530 spreti
1610 467 1657 514 in
1697 465 1906 522 mundo,
1956 477 2075 526 ergo
2111 468 2225 511 sunt
2261 478 2377 527 pro-

234 563 348 610 ximi
385 560 445 608 ad
486 572 694 620 regnum
734 555 978 619 Celorum.
1054 555 1114 602 Et
1160 554 1370 616 parcatis
1419 551 1535 599 mihi
1583 549 1712 613 quod
1761 548 1924 597 scribo
1973 547 2082 596 talia
2121 548 2181 596 de
2219 546 2379 595 Theo-

234 644 355 705 logis
393 640 722 705 secularihuS‚
775 654 886 687 cum
924 652 1010 686 vos
1049 638 1192 685 etiam
1231 637 1347 684 estis
1384 650 1526 684 unus,
1601 633 1699 682 Sed
1738 638 1812 682 est
1847 631 1986 681 aliter
2025 630 2249 693 Colonie,
2289 629 2381 679 >ubi

233 733 346 776 sunt
381 724 589 774 humiles
628 730 675 773 et
712 720 1057 772 reverentiales
1096 734 1213 783 erga
1249 718 1523 782 religiosos.
1597 717 1660 766 Et
1705 717 1848 766 etiam
1888 731 1974 765 vos
2011 715 2173 780 quoad
2210 712 2418 763 zelosi·⁵

232 816 381 860 tatem
419 810 534 858 estis
572 807 852 871 religiosus:
892 807 1003 870 quia
1042 805 1228 853 dixistis
1266 803 1384 852 mihi
1420 801 1573 851 semel
1601 799 1827 864 Colonie:
1868 799 2082 849 ‘domine
2107 798 2251 855 Otho,
2291 811 2381 860 ego
2446 848 2448 851 ,

235 895 385 943 credo
423 893 552 957 quod
592 891 751 940 adhuc
789 889 898 939 volo
937 890 1044 938 fieri
1082 887 1350 937 Monachus
1387 888 1447 936 de
1484 892 1647 936 vestro
1696 885 1895 934 ordine:
1946 884 2061 948 quia
2097 882 2257 932 habeo
2296 882 2381 931 bo·
2452 865 2456 952 l

236 994 347 1027 nam
386 973 783 1026 inclinationem'.
857 974 918 1023 Et
955 987 1073 1035 ergo
1121 972 1284 1021 scribo
1332 971 1470 1020 vobis
1507 969 1770 1019 socialiter.
1845 966 1966 1024 Quia
2004 967 2231 1032 displicet
2267 967 2384 1016 mihi
2452 954 2456 1000 ¹

235 1061 373 1112 valde
412 1061 542 1125 quod
581 1075 711 1108 nunc
749 1057 894 1122 aliqui
932 1057 1169 1120 Theologi
1206 1055 1453 1119 seculares
1491 1061 1604 1104 sunt
1638 1055 1702 1102 ita
1741 1051 1970 1117 superbi,
2010 1053 2136 1102 sicut
2170 1051 2251 1101 hic
2288 1051 2382 1101 Do-

237 1152 342 1195 ctor
379 1146 622 1195 lohannes
659 1138 830 1208 Reyss,
880 1144 963 1205 qui
1011 1148 1082 1191 est
1128 1141 1406 1206 predicator
1440 1141 1502 1205 ‘in
1539 1139 1632 1187 hac
1670 1137 1869 1187 Civitate
1905 1138 1957 1186 in
1993 1152 2201 1187 summo.
2273 1136 2438 1200 Ipsen

239 1236 312 1280 est
347 1231 398 1278 in
436 1242 613 1291 magno
652 1227 842 1276 honore
881 1232 928 1275 et
966 1240 1136 1274 omnes
1162 1225 1394 1274 Canonici
1433 1229 1479 1273 et
1516 1221 1706 1272 nobiles
1742 1221 1883 1271 valde
1908 1227 2234 1272 amanteum:
2274 1223 2384 1285 quia

239 1315 328 1365 scit
365 1315 435 1363 eis
471 1313 599 1362 bona
637 1311 786 1361 verba
824 1311 959 1360 dare.
1034 1310 1130 1359 Sed
1166 1309 1272 1359 talis
1311 1309 1482 1358 doctor
1519 1307 1709 1358 videtur
1748 1321 1856 1357 esse
1891 1305 2031 1356 valde
2069 1313 2238 1356 contra
2274 1305 2429 1377 reli-„5

240 1400 403 1461 giosos
450 1397 814 1446 intentionatuS.
889 1394 1025 1444 Unus
1072 1394 1189 1442 dixit
1235 1393 1355 1442 mihi
1403 1394 1485 1457 qui
1532 1407 1650 1456 sepe
1697 1391 1788 1441 suit
1834 1406 1947 1450 cum
1995 1406 2053 1440 eo
2099 1391 2150 1439 in
2197 1405 2386 1455 mensa,
2425 1379 2427 1382 ¹

241 1482 373 1546 quod
411 1483 516 1545 ipse
554 1481 753 1529 omnino
801 1485 933 1528 tenet
977 1493 1123 1527 unam
1172 1478 1424 1543 propriam
1473 1477 1627 1532 viam,
1680 1475 1741 1524 Et
1787 1490 1948 1540 neque
1995 1481 2069 1524 est
2104 1473 2386 1532 Albertista,

241 1581 400 1630 neque
437 1565 669 1620 Scotista‚
708 1578 869 1627 neque
908 1562 1179 1618 Occanista‚
1220 1577 1381 1625 neque
1406 1560 1673 1609 Thomista.
1747 1559 1832 1609 sed
1870 1558 2067 1624 quando
2105 1558 2277 1624 aliquis
2313 1561 2440 1628 ind}

241 1655 460 1713 terrogat
506 1664 618 1698 eum
668 1647 871 1697 ‘Eximie
921 1646 1115 1695 domine
1163 1645 1365 1702 doctor,
1416 1645 1476 1694 de
1523 1660 1620 1709 qua
1668 1645 1743 1693 via
1793 1643 1951 1693 estis‘Z'
1998 1643 2267 1708 respondet
2313 1643 2391 1694 ‘de

245 1735 317 1781 via
356 1733 565 1781 Christi’.
639 1732 700 1780 Et
749 1733 853 1795 ipse
898 1731 1027 1780 ridet
1074 1729 1267 1794 quando
1316 1730 1544 1779 doctores
1582 1727 1829 1791 theologie
1868 1726 2116 1792 appellant
2151 1743 2204 1778 se
2240 1729 2388 1792 Magi—

242 1824 370 1866 stros
416 1823 625 1866 nostros.
701 1816 859 1865 Etiam
917 1830 1017 1863 non
1071 1814 1279 1863 multum
1327 1819 1461 1863 tenet
1504 1814 1565 1863 de
1612 1811 1855 1875 religiosis
1899 1811 2069 1862 dicens
2114 1812 2246 1877 quod
2293 1815 2431 1862 non*

243 1906 437 1965 oportet
474 1900 679 1949 induere
717 1914 949 1963 cappam,
990 1898 1075 1947 sed
1113 1897 1230 1947 alias
1269 1899 1412 1947 etiam
1450 1912 1713 1962 possumus
1749 1895 1939 1947 salvari.
2013 1898 2074 1947 Et
2111 1898 2225 1947 dicit
2262 1896 2407 1966 quod—

242 1986 362 2034 deus
399 1999 500 2032 non
537 1985 740 2047 respicit
775 1991 949 2033 vestes.
1025 1983 1083 2031 Et
1120 1984 1169 2031 in
1207 1982 1302 2031 hoc
1340 1982 1530 2032 videtur
1566 1982 1685 2031 mihi
1722 1996 1830 2032 esse
1866 1981 2129 2046 hereticus
2169 1983 2282 2047 quia
2319 1946 2456 2033 estwl

240 2068 620 2118 irreverentialis
669 2082 785 2131 erga
836 2067 1091 2131 religiosos
1139 2073 1186 2117 et
1222 2072 1416 2116 sanctos
1453 2072 1632 2131 patres,
1706 2067 1816 2131 lpse
1854 2071 1988 2116 tenet
2024 2068 2169 2116 etiam
2207 2067 2392 2130 specia-

240 2152 337 2202 lem
376 2153 575 2202 modum
614 2152 918 2217 predicandi,
959 2158 1007 2200 et
1043 2166 1142 2200 non
1182 2151 1295 2200 facit
1331 2152 1458 2201 sicut
1483 2150 1576 2209 alii,
1616 2151 1859 2202 movendo
1885 2149 2088 2200 subtiles
2114 2151 2394 2215 questiones

243 2243 290 2286 et
328 2237 585 2286 formando
612 2239 910 2300 Argumenta
951 2242 1136 2293 contra,
1177 2243 1225 2285 et
1261 2235 1492 2286 solvendo
1530 2242 1700 2300 postea
1738 2242 1787 2286 et
1824 2235 2062 2286 eliciendo
2101 2234 2435 2293 Corollaria;‘'‘·‘·

243 2322 329 2371 sed
367 2321 655 2386 simpliciter
691 2321 932 2386 procedit.
1007 2321 1068 2369 Et
1106 2335 1225 2384 ergo
1263 2322 1444 2377 miror,
1502 2322 1634 2384 quod
1680 2319 1891 2371 libenter
1938 2320 2138 2371 audiant
2172 2313 2410 2386 predica?

244 2408 400 2455 tiones
440 2408 567 2462 eius,
610 2421 722 2455 cum
760 2411 922 2454 tamen
960 2420 1059 2454 non
1098 2410 1172 2454 est
1208 2404 1473 2454 artificialis
1508 2405 1812 2470 predicator:
1860 2419 1952 2470 ego
1990 2405 2307 2471 consyderavi
2341 2406 2445 2455 ina

246 2490 436 2540 duobus
473 2490 722 2555 passibuS,
764 2489 894 2553 quod
933 2504 1032 2538 non
1071 2494 1145 2538 est
1180 2489 1309 2539 bene
1347 2490 1695 2540 intentionatus
1733 2502 1850 2555 erga
1887 2490 2159 2553 religiosos
2235 2487 2395 2541 Semel

246 2575 441 2638 quando
480 2575 727 2638 incepistis
762 2589 849 2623 vos
875 2573 1191 2623 Colonienses
1228 2589 1325 2623 una
1351 2590 1464 2624 cum
1492 2575 1666 2624 ordine
1691 2580 1862 2625 nostro
1887 2574 2230 2625 universaliter
2253 2573 2394 2624 istam
2453 2618 2456 2627 .

246 2657 539 2707 laudabilem
579 2660 942 2708 contentionem
982 2663 1151 2706 contra
1190 2658 1456 2708 Iohannem
1495 2658 1760 2709 Reuchlin:
1810 2666 1930 2709 tunc
1976 2674 2068 2722 ego
2115 2661 2304 2724 portavi
2344 2658 2415 2711 ei*
2454 2644 2456 2650 Α

246 2757 394 2791 unam
432 2743 738 2801 schedulam,
779 2744 828 2792 in
867 2740 962 2806 qua
1001 2749 1106 2791 erat
1143 2742 1426 2791 mandatum
1467 2749 1640 2792 contra
1676 2743 1944 2793 Iohannem
1983 2743 2226 2793 Reuchlin
2264 2742 2393 2808 quod

246 2826 371 2875 liber
408 2842 527 2876 suus
565 2827 772 2877 deberet
810 2826 1036 2876 comburi
1075 2833 1122 2876 et
1156 2827 1262 2890 ipse
1299 2826 1447 2877 debet
1483 2818 1592 2891 cogi
1630 2828 1690 2877 ad
1736 2829 2117 2878 revocationem.
2191 2828 2253 2877 Et
2298 2827 2425 2877 dixin

249 2911 293 2959 ei
342 2910 465 2960 sicut
507 2911 626 2960 mihi
674 2911 988 2960 commissum
1037 2926 1063 2960 a
1110 2910 1396 2974 provinciali
1443 2918 1612 2962 nostro
1662 2912 1869 2962 ‘Eximie
1918 2912 2116 2962 domine
2166 2912 2393 2976 Magister

248 3000 430 3053 noster,
468 2995 550 3045 hic
585 2995 734 3045 habet
771 2996 1022 3045 eximietas
1059 3001 1221 3045 vestra
1258 3010 1412 3046 unum
1449 2996 1733 3046 mandatum
1771 2996 1902 3061 quod
1928 2996 2170 3047 Reuchlin
2210 3001 2283 3046 est
2305 2996 2392 3060 he-

248 3081 430 3129 reticus
456 3086 504 3129 et
527 3078 654 3130 liber
681 3081 788 3130 eius
814 3079 961 3130 debet
988 3079 1229 3130 comburi.
1304 3080 1437 3145 Ergo
1479 3079 1633 3130 velitis
1669 3079 1924 3146 publicare
1960 3096 2110 3145 super
2136 3078 2409 3130 cancellis:

251 3169 300 3211 et
346 3178 457 3212 cum
505 3163 599 3212 hoc
647 3178 881 3228 rogamus
928 3180 1014 3214 vos
1061 3164 1192 3229 quod
1237 3163 1392 3214 velitis
1439 3170 1569 3215 stare
1614 3165 1875 3215 nobiscum
1913 3172 2084 3215 contra
2120 3165 2393 3230 predictum

250 3245 550 3310 hereticum’.
624 3247 763 3298 Tunc
809 3250 914 3312 ipse
959 3248 1077 3313 legit
1122 3249 1405 3299 mandatum
1450 3249 1511 3298 Et
1556 3255 1724 3314 postea
1773 3249 1914 3300 dixit:
1969 3235 2077 3314 ‘ego
2114 3264 2214 3299 non
2252 3248 2441 3298 videos-‘³

250 3330 345 3379 nisi
383 3331 512 3394 quod
551 3337 623 3379 est
659 3332 942 3381 mandatum
981 3333 1110 3398 quod
1150 3332 1414 3398 Speculum
1441 3333 1650 3384 Oculare
1688 3349 1786 3384 non
1825 3333 1973 3384 debet
2007 3334 2151 3384 vendi
2187 3327 2394 3398 publice,

251 3428 407 3477 usque
462 3414 522 3462 ad
579 3417 908 3479 cognitionem
964 3424 1011 3466 et
1065 3417 1365 3467 decisionem
1419 3417 1589 3482 Cause.
1674 3418 1779 3481 Ego
1835 3414 1935 3468 non
1991 3417 2210 3483 intelligo
2266 3413 2396 3481 quod

253 3495 492 3546 Reuchlin
530 3497 675 3547 debet
710 3499 803 3548 dici
839 3499 1118 3563 hereticus’.
1192 3502 1466 3567 Respondi,
1515 3502 1646 3567 quod
1693 3503 1996 3567 presumitur
2042 3518 2102 3552 ex
2150 3517 2246 3567 quo
2282 3507 2394 3566 pro-
2449 3491 2456 3544 Ι

369 3636 382 3662 ¹
415 3651 518 3681 .X11.
540 3642 581 3679 5.
667 3635 684 3662 ³
718 3650 741 3677 e
764 3641 806 3678 4.
892 3637 910 3662 ⁴
943 3652 966 3679 e
998 3643 1037 3682 4.
1068 3642 1148 3680 sed
1176 3647 1258 3681 tum
1305 3654 1331 3695 e
1361 3644 1485 3682 etiam
1515 3644 1559 3683 4.
1647 3655 1687 3683 e.
1711 3645 1754 3684 4.
1839 3641 1857 3667 ⁹
1889 3656 1913 3684 e
1935 3644 1976 3684 4.
2067 3641 2102 3669 ¹⁰
2129 3643 2326 3684 Ioannes
2354 3642 2395 3682 5.
2449 3643 2452 3647 ’

255 3706 290 3734 ¹3
322 3708 426 3760 sepe
457 3710 497 3749 4.
594 3706 627 3732 ¹⁰
658 3737 668 3748 .
689 3704 837 3747 Rfidet
867 3710 908 3748 4.
982 3707 1040 3734 ·¹⁷
1071 3722 1094 3749 e
1127 3712 1167 3750 4.
1253 3709 1291 3736 ²⁰
1323 3723 1347 3751 e
1369 3713 1409 3754 4.
1487 3709 1523 3737 ²²
1551 3710 1783 3763 fflicandi:
1817 3715 1858 3753 4.
1948 3725 1972 3753 e
1994 3715 2035 3756 4.
2114 3743 2126 3756 .
2146 3711 2334 3753 MouEdo
2355 3710 2396 3750 4.

252 3807 267 3827 ,.
290 3776 515 3818 Mouendo
545 3781 584 3820 5.
673 3790 698 3818 e
729 3779 769 3821 4.
855 3775 892 3803 ²3
920 3777 1092 3818 Ioanne·
1119 3777 1260 3821 Reuc.
1281 3783 1321 3822 5.
1399 3778 1436 3805 ²⁹
1463 3781 1579 3821 Erat
1600 3783 1640 3821 4.
1728 3780 1859 3824 Ioan.
1879 3782 2022 3825 Reuc.
2042 3786 2084 3824 5.
2169 3780 2208 3807 ³⁰
2235 3811 2247 3824 .
2267 3780 2325 3822 tE
2354 3779 2395 3822 4.
2448 3810 2450 3814 -

254 3845 340 3874 ³²·33
371 3860 395 3888 e
417 3849 458 3888 4.
477 3845 538 3900 (uc
566 3850 611 3888 in
637 3846 749 3901 sqq.)
826 3845 862 3872 33
895 3846 1150 3888 cancellas:
1182 3852 1223 3889 5.
