2456 4264
216 265 336 323 284
803 287 1037 315 ΕΡΙΞΤΟΒῘΕ
1061 285 1366 314 OBSCVRORVM
1386 285 1596 312 VIRORVM
1617 284 1763 313 NOVAE.

217 435 359 484 quam
397 418 637 482 legittimi:
687 418 864 465 iccirco
914 415 974 463 ad
1011 414 1313 464 sacerdotem
1351 413 1569 462 cucurrit
1605 419 1651 462 et
1687 414 1909 477 permisit
1945 428 1998 462 se
2034 412 2250 469 lardare,
2297 418 2348 461 ut

216 519 299 552 vos
345 503 489 552 talem
537 502 692 549 virum
739 504 1018 562 generaret,
1068 498 1223 557 Quem
1271 504 1400 547 totus
1448 496 1658 546 mundus
1704 496 1963 562 aliquando
2011 504 2348 561 cognosceret.

216 587 378 637 Valete
417 602 474 635 ex
511 584 802 634 Halberstat.

620 711 794 771 Quinta
833 711 946 760 luna
986 708 1234 760 Obscuros
1271 710 1400 758 viros
1438 709 1600 759 edidit.
1659 709 1834 758 Lector

802 796 947 846 Solue
985 795 1168 845 nodum
1204 801 1337 852 «mu
1386 803 1434 845 et
1469 793 1651 843 ridebis
1688 793 1919 858 amplius.'
2151 861 2155 864 .
2366 812 2387 843 5

864 911 906 958 ([
943 909 1242 975 Impressum
1278 909 1496 973 Romane
1536 908 1695 972 Curie.

796 1137 1233 1220 Stephanus
1281 1114 1781 1199 Oalrastrius

1116 1251 1454 1302 baccalaurius

803 1350 1132 1420 Magistro
1182 1349 1462 1403 Ortvino
1512 1348 1764 1402 GratiO.
2376 1379 2412 1412 ,0

333 1448 462 1503 [Vide
494 1463 629 1504 supra
660 1465 795 1505 pagg.
817 1450 885 1493 29.
908 1450 993 1505 sq.]

972 1604 1054 1663 63.
1131 1604 1488 1676 [Appendicis
1530 1607 1600 1671 1.]

733 1721 1071 1782 Ioannes
1121 1719 1210 1780 de
1259 1718 1838 1782 Schwinfordia

720 1842 1031 1901 septenarum
1087 1837 1262 1885 artium
1315 1834 1591 1885 liberalium
1628 1834 1855 1898 Magister

540 1935 805 1985 scientifico
844 1941 892 1984 et
927 1934 1212 1984 mirabiliter
1251 1935 1392 1984 docto
1433 1939 1577 1999 atque
1614 1932 1884 1983 illuminato
1923 1934 2025 1982 viro

1003 2032 1291 2085 Ortvino
1331 2031 1570 2085 Gratio
2372 2048 2413 2081 1⁵

404 2134 452 2182 in
491 2134 745 2183 Daventria
785 2148 983 2198 grecam
1024 2139 1071 2183 et
1107 2132 1303 2182 latinam
1341 2132 1559 2196 linguam
1598 2131 1944 2196 magistraliter
1981 2131 2176 2181 docenti
2424 2112 2426 2114 .

895 2232 1026 2283 mille
1063 2232 1243 2282 salutes
1282 2239 1328 2283 et
1364 2231 1511 2297 paulo
1550 2231 1676 2297 plus,

354 2346 681 2396 Reverentiali
727 2347 915 2396 honore
967 2352 1014 2396 et
1060 2346 1336 2396 obedientia
1383 2345 1660 2411 prelibatis,
1717 2345 1986 2410 Preceptor
2041 2346 2088 2394 in
2137 2344 2359 2408 pluribus

216 2431 463 2481 scibilibus
513 2437 728 2494 experte.
805 2432 1075 2496 scripsistis
1122 2432 1240 2480 mihi
1287 2446 1447 2496 nuper
1503 2431 1564 2480 de
1610 2430 1811 2480 victoria
1858 2435 2015 2480 vestra
2066 2428 2282 2480 obtenta*
2310 2431 2359 2479 in

215 2517 369 2566 Roma
417 2522 586 2566 contra
636 2518 781 2565 istum
819 2516 1059 2566 Reuchlin
1109 2518 1189 2581 qui
1228 2516 1459 2566 audacter
1497 2517 1586 2565 fuit
1624 2521 1794 2565 contra
1831 2531 1940 2572 VOS,
1990 2520 2037 2566 et
2073 2517 2230 2565 virum
2269 2531 2355 2565 no·
2373 2539 2422 2572 20.

215 2602 335 2651 viter
383 2601 552 2651 deifice
588 2601 909 2651 illuminatum
948 2603 999 2649 in
1048 2603 1143 2651 fide
1182 2601 1451 2650 Christiana
1490 2601 1720 2650 loannem
1759 2599 2092 2658 Pfefferkorn‚
2141 2601 2201 2649 Et
2238 2616 2363 2665 quo-7

216 2687 361 2736 modo
399 2686 530 2751 Papa
567 2687 795 2750 imposuit
834 2686 926 2735 sibi
963 2686 1222 2744 silentium,
1262 2687 1327 2736 ita
1364 2686 1495 2750 quod
1533 2685 1655 2734 nihil
1693 2684 1898 2736 deberet
1933 2687 2087 2750 magis
2125 2685 2366 2743 scribere,-

217 2778 298 2820 ‘ne
337 2772 550 2821 deterius
587 2770 679 2820 sibi
716 2771 895 2836 aliquid
935 2770 1213 2835 contingat',
1261 2778 1315 2820 ut
1362 2772 1478 2821 dicit
1525 2771 1750 2820 dominus
1796 2777 1964 2820 noster
2001 2772 2051 2819 in
2091 2771 2354 2834 evangelio,

215 2855 356 2906 Prius
395 2857 523 2906 enim
560 2857 609 2904 in
650 2855 858 2920 Speculo
886 2855 1083 2906 Oculari
1120 2858 1188 2906 sic
1227 2857 1420 2920 scripsit
1458 2855 1745 2905 mirabiliter
1783 2856 1913 2921 quod
1950 2856 2169 2919 magistri
2206 2857 2359 2905 nostri

328 2997 341 3024 ¹
372 2999 584 3052 legitimi.
609 3002 650 3038 5.
760 3029 768 3037 .
792 2998 968 3038 Iccirco
1001 3000 1094 3038 4.5.
1202 2997 1219 3022 ⁶
1248 2998 1323 3038 Ita
1354 2997 1454 3038 finit
1484 2999 1697 3051 princeps
1730 2997 1870 3038 editio
1900 2997 2034 3038 huius
2065 2998 2254 3038 secundi
2283 3010 2359 3038 vo-

216 3069 398 3109 luminis
431 3068 728 3122 epistolarum
759 3067 811 3109 O.
834 3069 905 3119 V.‚
940 3068 1058 3122 quod
1088 3071 1130 3108 4.
1164 3068 1460 3121 signavimus.
1521 3070 1591 3109 De
1624 3072 1665 3109 5.
1697 3068 1800 3109 vide
1834 3081 1899 3121 sq.
1933 3068 2082 3111 adnot.
2118 3072 2163 3109 et
2193 3069 2240 3108 in
2271 3067 2358 3108 fine

215 3153 289 3192 ep.
310 3138 376 3181 70.

328 3209 344 3235 8
374 3210 679 3251 Accesserunt
716 3211 764 3250 in
796 3210 941 3251 altero
971 3211 1103 3252 huius
1134 3210 1323 3251 secundi
1353 3210 1596 3252 voluminis
1626 3211 1936 3264 Epistolarum
1967 3209 2021 3251 Ο.
2044 3209 2099 3252 V.
2134 3209 2358 3264 exemplo,

218 3279 336 3332 quod
357 3284 396 3320 5.
431 3280 758 3333 significamus,
790 3281 913 3322 nullo
946 3282 1000 3322 de
1033 3284 1301 3322 accessione
1332 3282 1458 3322 facto
1490 3282 1662 3322 indicio
1692 3282 1764 3322 hae
1787 3280 2010 3335 Epistolae
2041 3293 2218 3330 novem,
2251 3293 2358 3333 qua-

217 3362 313 3389 rum
350 3353 507 3390 tamen
545 3352 736 3403 primam
774 3365 864 3392 non
901 3365 1212 3401 numeramus,
1255 3365 1357 3392 cum
1399 3353 1558 3393 eadem
1596 3353 1802 3393 omnibus
1840 3352 1974 3404 primi
2011 3351 2254 3392 voluminis
2285 3364 2357 3391 ex-

219 3419 380 3473 emplis
412 3421 711 3461 contineatur.
830 3421 861 3447 ¹1
894 3423 1103 3475 Superior
1122 3424 1240 3463 huius·
1261 3436 1328 3476 ep.
1355 3423 1579 3464 Calvastrii
1607 3425 1735 3464 editio
1767 3437 1855 3463 cum
1874 3423 1952 3463 leae
1972 3423 2135 3464 omnino
2157 3422 2357 3468 convenit.

217 3492 298 3531 nisi
327 3493 440 3544 quod
468 3493 662 3531 carminis
691 3505 834 3532 versus
866 3495 905 3532 4.
928 3493 1077 3533 habet:

719 3562 791 3602 Do
821 3563 976 3602 macht
1009 3577 1057 3604 er
1088 3563 1160 3604 die
1194 3564 1381 3617 copulat
1410 3577 1497 3606 von
1526 3564 1608 3604 kot
1639 3577 1694 3604 zu
1724 3564 1856 3604 treck

218 3638 259 3672 et
290 3633 402 3685 quod
430 3632 585 3684 epiloyi
611 3618 749 3672 verbis
778 3632 893 3671 Mihi
1012 3633 1226 3673 duellum.
1259 3636 1421 3675 omissis
1450 3637 1511 3674 sic
1542 3636 1659 3675 exit.-

718 3702 780 3741 Et
809 3703 979 3742 mittite
1010 3706 1170 3755 poetas
1203 3704 1261 3744 ad
1290 3704 1532 3744 infernum.

718 3773 778 3812 Et
806 3771 962 3813 valete
996 3785 1050 3812 ex
1081 3775 1357 3814 monasterio
1389 3774 1437 3812 in
1467 3774 1758 3826 westphalia.

330 3842 358 3869 1¹
391 3844 685 3885 Numerorum
716 3843 1123 3896 superscriptiones
1153 3846 1203 3883 ut
1232 3843 1278 3882 in
1310 3843 1619 3895 superioribus
1651 3857 1750 3896 epp.
1776 3844 1984 3884 omnibus
2007 3843 2110 3884 aliae
2134 3843 2357 3884 editiones

215 3927 305 3956 non
334 3914 523 3957 habent.
607 3912 642 3939 ²¹
676 3912 838 3967 deifice
867 3917 908 3955 5.
996 3913 1180 3954 Pfeffer.
1205 3917 1244 3954 5.
1267 3919 1308 3952 et
1337 3915 1399 3953 sie
1428 3914 1490 3954 bis
1513 3916 1656 3965 paullo
1683 3919 1797 3965 post.
2351 3912 2355 3916 '
