2456 4264
338 314 646 349 qvoscvnvqss
670 314 941 343 HAERETICOS
967 314 1213 343 SECVNDVM
1234 313 1626 344 consvn'rvmmffl
1648 313 1757 341 Bou.
1780 313 1945 343 CVRIAE.
2092 286 2213 345 497

62 454 216 495 sancta
250 447 340 493 nisi
374 446 558 493 titulum
595 462 681 493 nos
718 446 882 493 habere
919 453 965 493 et
1000 448 1218 509 speciem,
1258 453 1310 493 ut
1345 447 1596 508 Apostolus
1634 447 1718 499 ait,
1758 447 1963 508 pietatis,
2002 447 2215 495 virtutem

64 521 162 566 eius
198 517 491 580 abnegantes.
564 518 653 565 Nec
690 519 777 565 hoc
816 519 956 571 satis,
1002 518 1163 565 Dicunt
1200 533 1284 565 nos
1321 532 1427 565 vere
1463 532 1565 565 esse
1602 518 1844 579 Magistros
1882 519 2215 569 haereticorum,

63 590 170 651 quia
204 589 407 638 haeretici
444 590 608 641 simus,
661 597 708 636 et
743 590 986 637 haereticos
1024 590 1262 642 faciamus,
1308 589 1452 636 Etiam
1499 604 1603 636 vere
1647 590 1943 652 Inquisitores
1990 589 2217 636 haereticae

61 660 319 723 pravitatis,
367 660 474 722 quia
509 661 789 722 inquiramus
827 667 906 707 aut
941 662 1219 708 inveniamus
1257 675 1377 713 eam,
1426 661 1560 707 simul
1597 661 1895 723 Inquisitores
1933 667 1979 707 et
2015 660 2219 707 invento·

24 745 137 778 ares
170 732 428 784 haereseon,
474 746 560 793 pro
597 732 952 794 Inquisitoribus
997 733 1201 780 veritatis
1248 747 1334 779 nos
1381 728 1631 794 culpantes.
1704 732 1759 778 Et
1806 732 1895 778 heu
1943 731 2219 779 insanissimi

61 802 289 863 homines,
327 803 443 850 hanc
481 804 750 850 sententiam
789 804 919 865 quasi
956 805 1131 851 cunctis
1168 802 1451 865 principibus
1477 809 1524 850 et
1548 802 1674 849 laicis
1700 802 1825 864 (quia
1850 803 2070 864 incipiunt
2096 803 2221 849 valde

61 873 185 925 docti
222 872 338 935 fieri)
373 882 730 936 persuaserunt,
778 882 830 921 ut
875 889 961 921 nos
1009 890 1093 937 pro
1142 874 1462 922 seductoribus
1507 873 1688 935 populi,
1735 874 1974 920 homicidis
2023 873 2222 920 fidelium

62 945 231 992 Christi
265 947 437 1008 passim
473 946 703 999 iactitent,
751 952 797 992 et
832 945 964 1008 plane
1003 961 1087 1008 pro
1125 946 1394 992 Antichristi
1433 944 1657 1006 apostolis
1695 944 1902 990 habeant.
1975 944 2031 990 Et
2069 945 2224 991 dicunt

63 1032 114 1065 se
149 1017 239 1065 hoc
274 1015 493 1078 colligere
530 1031 583 1063 ex
618 1031 672 1064 eo
712 1017 1032 1070 fundamento,
1072 1017 1194 1078 quod
1231 1031 1324 1063 non
1363 1031 1537 1062 sacram
1575 1015 1873 1077 scripturam,
1923 1029 2004 1062 nec
2043 1022 2224 1062 sanctos

7 1097 50 1132 ¹⁰
65 1094 244 1150 patres,
283 1088 365 1135 sed
398 1088 692 1135 Aristotelem
730 1096 776 1135 et
814 1089 1052 1149 opiniones
1090 1095 1271 1135 nostras
1310 1087 1457 1134 solum
1496 1087 1759 1138 doceamus,
1801 1086 1965 1147 quibus
2001 1087 2228 1133 Antichri-

60 1167 161 1206 stus
198 1159 370 1215 utitur,
410 1166 462 1206 ut
497 1166 675 1221 putant.
750 1160 785 1206 Ο
823 1159 989 1211 secula,
1029 1158 1063 1204 Ο
1099 1172 1275 1211 mores,
1312 1159 1432 1205 bone
1469 1157 1608 1210 Deus,
1649 1158 1756 1220 quid
1782 1157 1856 1204 hic
1881 1157 2054 1204 dicam?
2094 1159 2226 1204 etiam

61 1231 108 1277 in
144 1237 348 1278 sanctam
371 1231 617 1278 Romanam
654 1229 889 1277 ecclesiam
926 1229 1181 1291 blasphemi
1219 1237 1348 1283 sunt,
1389 1243 1490 1291 quae
1516 1229 1778 1275 Aristotelis
1817 1229 2018 1275 studium
2056 1235 2102 1275 et
2128 1243 2228 1275 san-

60 1309 185 1349 ctum
221 1288 439 1349 'rhomam
475 1302 523 1348 iu
560 1303 656 1348 suis
692 1301 982 1364 opinionibus
1019 1300 1301 1363 approbavit,
1339 1307 1385 1347 et
1421 1299 1615 1347 multum
1654 1286 1995 1377 commendavit,
2033 1306 2085 1346 ut
2122 1306 2230 1346 nota

62 1380 172 1420 sunt
193 1373 360 1423 Urbani
392 1388 523 1436 papae
560 1372 707 1420 verba.

6 1451 48 1487 15
208 1441 252 1490 (1
286 1445 459 1493 Idcirco
497 1446 545 1491 in
581 1444 672 1492 isto
710 1458 802 1491 non
840 1444 1000 1491 similis
1037 1450 1235 1506 punctus
1274 1450 1347 1490 est
1384 1445 1503 1491 sicut
1540 1443 1651 1495 iste,
1692 1458 1832 1505 quare
1859 1458 1944 1505 pro
1971 1443 2232 1504 exequenda

60 1516 188 1563 Nona
223 1515 384 1578 regula
418 1515 627 1562 mittendi
665 1522 774 1562 sunt
808 1516 1063 1563 doctissimi
1100 1515 1443 1577 prudentissimi
1480 1515 1687 1567 Fratres,
1737 1515 1813 1576 qui
1862 1516 2007 1561 sciant
2045 1528 2231 1576 persua÷

26 1597 28 1599 ’
61 1587 170 1635 dere
205 1586 488 1642 hominibus,
515 1579 538 1654 [Ι
565 1587 689 1649 quod
724 1587 1023 1649 Inquisitores
1074 1601 1167 1634 non
1215 1586 1363 1633 solum
1400 1601 1566 1633 nomen
1602 1585 1842 1638 Ecclesiae,
1893 1586 1971 1632 sed
2007 1600 2112 1632 vere
2149 1585 2333 1643 Ec-Bijb

64 1658 217 1706 clesiae
250 1673 350 1705 rem
385 1658 532 1720 ipsam
581 1666 811 1720 quaerant,
861 1659 917 1705 Et
962 1673 1054 1706 non
1104 1672 1206 1706 esse
1242 1659 1543 1721 Inquisitores
1594 1657 1819 1706 haereticae
1868 1658 2132 1719 pravitatis,
2181 1663 2233 1702 ut

64 1744 163 1778 eam
198 1731 451 1783 inveniant,
498 1729 580 1777 sed
615 1737 669 1777 ut
706 1731 966 1792 opprimant
1003 1737 1049 1776 et
1094 1730 1300 1792 perdant.
1371 1730 1428 1776 Et
1474 1729 1587 1776 utile
1635 1737 1705 1776 est
1749 1729 1826 1776 ubi
1872 1743 1963 1776 non
2001 1728 2235 1775 sufficiunt

8 1809 303 1851 'mmm-st
339 1802 418 1864 qui
453 1800 523 1848 sic
557 1803 821 1854 mittantur,
870 1802 994 1863 quod
1029 1801 1176 1849 literae
1213 1801 1469 1848 scribantur
1505 1802 1553 1846 in
1592 1814 1770 1847 omnem
1810 1807 2000 1852 terram,
2050 1807 2096 1846 et
2132 1814 2235 1861 per·

64 1873 284 1923 suadeant
307 1874 430 1921 sicut
452 1873 555 1920 dixi.
631 1873 794 1921 Verum
821 1873 1050 1934 quomodo
1077 1873 1393 1935 persuadeant,
1433 1873 1522 1920 alio
1551 1879 1754 1934 tempore
1780 1872 1990 1923 scribam,
2030 1871 2116 1918 iam
2143 1885 2233 1917 non

66 1946 267 1993 occurrit
299 1943 421 1993 aliud
459 1946 548 1992 nisi
584 1952 636 1992 ut
672 1946 824 1991 iurent
859 1944 915 1992 ad
952 1958 1108 1991 omnes
1147 1952 1353 2000 sanctos,
1394 1952 1440 1990 et
1477 1944 1524 1990 in
1561 1945 1884 1991 conscientiam
1922 1957 2048 1989 suam
2074 1949 2233 2004 pectus

65 2017 227 2064 devote
262 2016 587 2078 percutiendo,
626 2030 677 2063 se
714 2030 819 2064 vero
846 2015 1087 2064 Ecclesiam
1126 2023 1327 2064 sanctam
1365 2015 1621 2068 intendere,
1661 2022 1707 2062 et
1743 2030 1835 2062 non
1873 2014 2042 2062 nudum
2068 2028 2233 2060 nomen

66 2088 286 2151 nequitiis
322 2087 420 2136 suis
455 2087 751 2151 praetendere.

11 2210 54 2244 25
839 2196 1163 2241 VNDECIMA
1191 2197 1460 2250 REGVLA,

119 2278 123 2285 ’
708 2272 902 2320 multum
938 2271 1184 2321 artificialis
1222 2287 1274 2320 ac
1310 2272 1596 2334 Magistralis.

213 2387 468 2431 QVIchm
507 2372 586 2421 fiat
621 2380 702 2421 aut
737 2387 830 2420 non
867 2372 968 2426 fiat,
1006 2373 1102 2420 Hoc
1138 2373 1272 2420 nimis
1297 2387 1393 2435 prae
1419 2372 1630 2420 omnibus
1656 2372 1903 2420 curandum
1931 2380 2013 2425 est,
2052 2386 2108 2420 nc
2134 2373 2234 2420 llae-

69 2448 240 2495 reticus
275 2447 566 2508 permittatur
603 2445 773 2507 aliquid
810 2445 1109 2508 respondere,
1159 2459 1306 2506 neque
1353 2446 1634 2491 examinetur
1678 2446 1723 2490 in
1771 2444 1865 2491 ullo
1904 2451 2099 2506 puncto,
2148 2447 2234 2491 nisi

70 2519 200 2581 prius
238 2519 475 2581 promittat
498 2516 743 2565 Ecclesiam
782 2524 984 2564 sanctam
1023 2518 1165 2579 sequi.
1240 2516 1294 2563 Et
1332 2518 1378 2563 in
1415 2516 1503 2563 hoc
1540 2516 1762 2563 habeatur
1786 2523 2022 2578 respectus
2049 2516 2103 2562 ad
2129 2531 2235 2563 cou-

16 2589 359 2638 wsuemdinem
396 2589 607 2637 Romanae
643 2588 811 2640 Curiae,
861 2603 960 2650 quae
997 2595 1068 2635 est
1104 2595 1249 2635 mater
1286 2595 1332 2634 et
1369 2589 1586 2649 magistra
1622 2586 1936 2640 ecclesiarum,
1985 2589 2118 2635 etiam
2156 2588 2237 2634 do-

71 2661 193 2709 mina
227 2667 479 2714 terrarum,
516 2660 641 2707 quta
679 2659 792 2707 illud
829 2659 1019 2711 Christi,
1070 2659 1250 2706 ‘Gentes
1288 2659 1577 2707 dominantur
1614 2673 1794 2711 eorum,
1838 2674 1917 2706 vos
1957 2666 2106 2705 autem
2143 2674 2235 2706 non

0 2775 6 2778 .
73 2733 152 2782 sic’
187 2739 292 2786 etc„
330 2731 442 2790 Quia
481 2731 582 2794 ipsa
620 2745 801 2794 semper
837 2731 899 2778 ita
938 2730 1058 2777 solet
1095 2731 1259 2779 facere.
1331 2730 1442 2779 Nam
1468 2730 1694 2778 comburit
1719 2737 1796 2777 aut
1822 2730 1866 2777 in
1895 2729 2104 2792 Tyberim
2131 2745 2235 2792 pro-

73 2804 194 2858 iicit,
231 2811 311 2851 aut
345 2803 457 2851 alias
494 2802 661 2851 occidit
698 2804 957 2865 quicunque
993 2817 1085 2849 non
1123 2802 1219 2850 vult
1255 2803 1381 2864 sequi
1421 2809 1620 2850 sanctam
1656 2802 1898 2849 Ecclesiam
1934 2802 2010 2848 Dei
2046 2808 2093 2848 et
2117 2804 2237 2864 Apo-

74 2875 284 2924 stolicam
320 2875 496 2927 sedem,
544 2888 636 2921 non
682 2879 857 2922 attento
907 2874 1028 2936 quod
1066 2874 1210 2921 voluit
1245 2881 1366 2921 stare
1403 2874 1592 2926 iudicio,
1642 2881 1720 2921 aut
1764 2875 1985 2920 rationem
2032 2873 2234 2920 reddere.

18 2947 173 2995 35Non
211 2953 360 2994 tamen
394 2948 440 2994 in
478 2945 566 2993 hoc
602 2952 675 2993 est
708 2945 933 2993 homicida
971 2952 1016 2993 et
1053 2953 1268 2993 cruentus
1306 2952 1553 3007 tyrannus,
1591 2946 1677 2992 nisi
1705 2945 1951 2992 secundum
1977 2945 2237 3006 opinionem

75 3018 359 3081 quorundam
398 3018 630 3065 fatuorum
669 3019 748 3079 qui
785 3019 1033 3080 scripturas
1072 3025 1248 3065 sanctas
1286 3032 1371 3079 per
1409 3023 1545 3079 caput
1570 3016 1808 3079 proprium
1835 3015 2127 3076 intelligendo
2156 3031 2238 3077 per

76 3091 351 3139 decisionem
390 3089 601 3137 Romanae
638 3087 785 3138 Curiae
831 3089 1072 3151 negligunt
1118 3102 1357 3151 exponere.
1434 3088 1627 3150 Oportet
1671 3088 1788 3135 enim
1837 3094 2036 3135 sanctam
2087 3087 2238 3134 Eccle-

78 3162 189 3210 siam
227 3160 551 3209 authoritative
587 3160 860 3222 procedere,
908 3167 955 3208 et
1000 3175 1093 3207 non
1131 3159 1318 3208 cuilibet
1355 3162 1578 3207 rationem
1618 3162 1686 3206 sui
1727 3159 1833 3206 sacti
1872 3159 2085 3212 reddere,
2134 3160 2237 3221 quia

16 3276 18 3280 ,
78 3234 190 3280 satis
226 3239 321 3285 est,
370 3231 494 3294 quod
530 3231 628 3294 ipsa
664 3231 801 3280 habet
835 3233 1036 3280 rationes
1074 3246 1171 3280 eam
1209 3238 1464 3290 moventes,
1513 3246 1613 3278 cum
1653 3231 1849 3292 Spiritus
1890 3238 2072 3278 sanctus
2109 3230 2239 3278 dese-

20 3311 155 3352 *orat
190 3317 304 3352 eam.
378 3302 434 3350 Et
470 3302 591 3351 iuste
629 3304 808 3365 quidem
846 3318 898 3352 ac
933 3310 1078 3359 recte,
1118 3304 1224 3366 quia
1262 3305 1301 3349 si
1339 3303 1405 3350 sic
1429 3303 1805 3355 admitterentur,
1845 3302 1978 3350 citius
2004 3302 2239 3351 convince-

16 3375 18 3377 ’
78 3382 181 3423 rent
216 3375 379 3438 Papam
417 3380 465 3422 et
500 3381 700 3422 sanctam
738 3374 971 3423 ecclesiam
1010 3390 1188 3427 errare.
1228 3389 1358 3436 quam
1385 3376 1470 3436 ipsi
1498 3375 1894 3428 convincerentur;
1933 3389 2024 3421 non
2050 3381 2239 3436 propter

77 3446 343 3499 veritatem,
383 3460 517 3509 quam
553 3460 645 3494 non
683 3446 871 3499 habent,
919 3446 1007 3493 Sed
1042 3453 1233 3510 propter
1268 3445 1606 3508 multiloquium
1645 3452 1689 3492 et
1724 3447 1937 3493 astuciam
1974 3452 2125 3498 suam,
2166 3445 2236 3492 cui

79 3532 174 3566 non
207 3525 363 3581 potest
400 3517 462 3566 ita
498 3518 715 3565 resistere
741 3517 940 3580 Spiritus
979 3525 1163 3566 sanctus
1202 3517 1333 3565 hodie
1371 3518 1489 3565 sicut
1527 3518 1635 3565 fecit
1675 3524 1879 3580 tempore
1917 3517 1978 3565 .S.
2006 3517 2237 3579 Stephani.

20 3646 25 3651 ᾗ
79 3587 189 3637 Nam
225 3589 315 3638 alia
351 3596 422 3637 est
458 3604 579 3636 nunc
615 3591 732 3636 ratio
774 3591 1014 3651 temporis,
1055 3597 1105 3636 ut
1144 3603 1266 3651 saepe
1303 3589 1416 3641 dixi,
1457 3589 1556 3636 ideo
1596 3588 1887 3636 utilissimum
1927 3596 1998 3635 est
2034 3595 2083 3634 ut
2122 3588 2239 3634 oeci·

24 3660 248 3709 edantur
283 3668 523 3724 antequam
561 3660 814 3707 audiantur.
888 3660 984 3706 Non
1032 3662 1152 3708 enim
1200 3660 1363 3722 dignus
1411 3667 1483 3707 est
1519 3661 1660 3707 audiri
1699 3662 1774 3722 qui
1812 3675 1901 3707 non
1941 3661 2035 3706 vult
2072 3659 2235 3708 audire,

82 3729 196 3789 Quia
230 3739 416 3796 oportet
453 3747 554 3780 esse
578 3727 600 3797 Η
627 3730 894 3793 discipulum
934 3739 1174 3795 antequam
1213 3731 1506 3793 magistrum,
1546 3738 1592 3779 et
1629 3733 1756 3794 prius
1796 3732 1949 3779 audire
1988 3745 2118 3792 quam
2160 3743 2235 3774 au·
2257 3725 2346 3779 Biij

83 3803 192 3858 diri,
230 3803 357 3853 Sicut
391 3804 662 3852 Aristoteles
699 3803 866 3852 docuit.

200 3954 217 3985 ¹
244 3958 309 4001 11.
330 3958 449 4004 Tim.
470 3959 553 4001 111.
576 3958 616 4000 5.
698 3956 732 3985 ¹⁹
762 3957 957 4013 perdunt
986 3960 1026 4003 1.
1095 3955 1131 3985 ³¹
1162 3956 1324 3999 Matth.
1349 3958 1446 3999 XX.
1469 3957 1537 4000 25.
1561 3957 1673 3997 Luc.
1698 3955 1841 3996 XXII.
1863 3953 1932 3995 25.
2012 3950 2047 3977 ³³
2077 3950 2174 3993 vnlt
2195 3952 2232 3995 1.

186 4030 300 4075 Ere.
326 4042 583 4074 onscvnon.
608 4042 768 4073 vmon.
1809 4028 1873 4076 32
