2456 4264
19 0 90 179 ἐξ

37 219 45 271 Α.-.
26 174 48 202 -ν

57 364 61 369 κ
56 337 63 342 v
56 288 66 314 .·.
55 165 75 266 *ip-›v-

498 299 890 330 :munuum-mnus
914 301 1222 332 onscvnonvu
1243 302 1692 332 nnvcnmmsunvu
1715 304 1865 334 novat.
2143 282 2264 341 389

27 413 71 531 ξ
101 447 178 494 ᾳσ,
201 435 250 484 si
263 434 460 495 „aperte
493 445 610 482 cum
642 433 920 482 Hermolao
957 432 1202 483 Barbaro
1238 435 1473 495 dixisset,
1526 437 1602 484 nil
1613 448 1618 452 ·
1648 449 1776 498 opus
1819 451 1927 486 esse
1961 440 2118 488 tantis
2154 440 2265 489 rbe-

26 510 73 645 f}
101 519 271 580 too-iis,
317 531 414 568 nec
456 518 603 567 ranis
648 523 698 566 et
731 519 932 580 quidem
968 519 1207 582 sem'pbiis
1242 521 1512 581 quicquam
1538 523 1846 583 propinare.
1922 523 2010 575 Sic
2044 526 2158 584 letis
2193 527 2266 574 in-

37 615 41 633 *
101 604 382 655 inventum
427 603 622 662 tristia,
673 604 746 651 mi
777 603 990 668 Lyrice,
1039 609 1090 654 et
1124 609 1356 654 extrema
1399 607 1584 666 qaudii
1628 607 1707 666 (ut
1754 609 1808 656 in
1846 611 2007 658 veteri
2039 615 2114 659 est
2145 624 2266 672 pro-

32 649 73 739 5
99 689 295 751 net-bio)
319 689 486 738 luctus
511 701 766 750 occupare
801 691 1073 738 consuevit.
1160 690 1345 739 Verum
1382 691 1482 739 hac
1519 691 1583 738 de
1618 705 1678 740 re
1713 693 1853 741 satis.
1932 693 2066 751 Quid
2101 699 2267 744 autem

75 775 168 837 ‚de
195 775 393 825 litteris
436 775 647 823 sentiam
694 774 902 835 divinis,
943 775 1133 836 paucis
1180 777 1375 837 accipe.
1453 776 1565 836 Eoo
1602 782 1742 825 tuam
1778 778 2038 827 subscribo
2072 785 2268 830 senten-

67 923 70 926 *
96 861 244 920 θαι,
284 860 366 908 illi
385 859 717 919 immorabor,
759 860 839 908 illi
858 861 957 908 soli
988 861 1221 909 serviam.
1298 860 1567 922 Aperienti
1600 862 1754 909 etiam
1790 863 1917 911 mibi
1940 865 2261 925 psalterium,

95 946 255 1001 unua
297 957 417 1006 sepe
463 944 655 1004 (nescio
702 957 800 1006 quo
837 945 896 993 id
923 946 1021 1003 fiat
1054 946 1264 1006 spiritu)
1304 958 1399 1005 que
1436 946 1588 993 nolim
1626 947 1850 1007 offendo.
1924 948 2033 1007 Hec
2070 950 2123 997 in
2152 951 2264 1011 pri-

96 1032 217 1090 ⁸¹35
263 1029 417 1080 ‘Ecce
450 1035 756 1092 peccatores
802 1030 1127 1078 intenderunt
1174 1042 1380 1090 arcum,
1425 1036 1752 1091 paraverunt
1795 1033 2012 1094 saqittas
2056 1046 2176 1081 suas
2212 1036 2265 1082 in

75 1115 370 1181 pharetra,
411 1119 468 1164 ut
499 1116 743 1175 saqittent
778 1116 833 1164 in
871 1114 1082 1163 obscuro
1116 1119 1286 1163 rectos
1320 1113 1509 1163 corde’.
1585 1115 1684 1164 Hic
1720 1117 1850 1164 enim
1864 1130 1969 1178 per
1993 1118 2128 1178 ipsos
2143 1131 2265 1180 pec-

71 1196 298 1253 catores
344 1199 428 1259 (ut
462 1200 527 1249 ab
564 1201 679 1249 aliis
716 1199 1025 1261 accepimus)
1064 1211 1155 1248 nos
1191 1199 1394 1248 obscuri
1427 1201 1773 1261 intelliyimur,
1807 1214 1910 1262 per
1945 1206 2111 1252 rectos
2146 1217 2267 1253 vero

95 1286 251 1339 corde
277 1283 535 1346 Theoloqi.
563 1279 586 1352 ΙΙ
613 1285 739 1334 Item
777 1285 881 1333 alio
916 1284 974 1332 in
1010 1284 1122 1333 loco
1148 1284 1421 1333 Psalmista
1458 1286 1620 1346 inquit
1629 1301 1647 1333 .·
1690 1285 1955 1348 ‘Corrupti
1974 1292 2105 1348 sunt,
2148 1289 2264 1337 abo-
2285 1285 2328 1338 ej

94 1363 355 1422 manabiles
382 1369 527 1430 facti
557 1374 676 1420 sunt
711 1371 765 1418 in
810 1369 993 1418 studiis
1027 1371 1146 1419 suis.
1222 1382 1323 1418 non
1361 1373 1435 1417 est
1471 1371 1559 1432 qui
1595 1369 1770 1430 faciat
1805 1372 2013 1433 bonum,
2054 1385 2157 1421 non
2193 1378 2267 1422 est

95 1444 252 1520 usque
286 1457 360 1506 ad
393 1454 578 1506 unum’.
655 1455 725 1504 Et
759 1456 968 1504 iterum:
1011 1453 1362 1517 ‘Sepulchrum
1390 1459 1581 1516 patens
1617 1460 1692 1504 est
1724 1460 1903 1517 quitur
1938 1470 2128 1518 eorum,
2169 1459 2264 1507 lin-

92 1543 213 1606 oms
241 1543 347 1592 suis
382 1542 554 1590 dolose
591 1545 778 1602 ayunt,
829 1553 1072 1589 venenum
1118 1541 1354 1602 aspidum
1400 1540 1490 1589 sub
1527 1541 1677 1590 labiis
1724 1540 1929 1592 eorum'.
2006 1543 2265 1592 Postremo

95 1629 197 1678 sic.-
236 1625 322 1676 ‘Os
356 1639 531 1676 eorum
567 1626 924 1675 maledictione
950 1626 1162 1687 plenum
1200 1630 1296 1686 est,
1338 1630 1387 1674 et
1422 1627 1615 1676 veloces
1650 1640 1823 1676 eorum
1858 1628 2015 1688 pedes
2053 1629 2126 1677 ad
2147 1642 2263 1679 san-

86 1713 293 1776 ’σκήπωνι
327 1707 724 1775 effundendum’.
799 1711 908 1770 Hec
946 1715 1099 1772 atque
1136 1713 1244 1760 alia
1281 1711 1339 1759 id
1370 1725 1530 1772 oenus
1565 1712 1749 1772 multa,
1792 1726 1943 1773 quum
1981 1726 2073 1774 eqo
2110 1714 2266 1763 corde

62 1787 343 1868 gobittinato
365 1801 417 1846 et
439 1796 780 1858 caliqantibus
805 1797 963 1845 oculis
999 1798 1051 1845 in
1090 1797 1301 1846 obscuro
1328 1798 1684 1858 perlegissem,
1727 1799 1965 1859 illumque
1991 1801 2265 1860 presertim

60 1883 422 1935 &versiculums
465 1883 729 1932 ‘Fructum
754 1895 927 1931 eorum
953 1882 1016 1930 de
1052 1877 1195 1931 terra
1223 1883 1439 1944 perdes,
1482 1887 1531 1931 et
1565 1896 1730 1931 semen
1768 1896 1939 1932 eorum
1966 1897 1999 1931 a
2032 1885 2154 1943 filiis
2177 1884 2263 1933 bo-

4 1980 28 1997 “¹
91 1965 312 2030 minwn’,
351 1981 475 2019 mox
509 1981 604 2029 eqo
643 1967 725 2027 (ut
759 1980 931 2017 verum
969 1967 1064 2016 tibi
1090 1967 1276 2027 fatear
1312 1969 1364 2016 in
1401 1969 1643 2029 tenebris)
1694 1972 1797 2016 toto
1835 1981 1868 2015 a
1904 1981 1981 2017 me
2014 1970 2263 2031 psalterio

0 2061 15 2070 Ἴ
96 2057 150 2105 et
189 2055 358 2104 multis
399 2067 548 2112 sacre
595 2054 851 2115 scripture
895 2053 1040 2102 libris
1086 2055 1138 2102 in
1181 2052 1362 2114 frusta
1398 2055 1609 2113 secatis,
1659 2066 1723 2102 ac
1760 2054 1944 2102 deinde
1979 2054 2259 2114 combustis,

91 2139 168 2190 ad
189 2137 419 2200 fabellas
452 2152 532 2188 me
566 2139 763 2188 contuli
790 2143 1082 2200 poetarum,
1137 2139 1224 2188 ubi
1270 2153 1422 2200 quam
1469 2140 1666 2187 dulcem
1704 2140 1977 2188 invenerim
2014 2139 2178 2188 cibum
2215 2144 2264 2188 et

0 2222 47 2290 5
90 2237 188 2289 que
231 2226 442 2276 deorum
488 2225 770 2285 esculenta,
821 2225 1054 2286 coqitare
1079 2227 1326 2287 poterunt
1352 2225 1541 2287 pauci,
1594 2225 1765 2274 dicere
1801 2237 1961 2274 nemo.
2047 2225 2173 2274 Vale
2209 2225 2262 2273 in

36 2295 69 2383 ἶξ
90 2310 307 2362 tenebris
340 2314 393 2360 et
425 2311 588 2361 lucem
620 2309 766 2371 fuqe.

1130 2514 1220 2576 37.

33 2620 79 2693 is
565 2639 570 2643 ’
711 2644 755 2693 1[
801 2637 1102 2696 Coridon
1143 2637 1647 2696 Pedicularius

454 2752 790 2814 Malacbie
826 2752 1068 2818 Lyrico
1106 2755 1155 2800 et
1193 2752 1503 2802 Caseario
1551 2719 1910 2809 Vederwiss'

923 2853 1028 2902 suis
1062 2852 1423 2902 contribulibus

1059 2951 1113 3002 S.
1142 2951 1199 3002 P.
1228 2951 1292 3002 D.

230 3065 412 3117 Laudo
447 3080 535 3118 vos
561 3068 867 3130 plurimum,
908 3068 1012 3117 viri
1034 3068 1450 3130 prestantissimi,
1493 3065 1631 3127 quod
1666 3065 1880 3113 dimissis
1916 3063 2262 3124 theoloqorum

31 3137 157 3268 Γασ
190 3152 643 3203 imeconsultorum
679 3152 862 3203 scholis
899 3153 970 3201 ad
994 3153 1342 3202 Libethridum
1379 3166 1466 3201 vos
1501 3150 1781 3200 contulistis
1803 3149 2096 3210 speluncam
2122 3161 2260 3211 nym-

45 3265 60 3270 „
81 3236 334 3303 phanau,
381 3242 433 3288 et
476 3239 548 3287 ad
583 3238 757 3288 divina
795 3239 884 3287 illa
912 3243 1183 3301 poemata,
1237 3251 1333 3299 que
1371 3241 1552 3286 nectar
1587 3235 1729 3284 nobis
1767 3238 1920 3295 atque
1958 3234 2261 3283 ambrosiam

13 3351 17 3363 ·
48 3324 66 3341 “·
81 3322 312 3386 prebent.
391 3323 513 3383 Quis
549 3324 681 3372 enim
711 3322 979 3384 Thomam,
1021 3322 1251 3383 Scotum,
1295 3322 1580 3381 Albertum,
1627 3318 1746 3378 Quis
1773 3319 2090 3380 Greqorium,
2134 3318 2260 3367 Ber-

89 3407 340 3470 nardum,
379 3408 822 3469 Bonaventuram,
865 3408 1135 3459 Nicolaum
1160 3408 1448 3472 Lyranum,
1495 3404 1612 3463 Quis
1644 3418 1823 3454 sacros
1857 3417 2092 3464 canones,
2134 3403 2260 3453 Sex-

90 3499 195 3544 tum
229 3499 279 3544 et
316 3494 679 3554 Clementinas,
732 3493 852 3551 Quis
889 3494 1108 3554 denique
1145 3492 1410 3552 Abbatem,
1463 3490 1741 3552 Anqelum,
1792 3491 2052 3550 Felinum,
2106 3489 2258 3538 Ioan-

96 3586 208 3628 nem
243 3579 472 3640 Andree,
514 3580 739 3640 aliosque
776 3579 831 3627 id
864 3592 1026 3639 oenus
1062 3578 1309 3638 infinitos,
1349 3589 1601 3626 sermones
1637 3576 1787 3625 etiam
1826 3588 1889 3625 ac
1925 3587 2144 3624 summas
2182 3574 2260 3633 (ut

91 3662 168 3714 ita
203 3664 399 3726 dicam)
447 3678 514 3713 ex
562 3664 776 3713 diversis
821 3664 1030 3723 ecclesie
1067 3662 1357 3713 doctoribus
1394 3662 1694 3724 compilatas
1729 3662 1899 3722 leyere
1936 3662 2256 3720 alienaretur,

91 3748 145 3799 in
179 3749 359 3812 quibus
383 3762 576 3812 parum
614 3754 705 3798 aut
741 3748 871 3799 nihil
906 3749 1188 3810 invenitur,
1240 3747 1376 3811 quod
1421 3747 1772 3809 Verqilianam
1824 3746 2052 3795 redoleat
2096 3745 2256 3792 lucer-

47 3911 49 3913 .
186 3857 222 3903 '⁸
251 3876 612 3918 Proverb.X1v.
639 3875 705 3918 13.
824 3875 842 3903 ¹³
880 3874 1050 3918 Psalm.
1073 3874 1127 3916 x.
1151 3873 1192 3917 3.
1312 3871 1344 3901 ¹¹
1383 3871 1768 3916 1³sa1m.xt11.1.
1892 3869 1974 3897 ’ω
2013 3868 2121 3911 ibid.
2146 3880 2187 3908 v.
2211 3866 2256 3910 3.

29 3936 36 3978 s
96 3941 132 3973 ¹⁸
158 3945 327 3990 Paalm.
349 3947 448 3989 XX.
477 3946 539 3988 11.
