2456 4264
612 291 947 322 PROTESTATIO.
1009 292 1286 323 svuuAmvu
1308 291 1476 320 'romvs
1500 289 1713 319 NEGOTII.
2121 263 2237 322 155

71 433 130 480 et'
162 427 435 478 ridiculum
472 424 667 486 fuerit,
717 407 860 475 nemo
905 430 982 474 est
1024 426 1243 474 omnium
1290 425 1379 485 qui
1422 436 1522 472 non
1570 421 1720 472 videt.
1798 420 1840 468 ([
1880 420 2247 470 Consultationi

71 517 243 577 itaque
276 525 387 571 sue,
440 498 819 570 defensionibus
865 523 1063 571 quoque
1098 514 1146 558 et
1183 511 1438 558 invectivis
1474 507 1843 570 impudentibus
1879 507 2076 555 titulum
2117 505 2240 555 Ocu-

70 599 199 650 Iaris
231 597 429 660 speculi
461 597 710 658 imposuit.
791 595 896 653 Quo
925 609 1025 658 per
1062 600 1216 643 totam
1242 589 1264 661 Π
1294 595 1722 644 Christianitatem
1759 593 1906 641 nimis
1942 592 2094 653 impie
2125 604 2223 653 per
2235 597 2335 652 ,filij

69 683 443 746 impressionem
470 682 753 743 publicato,
796 694 889 729 nec
925 681 1162 741 equitatis
1198 693 1405 728 munere
1443 680 1553 738 (cui
1586 691 1679 738 eqo
1704 690 1793 725 ¹me
1827 690 2024 738 semper
2059 689 2234 725 coram

33 769 324 832 :quibusvis
358 767 611 816 iudicibus
645 766 858 828 subieci)
890 779 989 827 per
1025 766 1186 827 ipsum
1226 765 1488 813 observato
1518 764 1905 824 flammivomum
1942 775 2035 822 eqo
2072 775 2233 811 meum

66 835 348 916 meschini,
389 853 641 901 teutonice
682 852 818 900 ‘dien
854 849 1190 914 brantspeqel’
1233 850 1392 909 (velut
1427 848 1713 897 execrabili
1744 848 2008 895 lacessitus
2044 848 2234 896 iniuria

52 944 116 988 'et
149 937 223 986 ad
255 938 387 986 illud
419 938 670 986 edendum
707 937 963 998 aptissime
992 937 1325 998 provocatus)
1364 936 1656 982 reverenter
1691 933 1744 980 in
1767 933 1927 980 lucem
1953 932 2109 980 edidi.
2171 932 2235 980 In
2298 979 2301 981 ,

67 1036 165 1086 quo
200 1023 381 1071 iterum
416 1035 510 1084 eqo
546 1022 815 1084 superbam
850 1021 1008 1082 ipsius
1043 1022 1415 1070 insultationem
1451 1018 1719 1078 variosque
1754 1029 1955 1064 errores
1981 1017 2128 1065 rebus
2153 1018 2236 1064 de-

66 1108 169 1158 uici
200 1108 524 1167 necessariis,
574 1106 782 1155 cuilibet
823 1119 921 1168 per
957 1106 1276 1153 Alemaniam
1322 1104 1482 1153 iudici
1533 1102 1615 1161 (id
1649 1103 1787 1163 quod
1821 1103 1874 1150 in
1911 1102 2046 1152 hunc
2083 1116 2238 1163 usque

4 1193 199 1246 medient
245 1205 505 1253 nunquam
551 1192 660 1253 ipse
696 1189 883 1250 facere
927 1195 1000 1238 est
1047 1192 1223 1251 ausus)
1271 1203 1348 1238 me
1391 1190 1647 1239 bumilime
1694 1190 1979 1238 subiiciens.
2057 1187 2098 1234 (Ι
2134 1187 2240 1236 Sed

65 1278 190 1340 quid
222 1277 288 1325 de
321 1264 400 1325 me
434 1277 621 1338 loquar
656 1276 931 1337 neophito?
967 1276 1214 1324 Doctores
1249 1275 1479 1335 equidem
1516 1275 1617 1336 ipsi
1653 1275 1968 1323 Colonienses
2003 1280 2051 1322 et
2077 1275 2236 1336 pleri-

65 1375 161 1425 que
194 1363 292 1411 alii
321 1375 471 1421 sacre
509 1362 758 1422 theoloqie
786 1359 1114 1423 professores
1150 1372 1419 1408 erroneam
1457 1361 1616 1422 ipsius
1652 1359 1863 1419 heresim
1902 1362 2036 1409 ultro
2083 1363 2236 1410 citro-

61 1461 162 1510 que
199 1448 607 1506 considerantes,
661 1447 977 1507 omniumque
1013 1446 1418 1504 christifidelium
1465 1446 1623 1494 saluti
1668 1447 1993 1508 prospicere,
2053 1451 2102 1494 et
2147 1459 2237 1495 suo

62 1533 268 1582 tandem
306 1531 480 1592 officio
515 1530 827 1592 satisfacere
862 1533 1097 1591 volentes,
1139 1531 1394 1589 hereticas
1430 1532 1589 1593 ipsius
1603 1532 1984 1593 propositiones
2009 1536 2058 1579 et
2082 1545 2234 1592 arqu-

2 1622 233 1673 *metita
266 1619 417 1678 lonqe
452 1611 743 1666 deteriora‘
749 1630 882 1666 veris
918 1617 1200 1665 rationibus
1229 1618 1619 1678 impuqnarunt.
1668 1631 1759 1666 nec
1797 1616 1963 1678 defuit
1996 1617 2116 1665 huic
2153 1630 2235 1664 ne-

23 1704 205 1766 qocio
239 1703 583 1752 serenissimus
618 1707 789 1752 noster
825 1704 1106 1764 imperator
1142 1703 1232 1763 qui
1263 1702 1468 1764 publico
1503 1704 1747 1751 mandato
1778 1716 1877 1763 per
1902 1707 2058 1751 totum
2083 1703 2235 1763 impe-

58 1789 191 1838 rimu
225 1789 485 1850 speculum
523 1789 681 1850 ipsius
718 1789 927 1837 oculare
963 1788 1114 1836 vendi
1147 1788 1418 1849 prohibuit
1460 1793 1509 1836 et
1543 1802 1638 1849 per
1675 1789 1938 1850 publicam
1985 1788 2239 1849 supprimi

59 1875 460 1933 mestaiionem,
487 1874 638 1923 sicuti
660 1874 713 1922 in
728 1874 1125 1934 precedentibus
1149 1878 1222 1922 est
1246 1877 1564 1921 enarratum.
1631 1861 1673 1920 (I
1709 1874 1818 1932 Hec
1845 1876 2014 1922 omnia
2039 1873 2235 1922 Ioanne

25 1967 27 1969 ’
58 1958 309 2008 Beuchlin
345 1959 504 2008 invito
539 1959 922 2018 considerante,
964 1963 1013 2008 et
1047 1960 1156 2007 sine
1182 1959 1468 2020 prudentia
1507 1959 1671 2006 instar
1707 1959 1881 2007 rabidi
1913 1961 2058 2007 canis
2095 1959 2236 2018 (suos

0 2060 45 2101 n
56 2056 263 2094 errores
288 2043 634 2106 pertinaciter
666 2056 755 2092 seu
791 2043 988 2105 oblique
1015 2058 1117 2106 per
1153 2045 1392 2105 ambaqes
1429 2042 1780 2105 defendendo)
1819 2057 1919 2092 non
1955 2044 2115 2092 solum
2152 2045 2233 2092 bo-

53 2143 148 2180 nos
183 2142 358 2179 verum
395 2130 610 2191 optimos
647 2143 866 2191 quosque
916 2130 1166 2178 theoninis
1210 2131 1312 2179 suis
1359 2130 1590 2178 dentibus
1637 2133 2002 2190 exasperante,
2055 2128 2232 2189 desen-

52 2217 243 2266 sionem
268 2215 528 2277 quandam
553 2216 727 2275 edidit,
770 2215 933 2264 verbis
970 2216 1343 2276 aliquantulum
1381 2217 1702 2275 concinnam,
1744 2216 1836 2263 sed
1869 2217 2088 2263 materia
2126 2220 2231 2262 tur-

44 2313 166 2364 pem
200 2312 265 2350 ac
293 2297 626 2360 feculentam.
705 2300 800 2350 Cui
833 2302 986 2349 etiam
1024 2305 1097 2349 tot
1133 2301 1304 2348 insunt
1340 2301 1635 2360 mendacia,
1686 2305 1758 2348 tot
1795 2301 2118 2361 impudentie,
2161 2305 2233 2348 tot

47 2384 337 2447 falsitates,
377 2389 451 2434 tot
473 2386 678 2445 sinistre
703 2387 1098 2446 immutationes,
1141 2390 1213 2434 tot
1250 2387 1526 2446 scandala,
1570 2390 1642 2433 tot
1680 2387 2006 2447 offensiones,
2049 2390 2122 2434 tot
2147 2387 2228 2433 de-

0 2473 210 2535 unique
235 2469 443 2532 furoris
473 2473 670 2532 poetice
708 2473 983 2521 maledicta
1020 2477 1068 2520 et
1105 2472 1370 2531 invective,
1422 2475 1477 2519 ut
1513 2472 1560 2519 si
1594 2471 1766 2520 dicere
1801 2472 1948 2521 simul
1983 2473 2075 2520 illa
2112 2485 2228 2520 con-

50 2557 290 2620 tendero,
330 2570 409 2606 me
442 2557 508 2606 sit
548 2555 760 2619 Olimpie
797 2562 993 2620 tempus
1030 2556 1367 2618 defecturum.

28 2635 38 2639 ’
119 2700 121 2702 ,
193 2641 237 2691 t
273 2641 429 2693 Nunc
465 2646 634 2692 autem
672 2644 799 2705 quid
832 2644 939 2705 ipse
967 2642 1118 2703 feci?
1165 2644 1345 2692 bonum
1384 2656 1488 2706 pro
1524 2644 1659 2692 malo
1697 2644 1845 2692 iuxta
1883 2646 2228 2705 evanqelicam

46 2729 423 2791 preceptionem
459 2728 748 2790 reddendo,
791 2742 884 2778 nec
920 2730 1074 2778 stulto
1113 2734 1203 2778 aut
1238 2730 1452 2778 rationis
1490 2730 1634 2791 inopi
1666 2730 1815 2778 stulte
1851 2731 2224 2792 respondendo,

49 2814 199 2864 simul
232 2815 288 2863 in
325 2827 480 2863 unum
516 2815 704 2876 colleqi
738 2815 897 2877 ipsius
934 2817 1170 2877 inprimis
1219 2815 1639 2864 consultationem
1686 2819 1734 2863 et
1779 2828 1940 2864 meum
1987 2818 2231 2865 manuale

0 2900 325 2962 ”speculum
401 2899 599 2949 Deinde
633 2901 891 2962 speculum
929 2901 1150 2950 eiusdem
1190 2902 1402 2951 oculare
1439 2902 1692 2962 inteqrum
1718 2905 1765 2949 et
1789 2914 1949 2949 meum
1975 2905 2229 2963 speculum

46 2985 438 3047 flammivomum
482 2999 589 3035 una
634 2998 746 3035 cum
794 2984 1090 3046 defensione
1134 2987 1307 3049 ipsius.
1384 2987 1480 3036 His
1526 2988 1696 3047 itaque
1731 2986 1912 3035 libellis
1948 2987 2044 3036 hoc
2080 2988 2228 3036 modo

51 3071 210 3129 simul,
234 3071 459 3134 acceptis
485 3069 758 3133 profectus
794 3085 902 3121 sum
938 3071 1299 3134 Stutqardiam
1337 3073 1410 3120 ad
1444 3072 1690 3120 Ioannem
1731 3071 2004 3132 Reuclilin,
2060 3074 2228 3122 volens

50 3154 235 3205 ibidem
270 3168 449 3206 coram
486 3157 644 3218 ipsius
671 3158 917 3220 principe
954 3163 1044 3207 aut
1080 3158 1391 3207 consiliariis
1427 3158 1646 3206 eiusdem
1684 3162 1824 3205 stare
1861 3158 1988 3217 iuri,
2031 3163 2079 3206 et
2114 3172 2225 3207 sen-

49 3241 252 3291 tentiam
289 3240 465 3301 (modo
502 3242 554 3290 in
592 3243 766 3303 quovis
801 3256 981 3291 errore
1018 3243 1452 3305 deprehenderer)
1503 3245 1582 3292 vel
1632 3244 1704 3291 ad
1744 3255 1930 3304 penam
1970 3245 2101 3304 iqnis
2137 3258 2225 3293 ex-

0 3329 275 3408 qpectare.
350 3326 459 3387 Hec
512 3326 890 3390 subtersuqiens
935 3329 1156 3377 Ioannes
1201 3328 1453 3377 Reuchlin
1510 3340 1670 3389 neque
1724 3328 1850 3376 milii
1889 3342 2061 3376 coram
2107 3344 2224 3390 quo-

44 3423 243 3477 >qunque
278 3412 390 3462 viro
426 3412 589 3461 nobili
621 3418 712 3461 aut
749 3414 989 3476 optimate
1023 3415 1165 3475 loqui
1201 3415 1421 3474 audens,
1464 3414 1808 3475 interpellavit
1843 3415 2045 3463 tandem
2085 3417 2228 3477 apud

50 3493 316 3556 Gesaream
353 3497 678 3546 Maiestatem
715 3498 789 3547 ibi
823 3502 924 3547 tum
953 3503 1241 3560 presentem
1280 3500 1415 3547 inter
1452 3512 1543 3547 nos
1581 3499 1715 3547 ultro
1761 3499 1992 3561 citroque
2037 3502 2227 3548 silentii

34 3579 352 3650 ¹§observandi
384 3583 709 3643 mandatum,
766 3584 818 3631 in
857 3597 957 3644 quo
994 3585 1147 3632 etiam
1183 3584 1424 3633 bonorem
1460 3584 1587 3633 milei
1621 3597 1654 3631 a
1691 3598 1743 3633 se
1778 3597 2105 3645 suppressum
2144 3599 2220 3632 re-

33 3665 186 3716 :uitat
208 3668 528 3730 procuravit,
568 3681 783 3730 sperans
818 3669 915 3717 tali
948 3671 1096 3719 modo
1133 3674 1289 3718 totum
1327 3670 1587 3730 neqocium
1615 3682 1716 3730 per
1753 3671 2037 3719 universum
2063 3671 2226 3731 sopiri

0 3758 206 3816 sapone.
285 3749 540 3819 Cessterum
579 3767 662 3803 res
698 3755 811 3817 ipsa
848 3755 999 3816 lonqe
1037 3756 1187 3804 aliter
1225 3756 1404 3805 evenit.
1485 3754 1785 3817 Quanquam
1812 3757 1942 3805 enim
1971 3755 2185 3814 Cesarea
2208 3763 2331 3819 ‘mijb

158 3930 193 3960 ¹¹³
223 3935 360 3976 iuss'it
389 3937 508 3978 deest
540 3937 667 3978 etiam
698 3939 739 3978 1.
822 3936 855 3964 ¹⁹
887 3937 1026 3979 inuit⁹
1049 3937 1147 3991 (pro
1178 3938 1342 3991 invito>
1375 3941 1413 3979 1.
1494 3935 1530 3963 ⁸⁵
1561 3937 1742 3991 poetice
1776 3940 1814 3978 1.
1894 3934 1930 3961 ¹⁶
1963 3935 2146 3989 olimpie
2169 3937 2208 3977 1.
