<?xml version="1.0" encoding="UTF-8"?>
<!DOCTYPE html PUBLIC "-//W3C//DTD XHTML 1.0 Transitional//EN"
    "http://www.w3.org/TR/xhtml1/DTD/xhtml1-transitional.dtd">
<html xmlns="http://www.w3.org/1999/xhtml" xml:lang="en" lang="en">
 <head>
  <title>
</title>
<meta http-equiv="Content-Type" content="text/html;charset=utf-8" />
  <meta name='ocr-system' content='tesseract 3.04.00' />
  <meta name='ocr-capabilities' content='ocr_page ocr_carea ocr_par ocr_line ocrx_word'/>
</head>
<body>
  <div class='ocr_page' id='page_1' title='image "./supoperaquaerepe01huttuoft_0289.png"; bbox 0 0 2456 4264; ppageno 0'>
   <div class='ocr_carea' id='block_1_1' title="bbox 243 272 2228 330">
    <p class='ocr_par' dir='ltr' id='par_1_1' title="bbox 243 272 2228 330">
     <span class='ocr_line' id='line_1_1' title="bbox 243 272 2228 330; baseline 0.005 -13"><span class='ocrx_word' id='word_1_1' title='bbox 243 282 301 322; x_wconf 76' lang='lat'>88,</span> <span class='ocrx_word' id='word_1_2' title='bbox 321 288 551 318; x_wconf 66' lang='lat' dir='ltr'>nnuman</span> <span class='ocrx_word' id='word_1_3' title='bbox 571 283 1193 320; x_wconf 65' lang='lat' dir='ltr'>Pmnm1.39.cnvmum</span> <span class='ocrx_word' id='word_1_4' title='bbox 1217 286 1890 323; x_wconf 68' lang='lat' dir='ltr'>srunomor.4o.1onmms</span> <span class='ocrx_word' id='word_1_5' title='bbox 1913 295 2074 325; x_wconf 55' lang='grc' dir='ltr'><strong>ουν».</strong></span> <span class='ocrx_word' id='word_1_6' title='bbox 2106 272 2228 330; x_wconf 85' lang='grc'>249</span> 
     </span>
    </p>
   </div>
   <div class='ocr_carea' id='block_1_2' title="bbox 17 402 2234 2691">
    <p class='ocr_par' dir='ltr' id='par_1_2' title="bbox 17 402 2234 2691">
     <span class='ocr_line' id='line_1_2' title="bbox 24 402 2232 490; baseline 0.003 -22.006"><span class='ocrx_word' id='word_1_7' title='bbox 24 402 210 490; x_wconf 42' lang='lat' dir='ltr'>‘sm</span> <span class='ocrx_word' id='word_1_8' title='bbox 245 419 296 469; x_wconf 72' lang='lat' dir='ltr'>in</span> <span class='ocrx_word' id='word_1_9' title='bbox 331 422 506 483; x_wconf 59' lang='lat' dir='ltr'>estate</span> <span class='ocrx_word' id='word_1_10' title='bbox 523 431 627 467; x_wconf 88' lang='lat' dir='ltr'>non</span> <span class='ocrx_word' id='word_1_11' title='bbox 664 424 739 468; x_wconf 88' lang='lat' dir='ltr'>est</span> <span class='ocrx_word' id='word_1_12' title='bbox 773 417 963 469; x_wconf 92' lang='lat' dir='ltr'>bonum</span> <span class='ocrx_word' id='word_1_13' title='bbox 1000 433 1284 485; x_wconf 81' lang='lat' dir='ltr'><strong>supponere</strong></span> <span class='ocrx_word' id='word_1_14' title='bbox 1322 420 1417 471; x_wconf 87' lang='lat' dir='ltr'>hic.</span> <span class='ocrx_word' id='word_1_15' title='bbox 1493 422 1634 473; x_wconf 92' lang='lat' dir='ltr'>Tunc</span> <span class='ocrx_word' id='word_1_16' title='bbox 1671 422 1781 473; x_wconf 91' lang='lat' dir='ltr'>dico</span> <span class='ocrx_word' id='word_1_17' title='bbox 1818 438 1940 488; x_wconf 83' lang='lat' dir='ltr'>ego.</span> <span class='ocrx_word' id='word_1_18' title='bbox 1980 432 2115 490; x_wconf 88' lang='lat' dir='ltr'>‘ergo</span> <span class='ocrx_word' id='word_1_19' title='bbox 2153 441 2232 476; x_wconf 91' lang='lat' dir='ltr'>re-</span> 
     </span>
     <span class='ocr_line' id='line_1_3' title="bbox 27 497 2232 585; baseline 0.002 -30"><span class='ocrx_word' id='word_1_20' title='bbox 27 497 186 585; x_wconf 54' lang='lat'>‘5⁸⁹0</span> <span class='ocrx_word' id='word_1_21' title='bbox 220 500 329 552; x_wconf 80' lang='lat' dir='ltr'>volo</span> <span class='ocrx_word' id='word_1_22' title='bbox 365 503 414 553; x_wconf 90' lang='lat' dir='ltr'>in</span> <span class='ocrx_word' id='word_1_23' title='bbox 440 500 733 560; x_wconf 84' lang='lat' dir='ltr'>Almaniam,</span> <span class='ocrx_word' id='word_1_24' title='bbox 772 502 863 554; x_wconf 90' lang='lat' dir='ltr'>ubi</span> <span class='ocrx_word' id='word_1_25' title='bbox 898 518 1096 569; x_wconf 79' lang='lat' dir='ltr'><strong>semper</strong></span> <span class='ocrx_word' id='word_1_26' title='bbox 1133 499 1330 555; x_wconf 88' lang='lat' dir='ltr'>bonum</span> <span class='ocrx_word' id='word_1_27' title='bbox 1359 513 1432 556; x_wconf 91' lang='lat' dir='ltr'>est</span> <span class='ocrx_word' id='word_1_28' title='bbox 1468 522 1767 573; x_wconf 84' lang='lat' dir='ltr'>supponere.</span> <span class='ocrx_word' id='word_1_29' title='bbox 1825 508 1888 558; x_wconf 89' lang='lat' dir='ltr'>Et</span> <span class='ocrx_word' id='word_1_30' title='bbox 1922 524 2039 574; x_wconf 76' lang='lat' dir='ltr'>sepe</span> <span class='ocrx_word' id='word_1_31' title='bbox 2064 524 2232 561; x_wconf 90' lang='lat' dir='ltr'>recor·</span> 
     </span>
     <span class='ocr_line' id='line_1_4' title="bbox 71 585 2232 655; baseline 0.005 -19"><span class='ocrx_word' id='word_1_32' title='bbox 71 597 98 655; x_wconf 54' lang='lat' dir='ltr'><strong>j</strong></span> <span class='ocrx_word' id='word_1_33' title='bbox 167 615 171 626; x_wconf 76' lang='lat'><em>,</em></span> <span class='ocrx_word' id='word_1_34' title='bbox 198 585 429 654; x_wconf 76' lang='lat' dir='ltr'>qualiter</span> <span class='ocrx_word' id='word_1_35' title='bbox 464 585 730 637; x_wconf 89' lang='lat' dir='ltr'>habuimus</span> <span class='ocrx_word' id='word_1_36' title='bbox 766 589 817 637; x_wconf 93' lang='lat' dir='ltr'>in</span> <span class='ocrx_word' id='word_1_37' title='bbox 855 587 1110 638; x_wconf 86' lang='lat' dir='ltr'>Daventria</span> <span class='ocrx_word' id='word_1_38' title='bbox 1152 591 1359 640; x_wconf 90' lang='lat' dir='ltr'>amasias</span> <span class='ocrx_word' id='word_1_39' title='bbox 1399 606 1491 655; x_wconf 88' lang='lat' dir='ltr'>ego</span> <span class='ocrx_word' id='word_1_40' title='bbox 1529 599 1577 643; x_wconf 91' lang='lat' dir='ltr'>et</span> <span class='ocrx_word' id='word_1_41' title='bbox 1615 608 1724 642; x_wconf 87' lang='lat' dir='ltr'>vos:</span> <span class='ocrx_word' id='word_1_42' title='bbox 1764 599 1812 644; x_wconf 91' lang='lat' dir='ltr'>et</span> <span class='ocrx_word' id='word_1_43' title='bbox 1846 594 2021 644; x_wconf 89' lang='lat' dir='ltr'>ivimus</span> <span class='ocrx_word' id='word_1_44' title='bbox 2057 595 2108 644; x_wconf 89' lang='lat' dir='ltr'>in</span> <span class='ocrx_word' id='word_1_45' title='bbox 2147 595 2232 646; x_wconf 91' lang='lat' dir='ltr'>de·</span> 
     </span>
     <span class='ocr_line' id='line_1_5' title="bbox 48 666 2232 770; baseline 0.003 -46"><span class='ocrx_word' id='word_1_46' title='bbox 48 666 300 770; x_wconf 52' lang='lat' dir='ltr'>ficetum</span> <span class='ocrx_word' id='word_1_47' title='bbox 334 673 476 724; x_wconf 79' lang='lat' dir='ltr'>istius</span> <span class='ocrx_word' id='word_1_48' title='bbox 512 671 760 722; x_wconf 80' lang='lat' dir='ltr'>domicelli</span> <span class='ocrx_word' id='word_1_49' title='bbox 797 674 882 752; x_wconf 86' lang='lat' dir='ltr'>qui</span> <span class='ocrx_word' id='word_1_50' title='bbox 920 674 1065 723; x_wconf 92' lang='lat' dir='ltr'>etiam</span> <span class='ocrx_word' id='word_1_51' title='bbox 1105 674 1301 724; x_wconf 88' lang='lat' dir='ltr'>amabat</span> <span class='ocrx_word' id='word_1_52' title='bbox 1325 681 1537 726; x_wconf 84' lang='lat' dir='ltr'>vestram</span> <span class='ocrx_word' id='word_1_53' title='bbox 1565 679 1820 728; x_wconf 83' lang='lat' dir='ltr'>amasiam.</span> <span class='ocrx_word' id='word_1_54' title='bbox 1860 679 1984 729; x_wconf 91' lang='lat' dir='ltr'>sed</span> <span class='ocrx_word' id='word_1_55' title='bbox 1971 695 2074 744; x_wconf 78' lang='lat' dir='ltr'>ipsa</span> <span class='ocrx_word' id='word_1_56' title='bbox 2103 695 2232 730; x_wconf 91' lang='lat' dir='ltr'>mer-</span> 
     </span>
     <span class='ocr_line' id='line_1_6' title="bbox 31 755 2232 827; baseline 0.003 -20"><span class='ocrx_word' id='word_1_57' title='bbox 31 755 100 822; x_wconf 59' lang='lat' dir='ltr'>j&#39;·.</span> <span class='ocrx_word' id='word_1_58' title='bbox 180 791 226 803; x_wconf 28' lang='lat' dir='ltr'>*r</span> <span class='ocrx_word' id='word_1_59' title='bbox 246 757 327 809; x_wconf 79' lang='lat' dir='ltr'>ei</span> <span class='ocrx_word' id='word_1_60' title='bbox 360 771 512 822; x_wconf 83' lang='lat' dir='ltr'>super</span> <span class='ocrx_word' id='word_1_61' title='bbox 548 772 619 807; x_wconf 91' lang='lat' dir='ltr'>os.</span> <span class='ocrx_word' id='word_1_62' title='bbox 695 757 792 807; x_wconf 90' lang='lat' dir='ltr'>Sed</span> <span class='ocrx_word' id='word_1_63' title='bbox 841 773 975 808; x_wconf 91' lang='lat' dir='ltr'>nunc</span> <span class='ocrx_word' id='word_1_64' title='bbox 1024 759 1184 808; x_wconf 87' lang='lat' dir='ltr'>audivi</span> <span class='ocrx_word' id='word_1_65' title='bbox 1233 760 1440 825; x_wconf 83' lang='lat' dir='ltr'>qualiter</span> <span class='ocrx_word' id='word_1_66' title='bbox 1478 760 1670 811; x_wconf 90' lang='lat' dir='ltr'>debetis</span> <span class='ocrx_word' id='word_1_67' title='bbox 1707 778 1988 827; x_wconf 85' lang='lat' dir='ltr'>supponere</span> <span class='ocrx_word' id='word_1_68' title='bbox 2026 779 2232 814; x_wconf 89' lang='lat' dir='ltr'>uxorem</span> 
     </span>
     <span class='ocr_line' id='line_1_7' title="bbox 340 841 2230 911; baseline 0 -13.863"><span class='ocrx_word' id='word_1_69' title='bbox 340 841 654 893; x_wconf 77' lang='lat' dir='ltr'>Pfefferkorn</span> <span class='ocrx_word' id='word_1_70' title='bbox 693 856 841 892; x_wconf 91' lang='lat' dir='ltr'>causa</span> <span class='ocrx_word' id='word_1_71' title='bbox 878 842 1177 893; x_wconf 84' lang='lat' dir='ltr'>honestatis.</span> <span class='ocrx_word' id='word_1_72' title='bbox 1228 846 1342 909; x_wconf 89' lang='lat' dir='ltr'>quia</span> <span class='ocrx_word' id='word_1_73' title='bbox 1392 851 1465 894; x_wconf 90' lang='lat' dir='ltr'>est</span> <span class='ocrx_word' id='word_1_74' title='bbox 1512 851 1700 895; x_wconf 88' lang='lat' dir='ltr'>secreta</span> <span class='ocrx_word' id='word_1_75' title='bbox 1749 853 1798 896; x_wconf 90' lang='lat' dir='ltr'>et</span> <span class='ocrx_word' id='word_1_76' title='bbox 1835 849 1972 911; x_wconf 91' lang='lat' dir='ltr'>quasi</span> <span class='ocrx_word' id='word_1_77' title='bbox 2011 849 2230 899; x_wconf 88' lang='lat' dir='ltr'>honesta.</span> 
     </span>
     <span class='ocr_line' id='line_1_8' title="bbox 43 920 2232 995; baseline -0.001 -13"><span class='ocrx_word' id='word_1_78' title='bbox 43 920 140 993; x_wconf 49' lang='grc' dir='ltr'>,ζ’</span> <span class='ocrx_word' id='word_1_79' title='bbox 171 929 248 980; x_wconf 70' lang='lat' dir='ltr'>dut</span> <span class='ocrx_word' id='word_1_80' title='bbox 280 921 482 979; x_wconf 79' lang='lat' dir='ltr'>bonum</span> <span class='ocrx_word' id='word_1_81' title='bbox 505 926 705 992; x_wconf 87' lang='lat' dir='ltr'>quando</span> <span class='ocrx_word' id='word_1_82' title='bbox 742 926 921 992; x_wconf 88' lang='lat' dir='ltr'>aliquis</span> <span class='ocrx_word' id='word_1_83' title='bbox 959 927 1110 978; x_wconf 89' lang='lat' dir='ltr'>habet</span> <span class='ocrx_word' id='word_1_84' title='bbox 1149 929 1399 992; x_wconf 85' lang='lat' dir='ltr'>propriam</span> <span class='ocrx_word' id='word_1_85' title='bbox 1446 931 1497 978; x_wconf 94' lang='lat' dir='ltr'>in</span> <span class='ocrx_word' id='word_1_86' title='bbox 1548 937 1755 979; x_wconf 88' lang='lat' dir='ltr'>secreto.</span> <span class='ocrx_word' id='word_1_87' title='bbox 1831 931 1892 979; x_wconf 89' lang='lat' dir='ltr'>Et</span> <span class='ocrx_word' id='word_1_88' title='bbox 1939 930 2057 981; x_wconf 84' lang='lat' dir='ltr'>dixit</span> <span class='ocrx_word' id='word_1_89' title='bbox 2107 948 2232 982; x_wconf 79' lang='lat' dir='ltr'>unus</span> 
     </span>
     <span class='ocr_line' id='line_1_9' title="bbox 51 1005 2230 1077; baseline -0 -12"><span class='ocrx_word' id='word_1_90' title='bbox 51 1011 122 1074; x_wconf 57' lang='lat' dir='ltr'>fs&#39;</span> <span class='ocrx_word' id='word_1_91' title='bbox 154 1012 278 1070; x_wconf 68' lang='grc' dir='ltr'>ἫΙο,</span> <span class='ocrx_word' id='word_1_92' title='bbox 316 1011 450 1077; x_wconf 85' lang='lat' dir='ltr'>quod</span> <span class='ocrx_word' id='word_1_93' title='bbox 487 1005 733 1070; x_wconf 76' lang='lat' dir='ltr'>lohaun&#39;es</span> <span class='ocrx_word' id='word_1_94' title='bbox 768 1011 1080 1062; x_wconf 85' lang='lat' dir='ltr'>Pfefferkorn</span> <span class='ocrx_word' id='word_1_95' title='bbox 1119 1012 1274 1063; x_wconf 91' lang='lat' dir='ltr'>semel</span> <span class='ocrx_word' id='word_1_96' title='bbox 1310 1013 1485 1069; x_wconf 82' lang='lat' dir='ltr'>rixa-vit</span> <span class='ocrx_word' id='word_1_97' title='bbox 1521 1013 1774 1063; x_wconf 84' lang='lat' dir='ltr'>vobiscum</span> <span class='ocrx_word' id='word_1_98' title='bbox 1815 1015 1984 1064; x_wconf 88' lang='lat' dir='ltr'>dicens</span> <span class='ocrx_word' id='word_1_99' title='bbox 2022 1016 2082 1065; x_wconf 89' lang='lat' dir='ltr'>ad</span> <span class='ocrx_word' id='word_1_100' title='bbox 2121 1032 2230 1066; x_wconf 89' lang='lat' dir='ltr'>vos:</span> 
     </span>
     <span class='ocr_line' id='line_1_10' title="bbox 151 1095 2232 1164; baseline 0.001 -17.84"><span class='ocrx_word' id='word_1_101' title='bbox 151 1122 155 1140; x_wconf 58' lang='lat' dir='ltr'>a</span> <span class='ocrx_word' id='word_1_102' title='bbox 202 1113 302 1148; x_wconf 66' lang='lat' dir='ltr'>:me</span> <span class='ocrx_word' id='word_1_103' title='bbox 338 1095 570 1154; x_wconf 86' lang='lat' dir='ltr'>Ortvine,</span> <span class='ocrx_word' id='word_1_104' title='bbox 616 1096 723 1161; x_wconf 87' lang='lat' dir='ltr'>Ego</span> <span class='ocrx_word' id='word_1_105' title='bbox 773 1095 948 1147; x_wconf 82' lang='lat' dir='ltr'>vellem</span> <span class='ocrx_word' id='word_1_106' title='bbox 985 1097 1118 1160; x_wconf 92' lang='lat' dir='ltr'>quod</span> <span class='ocrx_word' id='word_1_107' title='bbox 1156 1098 1486 1148; x_wconf 84' lang='lat' dir='ltr'>comederetis</span> <span class='ocrx_word' id='word_1_108' title='bbox 1525 1114 1584 1148; x_wconf 89' lang='lat' dir='ltr'>ex</span> <span class='ocrx_word' id='word_1_109' title='bbox 1622 1104 1782 1148; x_wconf 86' lang='lat' dir='ltr'>vestra</span> <span class='ocrx_word' id='word_1_110' title='bbox 1820 1098 1996 1162; x_wconf 86' lang='lat' dir='ltr'>patella</span> <span class='ocrx_word' id='word_1_111' title='bbox 2037 1106 2084 1150; x_wconf 89' lang='lat' dir='ltr'>et</span> <span class='ocrx_word' id='word_1_112' title='bbox 2120 1115 2232 1164; x_wconf 93' lang='lat' dir='ltr'>per-</span> 
     </span>
     <span class='ocr_line' id='line_1_11' title="bbox 40 1181 2232 1250; baseline 0.001 -18"><span class='ocrx_word' id='word_1_113' title='bbox 40 1240 43 1244; x_wconf 39' lang='lat'>,</span> <span class='ocrx_word' id='word_1_114' title='bbox 131 1202 169 1224; x_wconf 86' lang='lat'>.·</span> <span class='ocrx_word' id='word_1_115' title='bbox 245 1181 336 1232; x_wconf 78' lang='lat' dir='ltr'>etis</span> <span class='ocrx_word' id='word_1_116' title='bbox 358 1197 452 1250; x_wconf 88' lang='lat' dir='ltr'>me</span> <span class='ocrx_word' id='word_1_117' title='bbox 489 1181 751 1232; x_wconf 84' lang='lat' dir='ltr'>comedere</span> <span class='ocrx_word' id='word_1_118' title='bbox 789 1196 850 1231; x_wconf 90' lang='lat' dir='ltr'>ex</span> <span class='ocrx_word' id='word_1_119' title='bbox 886 1181 1028 1231; x_wconf 87' lang='lat' dir='ltr'>mea’.</span> <span class='ocrx_word' id='word_1_120' title='bbox 1104 1182 1164 1231; x_wconf 88' lang='lat' dir='ltr'>Et</span> <span class='ocrx_word' id='word_1_121' title='bbox 1201 1197 1286 1231; x_wconf 89' lang='lat' dir='ltr'>vos</span> <span class='ocrx_word' id='word_1_122' title='bbox 1333 1183 1416 1232; x_wconf 91' lang='lat' dir='ltr'>diu</span> <span class='ocrx_word' id='word_1_123' title='bbox 1463 1198 1563 1232; x_wconf 92' lang='lat' dir='ltr'>non</span> <span class='ocrx_word' id='word_1_124' title='bbox 1613 1183 1943 1233; x_wconf 89' lang='lat' dir='ltr'>intellexistis:</span> <span class='ocrx_word' id='word_1_125' title='bbox 1994 1185 2104 1248; x_wconf 88' lang='lat' dir='ltr'>quia</span> <span class='ocrx_word' id='word_1_126' title='bbox 2154 1184 2232 1234; x_wconf 89' lang='lat' dir='ltr'>ille</span> 
     </span>
     <span class='ocr_line' id='line_1_12' title="bbox 40 1247 2233 1336; baseline 0.001 -20"><span class='ocrx_word' id='word_1_127' title='bbox 40 1262 153 1319; x_wconf 52' lang='lat' dir='ltr'>fl·</span> <span class='ocrx_word' id='word_1_128' title='bbox 179 1269 269 1318; x_wconf 60' lang='lat' dir='ltr'>ut</span> <span class='ocrx_word' id='word_1_129' title='bbox 312 1247 452 1316; x_wconf 77' lang='lat' dir='ltr'>&#39;valde</span> <span class='ocrx_word' id='word_1_130' title='bbox 499 1265 694 1317; x_wconf 88' lang='lat' dir='ltr'>subtilis</span> <span class='ocrx_word' id='word_1_131' title='bbox 740 1271 790 1316; x_wconf 88' lang='lat' dir='ltr'>et</span> <span class='ocrx_word' id='word_1_132' title='bbox 835 1281 1033 1332; x_wconf 89' lang='lat' dir='ltr'>semper</span> <span class='ocrx_word' id='word_1_133' title='bbox 1080 1265 1297 1332; x_wconf 91' lang='lat' dir='ltr'>loquitur</span> <span class='ocrx_word' id='word_1_134' title='bbox 1342 1268 1636 1332; x_wconf 74' lang='lat' dir='ltr'>enigmatice</span> <span class='ocrx_word' id='word_1_135' title='bbox 1682 1269 1733 1316; x_wconf 94' lang='lat' dir='ltr'>in</span> <span class='ocrx_word' id='word_1_136' title='bbox 1772 1268 2061 1336; x_wconf 86' lang='lat' dir='ltr'>proverbiis.</span> <span class='ocrx_word' id='word_1_137' title='bbox 2138 1269 2233 1319; x_wconf 88' lang='lat' dir='ltr'>Sed</span> 
     </span>
     <span class='ocr_line' id='line_1_13' title="bbox 17 1337 2233 1425; baseline 0 -23"><span class='ocrx_word' id='word_1_138' title='bbox 17 1337 34 1357; x_wconf 14' lang='grc' dir='ltr'><em>Ἀ</em></span> <span class='ocrx_word' id='word_1_139' title='bbox 60 1349 271 1425; x_wconf 51' lang='grc' dir='ltr'>μη</span> <span class='ocrx_word' id='word_1_140' title='bbox 309 1351 496 1402; x_wconf 82' lang='lat' dir='ltr'>amicus</span> <span class='ocrx_word' id='word_1_141' title='bbox 532 1356 710 1408; x_wconf 88' lang='lat' dir='ltr'>vester,</span> <span class='ocrx_word' id='word_1_142' title='bbox 749 1352 880 1400; x_wconf 87' lang='lat' dir='ltr'>sicut</span> <span class='ocrx_word' id='word_1_143' title='bbox 917 1365 1009 1415; x_wconf 87' lang='lat' dir='ltr'>ego</span> <span class='ocrx_word' id='word_1_144' title='bbox 1048 1350 1212 1401; x_wconf 90' lang='lat' dir='ltr'>audivi</span> <span class='ocrx_word' id='word_1_145' title='bbox 1249 1351 1310 1401; x_wconf 92' lang='lat' dir='ltr'>ab</span> <span class='ocrx_word' id='word_1_146' title='bbox 1339 1350 1459 1409; x_wconf 86' lang='lat' dir='ltr'>aliis,</span> <span class='ocrx_word' id='word_1_147' title='bbox 1499 1352 1724 1417; x_wconf 87' lang='lat' dir='ltr'>exposuit</span> <span class='ocrx_word' id='word_1_148' title='bbox 1750 1352 1888 1401; x_wconf 90' lang='lat' dir='ltr'>vobis</span> <span class='ocrx_word' id='word_1_149' title='bbox 1915 1351 1994 1401; x_wconf 90' lang='lat' dir='ltr'>illa</span> <span class='ocrx_word' id='word_1_150' title='bbox 2020 1353 2233 1403; x_wconf 87' lang='lat' dir='ltr'>archana</span> 
     </span>
     <span class='ocr_line' id='line_1_14' title="bbox 257 1431 2234 1505; baseline 0 -18"><span class='ocrx_word' id='word_1_151' title='bbox 257 1434 451 1487; x_wconf 74' lang='lat' dir='ltr'>dicens:</span> <span class='ocrx_word' id='word_1_152' title='bbox 488 1435 611 1501; x_wconf 83' lang='lat' dir='ltr'>‘Ego</span> <span class='ocrx_word' id='word_1_153' title='bbox 638 1431 822 1487; x_wconf 65' lang='lat' dir='ltr'>&gt;vellem</span> <span class='ocrx_word' id='word_1_154' title='bbox 861 1434 995 1502; x_wconf 90' lang='lat' dir='ltr'>quod</span> <span class='ocrx_word' id='word_1_155' title='bbox 1021 1436 1348 1487; x_wconf 78' lang='lat' dir='ltr'>comederet-is</span> <span class='ocrx_word' id='word_1_156' title='bbox 1375 1452 1431 1486; x_wconf 86' lang='lat' dir='ltr'>ex</span> <span class='ocrx_word' id='word_1_157' title='bbox 1459 1442 1619 1488; x_wconf 89' lang='lat' dir='ltr'>vestra</span> <span class='ocrx_word' id='word_1_158' title='bbox 1646 1436 1838 1503; x_wconf 86' lang='lat' dir='ltr'>patella,</span> <span class='ocrx_word' id='word_1_159' title='bbox 1882 1437 1950 1502; x_wconf 92' lang='lat' dir='ltr'>[id</span> <span class='ocrx_word' id='word_1_160' title='bbox 1979 1436 2074 1505; x_wconf 88' lang='lat' dir='ltr'>est]</span> <span class='ocrx_word' id='word_1_161' title='bbox 2105 1438 2234 1503; x_wconf 90' lang='lat' dir='ltr'>quod</span> 
     </span>
     <span class='ocr_line' id='line_1_15' title="bbox 118 1514 2233 1586; baseline 0.001 -15"><span class='ocrx_word' id='word_1_162' title='bbox 118 1582 121 1585; x_wconf 13' lang='grc' dir='ltr'><strong>Α</strong></span> <span class='ocrx_word' id='word_1_163' title='bbox 297 1522 418 1572; x_wconf 82' lang='lat' dir='ltr'>retis</span> <span class='ocrx_word' id='word_1_164' title='bbox 441 1527 654 1572; x_wconf 85' lang='lat' dir='ltr'>vestram</span> <span class='ocrx_word' id='word_1_165' title='bbox 682 1514 888 1572; x_wconf 87' lang='lat' dir='ltr'>uxorem</span> <span class='ocrx_word' id='word_1_166' title='bbox 914 1520 990 1571; x_wconf 91' lang='lat' dir='ltr'>vel</span> <span class='ocrx_word' id='word_1_167' title='bbox 1017 1521 1290 1579; x_wconf 88' lang='lat' dir='ltr'>mulierem,</span> <span class='ocrx_word' id='word_1_168' title='bbox 1331 1527 1378 1572; x_wconf 92' lang='lat' dir='ltr'>et</span> <span class='ocrx_word' id='word_1_169' title='bbox 1404 1523 1756 1586; x_wconf 86' lang='lat' dir='ltr'>permitteretis</span> <span class='ocrx_word' id='word_1_170' title='bbox 1781 1538 1860 1572; x_wconf 91' lang='lat' dir='ltr'>me</span> <span class='ocrx_word' id='word_1_171' title='bbox 1887 1522 2148 1572; x_wconf 87' lang='lat' dir='ltr'>comedere</span> <span class='ocrx_word' id='word_1_172' title='bbox 2175 1539 2233 1573; x_wconf 85' lang='lat' dir='ltr'>ex</span> 
     </span>
     <span class='ocr_line' id='line_1_16' title="bbox 79 1600 2233 1672; baseline -0 -14"><span class='ocrx_word' id='word_1_173' title='bbox 79 1600 82 1670; x_wconf 85' lang='lat' dir='ltr'><strong>j</strong></span> <span class='ocrx_word' id='word_1_174' title='bbox 125 1603 131 1606; x_wconf 67' lang='grc'>’</span> <span class='ocrx_word' id='word_1_175' title='bbox 219 1605 423 1672; x_wconf 71' lang='lat' dir='ltr'>patena,</span> <span class='ocrx_word' id='word_1_176' title='bbox 472 1605 521 1656; x_wconf 90' lang='lat' dir='ltr'>id</span> <span class='ocrx_word' id='word_1_177' title='bbox 570 1611 644 1657; x_wconf 91' lang='lat' dir='ltr'>est</span> <span class='ocrx_word' id='word_1_178' title='bbox 689 1622 791 1656; x_wconf 91' lang='lat' dir='ltr'>non</span> <span class='ocrx_word' id='word_1_179' title='bbox 838 1607 1106 1671; x_wconf 83' lang='lat' dir='ltr'>tangeretis</span> <span class='ocrx_word' id='word_1_180' title='bbox 1143 1621 1351 1656; x_wconf 88' lang='lat' dir='ltr'>uxorem</span> <span class='ocrx_word' id='word_1_181' title='bbox 1389 1622 1574 1665; x_wconf 89' lang='lat' dir='ltr'>meam,</span> <span class='ocrx_word' id='word_1_182' title='bbox 1624 1607 1709 1657; x_wconf 89' lang='lat' dir='ltr'>sed</span> <span class='ocrx_word' id='word_1_183' title='bbox 1748 1608 1973 1658; x_wconf 90' lang='lat' dir='ltr'>sineretis</span> <span class='ocrx_word' id='word_1_184' title='bbox 2010 1622 2089 1657; x_wconf 91' lang='lat' dir='ltr'>me</span> <span class='ocrx_word' id='word_1_185' title='bbox 2128 1622 2233 1657; x_wconf 88' lang='lat' dir='ltr'>eam</span> 
     </span>
     <span class='ocr_line' id='line_1_17' title="bbox 124 1679 2233 1757; baseline -0.001 -15"><span class='ocrx_word' id='word_1_186' title='bbox 124 1679 165 1704; x_wconf 44' lang='lat'><em>³</em></span> <span class='ocrx_word' id='word_1_187' title='bbox 277 1690 308 1742; x_wconf 86' lang='lat'>&#39;.</span> <span class='ocrx_word' id='word_1_188' title='bbox 379 1691 485 1757; x_wconf 79' lang='lat' dir='ltr'>Ego</span> <span class='ocrx_word' id='word_1_189' title='bbox 522 1692 622 1743; x_wconf 88' lang='lat' dir='ltr'>dixi</span> <span class='ocrx_word' id='word_1_190' title='bbox 659 1691 740 1742; x_wconf 88' lang='lat' dir='ltr'>hic</span> <span class='ocrx_word' id='word_1_191' title='bbox 777 1691 838 1742; x_wconf 92' lang='lat' dir='ltr'>ad</span> <span class='ocrx_word' id='word_1_192' title='bbox 887 1691 1135 1757; x_wconf 89' lang='lat' dir='ltr'>quendam</span> <span class='ocrx_word' id='word_1_193' title='bbox 1184 1697 1382 1757; x_wconf 89' lang='lat' dir='ltr'>poetam</span> <span class='ocrx_word' id='word_1_194' title='bbox 1421 1691 1552 1756; x_wconf 91' lang='lat' dir='ltr'>quod</span> <span class='ocrx_word' id='word_1_195' title='bbox 1594 1698 1826 1757; x_wconf 72' lang='lat' dir='ltr'>quereret</span> <span class='ocrx_word' id='word_1_196' title='bbox 1863 1691 1993 1742; x_wconf 91' lang='lat' dir='ltr'>illam</span> <span class='ocrx_word' id='word_1_197' title='bbox 2031 1707 2233 1757; x_wconf 82' lang='lat' dir='ltr'>prover-</span> 
     </span>
     <span class='ocr_line' id='line_1_18' title="bbox 247 1767 2231 1843; baseline 0 -17"><span class='ocrx_word' id='word_1_198' title='bbox 247 1774 299 1826; x_wconf 86' lang='lat' dir='ltr'>in</span> <span class='ocrx_word' id='word_1_199' title='bbox 343 1767 622 1843; x_wconf 78' lang='lat' dir='ltr'>proverbiis</span> <span class='ocrx_word' id='word_1_200' title='bbox 669 1776 878 1826; x_wconf 89' lang='lat' dir='ltr'>Erasmi.</span> <span class='ocrx_word' id='word_1_201' title='bbox 953 1775 1229 1842; x_wconf 86' lang='lat' dir='ltr'>Respondit</span> <span class='ocrx_word' id='word_1_202' title='bbox 1274 1777 1394 1827; x_wconf 87' lang='lat' dir='ltr'>mihi</span> <span class='ocrx_word' id='word_1_203' title='bbox 1443 1777 1574 1841; x_wconf 92' lang='lat' dir='ltr'>quod</span> <span class='ocrx_word' id='word_1_204' title='bbox 1622 1792 1723 1827; x_wconf 93' lang='lat' dir='ltr'>non</span> <span class='ocrx_word' id='word_1_205' title='bbox 1778 1782 1943 1841; x_wconf 90' lang='lat' dir='ltr'>potest</span> <span class='ocrx_word' id='word_1_206' title='bbox 1997 1778 2231 1827; x_wconf 90' lang='lat' dir='ltr'>invenire.</span> 
     </span>
     <span class='ocr_line' id='line_1_19' title="bbox 199 1860 2232 1928; baseline -0.001 -14.975"><span class='ocrx_word' id='word_1_207' title='bbox 199 1861 289 1913; x_wconf 72' lang='lat' dir='ltr'>ui:</span> <span class='ocrx_word' id='word_1_208' title='bbox 337 1868 476 1928; x_wconf 82' lang='lat' dir='ltr'>‘ergo</span> <span class='ocrx_word' id='word_1_209' title='bbox 522 1860 606 1912; x_wconf 91' lang='lat' dir='ltr'>ille</span> <span class='ocrx_word' id='word_1_210' title='bbox 641 1861 798 1912; x_wconf 86' lang='lat' dir='ltr'>Autor</span> <span class='ocrx_word' id='word_1_211' title='bbox 845 1875 945 1915; x_wconf 89' lang='lat' dir='ltr'>non</span> <span class='ocrx_word' id='word_1_212' title='bbox 993 1867 1068 1913; x_wconf 87' lang='lat' dir='ltr'>est</span> <span class='ocrx_word' id='word_1_213' title='bbox 1113 1861 1366 1912; x_wconf 79' lang='lat' dir='ltr'>sufficiens</span> <span class='ocrx_word' id='word_1_214' title='bbox 1403 1862 1489 1912; x_wconf 91' lang='lat' dir='ltr'>sed</span> <span class='ocrx_word' id='word_1_215' title='bbox 1528 1861 1825 1912; x_wconf 87' lang='lat' dir='ltr'>diminutus’.</span> <span class='ocrx_word' id='word_1_216' title='bbox 1901 1861 1996 1912; x_wconf 90' lang='lat' dir='ltr'>Sed</span> <span class='ocrx_word' id='word_1_217' title='bbox 2037 1862 2232 1925; x_wconf 90' lang='lat' dir='ltr'>quando</span> 
     </span>
     <span class='ocr_line' id='line_1_20' title="bbox 39 1944 2232 2012; baseline -0.002 -11.998"><span class='ocrx_word' id='word_1_218' title='bbox 39 1944 234 2002; x_wconf 52' lang='lat' dir='ltr'>Mn</span> <span class='ocrx_word' id='word_1_219' title='bbox 265 1945 363 2012; x_wconf 62' lang='lat' dir='ltr'>lupo</span> <span class='ocrx_word' id='word_1_220' title='bbox 397 1946 460 1998; x_wconf 87' lang='lat' dir='ltr'>de</span> <span class='ocrx_word' id='word_1_221' title='bbox 497 1946 719 1998; x_wconf 85' lang='lat' dir='ltr'>Iohanne</span> <span class='ocrx_word' id='word_1_222' title='bbox 744 1946 1071 2004; x_wconf 84' lang='lat' dir='ltr'>Pfefferkorn,</span> <span class='ocrx_word' id='word_1_223' title='bbox 1113 1947 1228 2004; x_wconf 90' lang='lat' dir='ltr'>dixi,</span> <span class='ocrx_word' id='word_1_224' title='bbox 1270 1947 1400 2012; x_wconf 92' lang='lat' dir='ltr'>quod</span> <span class='ocrx_word' id='word_1_225' title='bbox 1442 1952 1515 1996; x_wconf 91' lang='lat' dir='ltr'>est</span> <span class='ocrx_word' id='word_1_226' title='bbox 1551 1947 1696 1997; x_wconf 91' lang='lat' dir='ltr'>nimis</span> <span class='ocrx_word' id='word_1_227' title='bbox 1734 1947 2002 1996; x_wconf 89' lang='lat' dir='ltr'>invidiosus</span> <span class='ocrx_word' id='word_1_228' title='bbox 2039 1948 2079 1996; x_wconf 92' lang='lat' dir='ltr'>si</span> <span class='ocrx_word' id='word_1_229' title='bbox 2116 1947 2232 1996; x_wconf 78' lang='lat' dir='ltr'>facit</span> 
     </span>
     <span class='ocr_line' id='line_1_21' title="bbox 178 2024 2232 2097; baseline -0.003 -13.847"><span class='ocrx_word' id='word_1_230' title='bbox 178 2028 353 2091; x_wconf 61' lang='grc' dir='ltr'><strong>’θυῖε</strong></span> <span class='ocrx_word' id='word_1_231' title='bbox 377 2037 452 2083; x_wconf 84' lang='lat' dir='ltr'>est</span> <span class='ocrx_word' id='word_1_232' title='bbox 473 2024 572 2082; x_wconf 87' lang='lat' dir='ltr'>una</span> <span class='ocrx_word' id='word_1_233' title='bbox 598 2031 862 2097; x_wconf 86' lang='lat' dir='ltr'>proverbia</span> <span class='ocrx_word' id='word_1_234' title='bbox 889 2031 1021 2097; x_wconf 91' lang='lat' dir='ltr'>quod</span> <span class='ocrx_word' id='word_1_235' title='bbox 1048 2034 1323 2082; x_wconf 90' lang='lat' dir='ltr'>amicorum</span> <span class='ocrx_word' id='word_1_236' title='bbox 1349 2033 1510 2081; x_wconf 88' lang='lat' dir='ltr'>omnia</span> <span class='ocrx_word' id='word_1_237' title='bbox 1539 2036 1654 2081; x_wconf 89' lang='lat' dir='ltr'>sunt</span> <span class='ocrx_word' id='word_1_238' title='bbox 1680 2033 1984 2081; x_wconf 88' lang='lat' dir='ltr'>communia:</span> <span class='ocrx_word' id='word_1_239' title='bbox 2012 2033 2232 2096; x_wconf 78' lang='lat' dir='ltr'>quamvis</span> 
     </span>
     <span class='ocr_line' id='line_1_22' title="bbox 241 2115 2230 2183; baseline -0.002 -15"><span class='ocrx_word' id='word_1_240' title='bbox 241 2116 413 2168; x_wconf 85' lang='lat' dir='ltr'>dicunt</span> <span class='ocrx_word' id='word_1_241' title='bbox 435 2117 569 2183; x_wconf 87' lang='lat' dir='ltr'>quod</span> <span class='ocrx_word' id='word_1_242' title='bbox 584 2132 779 2168; x_wconf 91' lang='lat' dir='ltr'>uxores</span> <span class='ocrx_word' id='word_1_243' title='bbox 817 2116 1001 2167; x_wconf 90' lang='lat' dir='ltr'>debent</span> <span class='ocrx_word' id='word_1_244' title='bbox 1038 2117 1211 2182; x_wconf 89' lang='lat' dir='ltr'>excipi.</span> <span class='ocrx_word' id='word_1_245' title='bbox 1287 2116 1397 2182; x_wconf 92' lang='lat' dir='ltr'>Ipse</span> <span class='ocrx_word' id='word_1_246' title='bbox 1438 2123 1598 2166; x_wconf 87' lang='lat' dir='ltr'>tamen</span> <span class='ocrx_word' id='word_1_247' title='bbox 1626 2131 1725 2165; x_wconf 91' lang='lat' dir='ltr'>non</span> <span class='ocrx_word' id='word_1_248' title='bbox 1752 2115 1992 2166; x_wconf 85' lang='lat' dir='ltr'>deberet</span> <span class='ocrx_word' id='word_1_249' title='bbox 1980 2116 2123 2165; x_wconf 77' lang='lat' dir='ltr'>irasci</span> <span class='ocrx_word' id='word_1_250' title='bbox 2149 2131 2230 2165; x_wconf 85' lang='lat' dir='ltr'>su-</span> 
     </span>
     <span class='ocr_line' id='line_1_23' title="bbox 181 2195 2226 2268; baseline -0.001 -16"><span class='ocrx_word' id='word_1_251' title='bbox 181 2210 272 2252; x_wconf 59' lang='lat' dir='ltr'>m</span> <span class='ocrx_word' id='word_1_252' title='bbox 293 2195 410 2268; x_wconf 77' lang='lat' dir='ltr'>quia</span> <span class='ocrx_word' id='word_1_253' title='bbox 434 2217 522 2252; x_wconf 87' lang='lat' dir='ltr'>vos</span> <span class='ocrx_word' id='word_1_254' title='bbox 548 2217 647 2253; x_wconf 90' lang='lat' dir='ltr'>non</span> <span class='ocrx_word' id='word_1_255' title='bbox 674 2201 867 2252; x_wconf 90' lang='lat' dir='ltr'>habetis</span> <span class='ocrx_word' id='word_1_256' title='bbox 892 2217 1128 2252; x_wconf 90' lang='lat' dir='ltr'>uxorem:</span> <span class='ocrx_word' id='word_1_257' title='bbox 1169 2207 1218 2252; x_wconf 90' lang='lat' dir='ltr'>et</span> <span class='ocrx_word' id='word_1_258' title='bbox 1243 2216 1343 2251; x_wconf 92' lang='lat' dir='ltr'>non</span> <span class='ocrx_word' id='word_1_259' title='bbox 1372 2200 1669 2251; x_wconf 88' lang='lat' dir='ltr'>habentibus</span> <span class='ocrx_word' id='word_1_260' title='bbox 1695 2200 1934 2251; x_wconf 90' lang='lat' dir='ltr'>debemus</span> <span class='ocrx_word' id='word_1_261' title='bbox 1959 2201 2226 2265; x_wconf 90' lang='lat' dir='ltr'>impertire.</span> 
     </span>
     <span class='ocr_line' id='line_1_24' title="bbox 45 2280 2232 2365; baseline -0.003 -24"><span class='ocrx_word' id='word_1_262' title='bbox 45 2280 249 2365; x_wconf 55' lang='lat' dir='ltr'><em>w</em></span> <span class='ocrx_word' id='word_1_263' title='bbox 267 2281 431 2339; x_wconf 65' lang='lat' dir='ltr'>etiam·</span> <span class='ocrx_word' id='word_1_264' title='bbox 458 2287 596 2353; x_wconf 88' lang='lat' dir='ltr'>quod</span> <span class='ocrx_word' id='word_1_265' title='bbox 632 2288 911 2354; x_wconf 87' lang='lat' dir='ltr'>supponitis</span> <span class='ocrx_word' id='word_1_266' title='bbox 949 2286 1176 2337; x_wconf 90' lang='lat' dir='ltr'>ancillam</span> <span class='ocrx_word' id='word_1_267' title='bbox 1215 2287 1535 2351; x_wconf 90' lang='lat' dir='ltr'>Impressoris</span> <span class='ocrx_word' id='word_1_268' title='bbox 1561 2283 1805 2344; x_wconf 88' lang='lat' dir='ltr'>Quenttel‚</span> <span class='ocrx_word' id='word_1_269' title='bbox 1847 2286 1906 2334; x_wconf 87' lang='lat' dir='ltr'>ita</span> <span class='ocrx_word' id='word_1_270' title='bbox 1948 2286 2078 2350; x_wconf 93' lang='lat' dir='ltr'>quod</span> <span class='ocrx_word' id='word_1_271' title='bbox 2119 2286 2232 2335; x_wconf 81' lang='lat' dir='ltr'>fecit</span> 
     </span>
     <span class='ocr_line' id='line_1_25' title="bbox 44 2363 2229 2458; baseline -0.004 -33"><span class='ocrx_word' id='word_1_272' title='bbox 44 2363 306 2458; x_wconf 49' lang='grc' dir='ltr'>μωῑι</span> <span class='ocrx_word' id='word_1_273' title='bbox 350 2371 448 2424; x_wconf 76' lang='lat' dir='ltr'>hoc</span> <span class='ocrx_word' id='word_1_274' title='bbox 497 2386 597 2422; x_wconf 91' lang='lat' dir='ltr'>non</span> <span class='ocrx_word' id='word_1_275' title='bbox 644 2372 894 2423; x_wconf 87' lang='lat' dir='ltr'>deberetis</span> <span class='ocrx_word' id='word_1_276' title='bbox 947 2372 1134 2429; x_wconf 78' lang='lat' dir='ltr'>facere,</span> <span class='ocrx_word' id='word_1_277' title='bbox 1185 2370 1369 2420; x_wconf 89' lang='lat' dir='ltr'>scilicet</span> <span class='ocrx_word' id='word_1_278' title='bbox 1419 2371 1584 2420; x_wconf 83' lang='lat' dir='ltr'>forare</span> <span class='ocrx_word' id='word_1_279' title='bbox 1631 2385 1755 2419; x_wconf 89' lang='lat' dir='ltr'>nova</span> <span class='ocrx_word' id='word_1_280' title='bbox 1795 2371 2050 2419; x_wconf 83' lang='lat' dir='ltr'>foramina.</span> <span class='ocrx_word' id='word_1_281' title='bbox 2126 2370 2229 2434; x_wconf 85' lang='lat' dir='ltr'>Ego</span> 
     </span>
     <span class='ocr_line' id='line_1_26' title="bbox 18 2453 2230 2548; baseline -0.003 -38.933"><span class='ocrx_word' id='word_1_282' title='bbox 18 2460 267 2548; x_wconf 48' lang='lat' dir='ltr'>&#39;W</span> <span class='ocrx_word' id='word_1_283' title='bbox 301 2470 480 2509; x_wconf 88' lang='lat' dir='ltr'>maneo</span> <span class='ocrx_word' id='word_1_284' title='bbox 517 2473 630 2508; x_wconf 89' lang='lat' dir='ltr'>cum</span> <span class='ocrx_word' id='word_1_285' title='bbox 669 2456 883 2522; x_wconf 87' lang='lat' dir='ltr'>antiquis</span> <span class='ocrx_word' id='word_1_286' title='bbox 921 2473 1014 2522; x_wconf 76' lang='lat' dir='ltr'>que</span> <span class='ocrx_word' id='word_1_287' title='bbox 1053 2472 1151 2506; x_wconf 92' lang='lat' dir='ltr'>non</span> <span class='ocrx_word' id='word_1_288' title='bbox 1192 2457 1375 2506; x_wconf 80' lang='lat' dir='ltr'>faciunt</span> <span class='ocrx_word' id='word_1_289' title='bbox 1422 2470 1545 2520; x_wconf 72' lang='lat' dir='ltr'>puel</span> <span class='ocrx_word' id='word_1_290' title='bbox 1549 2470 1618 2504; x_wconf 90' lang='lat' dir='ltr'>os</span> <span class='ocrx_word' id='word_1_291' title='bbox 1694 2454 1778 2503; x_wconf 85' lang='lat' dir='ltr'>sed</span> <span class='ocrx_word' id='word_1_292' title='bbox 1827 2453 1908 2503; x_wconf 88' lang='lat' dir='ltr'>hic</span> <span class='ocrx_word' id='word_1_293' title='bbox 1950 2453 2106 2504; x_wconf 85' lang='lat' dir='ltr'>babeo</span> <span class='ocrx_word' id='word_1_294' title='bbox 2146 2470 2230 2503; x_wconf 89' lang='lat' dir='ltr'>ne-</span> 
     </span>
     <span class='ocr_line' id='line_1_27' title="bbox 175 2539 2227 2609; baseline -0.003 -15.889"><span class='ocrx_word' id='word_1_295' title='bbox 175 2541 441 2608; x_wconf 60' lang='lat' dir='ltr'>infimas</span> <span class='ocrx_word' id='word_1_296' title='bbox 484 2558 647 2609; x_wconf 90' lang='lat' dir='ltr'>neque</span> <span class='ocrx_word' id='word_1_297' title='bbox 696 2558 872 2592; x_wconf 90' lang='lat' dir='ltr'>novas:</span> <span class='ocrx_word' id='word_1_298' title='bbox 932 2556 1051 2605; x_wconf 84' lang='lat' dir='ltr'>ergo</span> <span class='ocrx_word' id='word_1_299' title='bbox 1100 2541 1209 2590; x_wconf 88' lang='lat' dir='ltr'>volo</span> <span class='ocrx_word' id='word_1_300' title='bbox 1258 2541 1424 2590; x_wconf 83' lang='lat' dir='ltr'>redire</span> <span class='ocrx_word' id='word_1_301' title='bbox 1473 2541 1523 2589; x_wconf 90' lang='lat' dir='ltr'>in</span> <span class='ocrx_word' id='word_1_302' title='bbox 1573 2539 1843 2589; x_wconf 79' lang='lat' dir='ltr'>Almaniam</span> <span class='ocrx_word' id='word_1_303' title='bbox 1894 2539 2020 2588; x_wconf 90' lang='lat' dir='ltr'>sicut</span> <span class='ocrx_word' id='word_1_304' title='bbox 2065 2553 2227 2603; x_wconf 91' lang='lat' dir='ltr'>spero</span> 
     </span>
     <span class='ocr_line' id='line_1_28' title="bbox 240 2623 2100 2691; baseline -0.003 -13.926"><span class='ocrx_word' id='word_1_305' title='bbox 240 2631 370 2677; x_wconf 79' lang='lat' dir='ltr'>tam</span> <span class='ocrx_word' id='word_1_306' title='bbox 406 2626 493 2679; x_wconf 87' lang='lat' dir='ltr'>diu</span> <span class='ocrx_word' id='word_1_307' title='bbox 531 2627 691 2678; x_wconf 91' lang='lat' dir='ltr'>donec</span> <span class='ocrx_word' id='word_1_308' title='bbox 728 2642 825 2678; x_wconf 90' lang='lat' dir='ltr'>una</span> <span class='ocrx_word' id='word_1_309' title='bbox 865 2625 1038 2677; x_wconf 91' lang='lat' dir='ltr'>alauda</span> <span class='ocrx_word' id='word_1_310' title='bbox 1079 2626 1322 2691; x_wconf 90' lang='lat' dir='ltr'>ponderat</span> <span class='ocrx_word' id='word_1_311' title='bbox 1360 2637 1392 2674; x_wconf 85' lang='lat' dir='ltr'>c</span> <span class='ocrx_word' id='word_1_312' title='bbox 1431 2623 1627 2674; x_wconf 84' lang='lat' dir='ltr'>talenta.</span> <span class='ocrx_word' id='word_1_313' title='bbox 1703 2624 1878 2674; x_wconf 88' lang='lat' dir='ltr'>Datum</span> <span class='ocrx_word' id='word_1_314' title='bbox 1916 2623 2100 2673; x_wconf 85' lang='lat' dir='ltr'>Romae.</span> 
     </span>
    </p>
   </div>
   <div class='ocr_carea' id='block_1_3' title="bbox 16 457 297 1910">
    <p class='ocr_par' dir='ltr' id='par_1_3' title="bbox 16 457 297 1910">
     <span class='ocr_line' id='line_1_29' title="bbox 19 457 192 632; baseline 0 -98"><span class='ocrx_word' id='word_1_315' title='bbox 19 457 192 632; x_wconf 95' lang='lat' dir='ltr'>   </span> 
     </span>
     <span class='ocr_line' id='line_1_30' title="bbox 19 632 252 946; baseline 0 -258"><span class='ocrx_word' id='word_1_316' title='bbox 19 632 252 946; x_wconf 95' lang='lat' dir='ltr'>    </span> 
     </span>
     <span class='ocr_line' id='line_1_31' title="bbox 23 946 153 1025; baseline 0 3239"><span class='ocrx_word' id='word_1_317' title='bbox 23 946 153 1025; x_wconf 95' lang='lat' dir='ltr'> </span> 
     </span>
     <span class='ocr_line' id='line_1_32' title="bbox 23 1025 245 1257; baseline 0 -59"><span class='ocrx_word' id='word_1_318' title='bbox 23 1025 245 1257; x_wconf 95' lang='lat' dir='ltr'>    </span> 
     </span>
     <span class='ocr_line' id='line_1_33' title="bbox 23 1257 71 1339; baseline 0 2925"><span class='ocrx_word' id='word_1_319' title='bbox 23 1257 71 1339; x_wconf 95' lang='lat' dir='ltr'> </span> 
     </span>
     <span class='ocr_line' id='line_1_34' title="bbox 29 1340 297 1572; baseline 0 0"><span class='ocrx_word' id='word_1_320' title='bbox 29 1340 297 1572; x_wconf 95' lang='lat' dir='ltr'>   </span> 
     </span>
     <span class='ocr_line' id='line_1_35' title="bbox 16 1572 281 1741; baseline 0 0"><span class='ocrx_word' id='word_1_321' title='bbox 16 1572 281 1741; x_wconf 95' lang='lat' dir='ltr'>   </span> 
     </span>
     <span class='ocr_line' id='line_1_36' title="bbox 33 1741 247 1910; baseline 0 -84"><span class='ocrx_word' id='word_1_322' title='bbox 33 1741 247 1910; x_wconf 95' lang='lat' dir='ltr'>   </span> 
     </span>
    </p>
   </div>
   <div class='ocr_carea' id='block_1_4' title="bbox 69 2662 201 2750">
    <p class='ocr_par' dir='ltr' id='par_1_4' title="bbox 69 2662 201 2750">
     <span class='ocr_line' id='line_1_37' title="bbox 72 2662 73 2669; baseline 0 0"><span class='ocrx_word' id='word_1_323' title='bbox 72 2662 73 2669; x_wconf 69' lang='grc'>,</span> 
     </span>
     <span class='ocr_line' id='line_1_38' title="bbox 69 2699 201 2750; baseline 0.008 -25"><span class='ocrx_word' id='word_1_324' title='bbox 69 2699 166 2750; x_wconf 42' lang='lat' dir='ltr'>1¹⁸*st</span> <span class='ocrx_word' id='word_1_325' title='bbox 199 2724 201 2726; x_wconf 87' lang='lat'>.</span> 
     </span>
    </p>
   </div>
   <div class='ocr_carea' id='block_1_5' title="bbox 1100 2863 1189 2923">
    <p class='ocr_par' dir='ltr' id='par_1_5' title="bbox 1100 2863 1189 2923">
     <span class='ocr_line' id='line_1_39' title="bbox 1100 2863 1189 2923; baseline -0.079 1"><span class='ocrx_word' id='word_1_326' title='bbox 1100 2863 1189 2923; x_wconf 88' lang='grc'>40.</span> 
     </span>
    </p>
   </div>
   <div class='ocr_carea' id='block_1_6' title="bbox 542 2978 1758 3064">
    <p class='ocr_par' dir='ltr' id='par_1_6' title="bbox 542 2978 1758 3064">
     <span class='ocr_line' id='line_1_40' title="bbox 542 2978 1758 3064; baseline -0.002 -24"><span class='ocrx_word' id='word_1_327' title='bbox 542 2991 586 3040; x_wconf 69' lang='lat'>11</span> <span class='ocrx_word' id='word_1_328' title='bbox 630 2981 1013 3064; x_wconf 82' lang='lat' dir='ltr'>Magister</span> <span class='ocrx_word' id='word_1_329' title='bbox 1051 2978 1453 3042; x_wconf 88' lang='lat' dir='ltr'>Iohannes</span> <span class='ocrx_word' id='word_1_330' title='bbox 1502 2978 1758 3059; x_wconf 87' lang='lat' dir='ltr'>Crapp</span> 
     </span>
    </p>
   </div>
   <div class='ocr_carea' id='block_1_7' title="bbox 0 3069 1619 3244">
    <p class='ocr_par' dir='ltr' id='par_1_7' title="bbox 0 3069 1619 3244">
     <span class='ocr_line' id='line_1_41' title="bbox 0 3069 1619 3165; baseline -0.007 -12"><span class='ocrx_word' id='word_1_331' title='bbox 0 3069 88 3140; x_wconf 43' lang='lat'>&#39;⁸⁰&#39;</span> <span class='ocrx_word' id='word_1_332' title='bbox 678 3094 1014 3165; x_wconf 86' lang='lat' dir='ltr'>Magistro</span> <span class='ocrx_word' id='word_1_333' title='bbox 1052 3093 1338 3147; x_wconf 86' lang='lat' dir='ltr'>Ortvino</span> <span class='ocrx_word' id='word_1_334' title='bbox 1378 3090 1619 3145; x_wconf 86' lang='lat' dir='ltr'>Gratio</span> 
     </span>
     <span class='ocr_line' id='line_1_42' title="bbox 1027 3193 1261 3244; baseline -0.004 0"><span class='ocrx_word' id='word_1_335' title='bbox 1027 3193 1261 3244; x_wconf 91' lang='lat' dir='ltr'>Salutem.</span> 
     </span>
    </p>
   </div>
   <div class='ocr_carea' id='block_1_8' title="bbox 0 3301 2232 3828">
    <p class='ocr_par' dir='ltr' id='par_1_8' title="bbox 206 3301 2228 3371">
     <span class='ocr_line' id='line_1_43' title="bbox 206 3301 2228 3371; baseline -0.004 -12"><span class='ocrx_word' id='word_1_336' title='bbox 206 3306 390 3359; x_wconf 75' lang='lat' dir='ltr'>Scribit</span> <span class='ocrx_word' id='word_1_337' title='bbox 434 3309 555 3359; x_wconf 87' lang='lat' dir='ltr'>mihi</span> <span class='ocrx_word' id='word_1_338' title='bbox 602 3309 870 3359; x_wconf 85' lang='lat' dir='ltr'>dominatio</span> <span class='ocrx_word' id='word_1_339' title='bbox 919 3314 1077 3357; x_wconf 87' lang='lat' dir='ltr'>vestra</span> <span class='ocrx_word' id='word_1_340' title='bbox 1127 3306 1337 3371; x_wconf 83' lang='lat' dir='ltr'>qualiter</span> <span class='ocrx_word' id='word_1_341' title='bbox 1384 3303 1523 3353; x_wconf 86' lang='lat' dir='ltr'>valde</span> <span class='ocrx_word' id='word_1_342' title='bbox 1571 3306 1731 3369; x_wconf 84' lang='lat' dir='ltr'>gavisa</span> <span class='ocrx_word' id='word_1_343' title='bbox 1783 3309 1857 3354; x_wconf 86' lang='lat' dir='ltr'>est</span> <span class='ocrx_word' id='word_1_344' title='bbox 1903 3303 1964 3353; x_wconf 86' lang='lat' dir='ltr'>de</span> <span class='ocrx_word' id='word_1_345' title='bbox 2016 3301 2228 3368; x_wconf 84' lang='lat' dir='ltr'>Epistola</span> 
     </span>
    </p>

    <p class='ocr_par' dir='ltr' id='par_1_9' title="bbox 64 3386 2232 3459">
     <span class='ocr_line' id='line_1_44' title="bbox 64 3386 2232 3459; baseline -0.005 -14"><span class='ocrx_word' id='word_1_346' title='bbox 64 3424 65 3427; x_wconf 64' lang='lat'><em>=</em></span> <span class='ocrx_word' id='word_1_347' title='bbox 210 3389 472 3444; x_wconf 70' lang='lat' dir='ltr'>carminuli</span> <span class='ocrx_word' id='word_1_348' title='bbox 512 3408 671 3459; x_wconf 90' lang='lat' dir='ltr'>nuper</span> <span class='ocrx_word' id='word_1_349' title='bbox 708 3391 994 3457; x_wconf 87' lang='lat' dir='ltr'>compilata,</span> <span class='ocrx_word' id='word_1_350' title='bbox 1045 3397 1095 3441; x_wconf 91' lang='lat' dir='ltr'>et</span> <span class='ocrx_word' id='word_1_351' title='bbox 1141 3390 1356 3439; x_wconf 80' lang='lat' dir='ltr'>scribitis</span> <span class='ocrx_word' id='word_1_352' title='bbox 1394 3389 1524 3453; x_wconf 86' lang='lat' dir='ltr'>quod</span> <span class='ocrx_word' id='word_1_353' title='bbox 1565 3389 1639 3437; x_wconf 84' lang='lat' dir='ltr'>vix</span> <span class='ocrx_word' id='word_1_354' title='bbox 1682 3388 1864 3438; x_wconf 83' lang='lat' dir='ltr'>vidistis</span> <span class='ocrx_word' id='word_1_355' title='bbox 1900 3386 2132 3437; x_wconf 84' lang='lat' dir='ltr'>similem:</span> <span class='ocrx_word' id='word_1_356' title='bbox 2185 3393 2232 3434; x_wconf 82' lang='lat' dir='ltr'>et</span> 
     </span>
    </p>

    <p class='ocr_par' dir='ltr' id='par_1_10' title="bbox 0 3400 2227 3585">
     <span class='ocr_line' id='line_1_45' title="bbox 0 3400 2227 3585; baseline -0.006 -56"><span class='ocrx_word' id='word_1_357' title='bbox 0 3495 2 3548; x_wconf 62' lang='lat' dir='ltr'><strong>f</strong></span> <span class='ocrx_word' id='word_1_358' title='bbox 68 3400 196 3585; x_wconf 72' lang='grc' dir='ltr'>Ξ</span> <span class='ocrx_word' id='word_1_359' title='bbox 155 3481 158 3486; x_wconf 76' lang='grc'><strong><em>’</em></strong></span> <span class='ocrx_word' id='word_1_360' title='bbox 215 3476 469 3543; x_wconf 73' lang='lat' dir='ltr'>intelligo,</span> <span class='ocrx_word' id='word_1_361' title='bbox 510 3477 652 3528; x_wconf 79' lang='lat' dir='ltr'>vultis</span> <span class='ocrx_word' id='word_1_362' title='bbox 690 3478 820 3543; x_wconf 86' lang='lat' dir='ltr'>quod</span> <span class='ocrx_word' id='word_1_363' title='bbox 860 3490 1058 3540; x_wconf 80' lang='lat' dir='ltr'>semper</span> <span class='ocrx_word' id='word_1_364' title='bbox 1097 3476 1161 3523; x_wconf 77' lang='lat' dir='ltr'>ita</span> <span class='ocrx_word' id='word_1_365' title='bbox 1202 3474 1360 3525; x_wconf 88' lang='lat' dir='ltr'>debeo</span> <span class='ocrx_word' id='word_1_366' title='bbox 1402 3472 1536 3521; x_wconf 76' lang='lat' dir='ltr'>vobis</span> <span class='ocrx_word' id='word_1_367' title='bbox 1573 3471 1810 3527; x_wconf 83' lang='lat' dir='ltr'>scribere.</span> <span class='ocrx_word' id='word_1_368' title='bbox 1887 3472 1982 3521; x_wconf 84' lang='lat' dir='ltr'>Sed</span> <span class='ocrx_word' id='word_1_369' title='bbox 2011 3471 2119 3520; x_wconf 81' lang='lat' dir='ltr'>dico</span> <span class='ocrx_word' id='word_1_370' title='bbox 2149 3487 2227 3517; x_wconf 77' lang='lat' dir='ltr'>vo-</span> 
     </span>
     <span class='ocr_line' id='line_1_46' title="bbox 0 3550 2 3575; baseline 0 0"><span class='ocrx_word' id='word_1_371' title='bbox 0 3550 2 3575; x_wconf 73' lang='lat' dir='ltr'>l</span> 
     </span>
    </p>

    <p class='ocr_par' dir='ltr' id='par_1_11' title="bbox 0 3588 2226 3689">
     <span class='ocr_line' id='line_1_47' title="bbox 0 3588 2226 3689; baseline -0.006 -13"><span class='ocrx_word' id='word_1_372' title='bbox 0 3605 4 3684; x_wconf 50' lang='grc' dir='ltr'>ξ</span> <span class='ocrx_word' id='word_1_373' title='bbox 68 3588 121 3687; x_wconf 51' lang='grc' dir='ltr'><strong>ᾖ</strong></span> <span class='ocrx_word' id='word_1_374' title='bbox 149 3650 155 3659; x_wconf 85' lang='grc'><em>·</em></span> <span class='ocrx_word' id='word_1_375' title='bbox 179 3627 198 3662; x_wconf 76' lang='lat'><em>²</em></span> <span class='ocrx_word' id='word_1_376' title='bbox 226 3643 252 3674; x_wconf 81' lang='grc' dir='ltr'><strong>ο</strong></span> <span class='ocrx_word' id='word_1_377' title='bbox 282 3634 324 3676; x_wconf 68' lang='grc'><strong>4.</strong></span> <span class='ocrx_word' id='word_1_378' title='bbox 354 3646 381 3689; x_wconf 68' lang='lat' dir='ltr'>q</span> <span class='ocrx_word' id='word_1_379' title='bbox 413 3637 453 3675; x_wconf 89' lang='grc'>5.</span> <span class='ocrx_word' id='word_1_380' title='bbox 568 3631 586 3658; x_wconf 74' lang='lat'>⁸</span> <span class='ocrx_word' id='word_1_381' title='bbox 617 3631 828 3673; x_wconf 61' lang='lat' dir='ltr'>Amana„</span> <span class='ocrx_word' id='word_1_382' title='bbox 862 3632 901 3670; x_wconf 72' lang='lat'>4.</span> <span class='ocrx_word' id='word_1_383' title='bbox 1010 3628 1027 3653; x_wconf 76' lang='lat'>⁶</span> <span class='ocrx_word' id='word_1_384' title='bbox 1059 3629 1120 3670; x_wconf 87' lang='lat'>10.</span> <span class='ocrx_word' id='word_1_385' title='bbox 1143 3628 1217 3669; x_wconf 85' lang='lat' dir='ltr'>Pf.</span> <span class='ocrx_word' id='word_1_386' title='bbox 1242 3629 1337 3669; x_wconf 77' lang='lat'><em>4.5.</em></span> <span class='ocrx_word' id='word_1_387' title='bbox 1446 3629 1462 3650; x_wconf 78' lang='lat'>&#39;³</span> <span class='ocrx_word' id='word_1_388' title='bbox 1493 3628 1557 3669; x_wconf 86' lang='lat'>10.</span> <span class='ocrx_word' id='word_1_389' title='bbox 1586 3627 1682 3670; x_wconf 78' lang='lat' dir='ltr'>l‘fe.</span> <span class='ocrx_word' id='word_1_390' title='bbox 1706 3629 1797 3668; x_wconf 66' lang='lat' dir='ltr'>«m.</span> <span class='ocrx_word' id='word_1_391' title='bbox 1892 3625 1924 3652; x_wconf 83' lang='lat'>¹⁸</span> <span class='ocrx_word' id='word_1_392' title='bbox 1955 3655 1965 3666; x_wconf 90' lang='lat'><strong>.</strong></span> <span class='ocrx_word' id='word_1_393' title='bbox 1992 3626 2018 3665; x_wconf 89' lang='lat' dir='ltr'>i.</span> <span class='ocrx_word' id='word_1_394' title='bbox 2043 3625 2105 3674; x_wconf 83' lang='lat' dir='ltr'>(id</span> <span class='ocrx_word' id='word_1_395' title='bbox 2141 3628 2226 3673; x_wconf 73' lang='lat' dir='ltr'>ost)</span> 
     </span>
    </p>

    <p class='ocr_par' dir='ltr' id='par_1_12' title="bbox 0 3690 2223 3745">
     <span class='ocr_line' id='line_1_48' title="bbox 0 3690 2223 3745; baseline -0.007 2"><span class='ocrx_word' id='word_1_396' title='bbox 0 3690 4 3699; x_wconf 19' lang='grc' dir='ltr'><em>Α</em></span> <span class='ocrx_word' id='word_1_397' title='bbox 217 3690 231 3744; x_wconf 54' lang='grc' dir='ltr'><strong><em>ζ</em></strong></span> <span class='ocrx_word' id='word_1_398' title='bbox 338 3702 373 3731; x_wconf 83' lang='lat'>¹⁴</span> <span class='ocrx_word' id='word_1_399' title='bbox 404 3716 590 3745; x_wconf 78' lang='lat' dir='ltr'>uxorem</span> <span class='ocrx_word' id='word_1_400' title='bbox 622 3701 694 3744; x_wconf 85' lang='lat' dir='ltr'>vel</span> <span class='ocrx_word' id='word_1_401' title='bbox 725 3703 841 3744; x_wconf 68' lang='lat' dir='ltr'>omis.</span> <span class='ocrx_word' id='word_1_402' title='bbox 865 3705 907 3744; x_wconf 92' lang='grc'>5.</span> <span class='ocrx_word' id='word_1_403' title='bbox 998 3698 1032 3726; x_wconf 87' lang='lat'>¹⁷</span> <span class='ocrx_word' id='word_1_404' title='bbox 1063 3699 1294 3741; x_wconf 83' lang='lat' dir='ltr'>Inuenire.</span> <span class='ocrx_word' id='word_1_405' title='bbox 1319 3701 1358 3739; x_wconf 70' lang='lat'>⁴.</span> <span class='ocrx_word' id='word_1_406' title='bbox 1452 3696 1484 3723; x_wconf 67' lang='lat'>¹⁸</span> <span class='ocrx_word' id='word_1_407' title='bbox 1516 3697 1684 3741; x_wconf 71' lang='lat' dir='ltr'>Antboz</span> <span class='ocrx_word' id='word_1_408' title='bbox 1717 3701 1757 3737; x_wconf 86' lang='lat'>5.</span> <span class='ocrx_word' id='word_1_409' title='bbox 1849 3696 1881 3722; x_wconf 78' lang='lat'>¹⁰</span> <span class='ocrx_word' id='word_1_410' title='bbox 1914 3696 1996 3735; x_wconf 77' lang='lat' dir='ltr'>hoe</span> <span class='ocrx_word' id='word_1_411' title='bbox 2030 3698 2069 3734; x_wconf 75' lang='grc'><strong>4.</strong></span> <span class='ocrx_word' id='word_1_412' title='bbox 2161 3694 2223 3733; x_wconf 84' lang='lat'>10.</span> 
     </span>
    </p>

    <p class='ocr_par' dir='ltr' id='par_1_13' title="bbox 183 3761 2218 3828">
     <span class='ocr_line' id='line_1_49' title="bbox 183 3761 2218 3828; baseline -0.004 -13"><span class='ocrx_word' id='word_1_413' title='bbox 183 3773 237 3815; x_wconf 68' lang='grc'>1.4</span> <span class='ocrx_word' id='word_1_414' title='bbox 256 3773 326 3817; x_wconf 84' lang='lat'>10.</span> <span class='ocrx_word' id='word_1_415' title='bbox 343 3774 399 3816; x_wconf 87' lang='lat' dir='ltr'>P.</span> <span class='ocrx_word' id='word_1_416' title='bbox 422 3778 464 3815; x_wconf 87' lang='grc'>5.</span> <span class='ocrx_word' id='word_1_417' title='bbox 570 3770 609 3798; x_wconf 74' lang='lat'>&#39;⁰</span> <span class='ocrx_word' id='word_1_418' title='bbox 640 3806 649 3817; x_wconf 89' lang='lat'><strong>.</strong></span> <span class='ocrx_word' id='word_1_419' title='bbox 674 3784 721 3828; x_wconf 83' lang='lat' dir='ltr'>q2</span> <span class='ocrx_word' id='word_1_420' title='bbox 753 3777 793 3815; x_wconf 87' lang='lat'>5.</span> <span class='ocrx_word' id='word_1_421' title='bbox 879 3770 916 3798; x_wconf 78' lang='lat'>²²</span> <span class='ocrx_word' id='word_1_422' title='bbox 948 3770 1153 3823; x_wconf 78' lang='lat' dir='ltr'>ImptIre.</span> <span class='ocrx_word' id='word_1_423' title='bbox 1179 3771 1271 3812; x_wconf 79' lang='grc'><strong>4.5.</strong></span> <span class='ocrx_word' id='word_1_424' title='bbox 1361 3766 1397 3793; x_wconf 75' lang='lat'>²³</span> <span class='ocrx_word' id='word_1_425' title='bbox 1429 3767 1592 3819; x_wconf 61' lang='lat' dir='ltr'>Qui-tel</span> <span class='ocrx_word' id='word_1_426' title='bbox 1625 3772 1665 3809; x_wconf 84' lang='lat'>5.</span> <span class='ocrx_word' id='word_1_427' title='bbox 1754 3765 1791 3792; x_wconf 78' lang='lat'>²¹</span> <span class='ocrx_word' id='word_1_428' title='bbox 1825 3797 1834 3807; x_wconf 92' lang='lat'>.</span> <span class='ocrx_word' id='word_1_429' title='bbox 1860 3768 1887 3807; x_wconf 84' lang='grc' dir='ltr'><strong>Γ.</strong></span> <span class='ocrx_word' id='word_1_430' title='bbox 1910 3769 1948 3808; x_wconf 83' lang='grc'>5.</span> <span class='ocrx_word' id='word_1_431' title='bbox 2046 3761 2082 3787; x_wconf 70' lang='lat'>&#39;⁷’</span> <span class='ocrx_word' id='word_1_432' title='bbox 2115 3761 2218 3815; x_wconf 73' lang='lat' dir='ltr'>‘1⁸th</span> 
     </span>
    </p>
   </div>
   <div class='ocr_carea' id='block_1_9' title="bbox 79 3840 2220 3965">
    <p class='ocr_par' dir='ltr' id='par_1_14' title="bbox 79 3840 2220 3965">
     <span class='ocr_line' id='line_1_50' title="bbox 79 3840 908 3899; baseline -0.001 -14"><span class='ocrx_word' id='word_1_433' title='bbox 79 3841 174 3899; x_wconf 32' lang='grc' dir='ltr'>,ἅ</span> <span class='ocrx_word' id='word_1_434' title='bbox 199 3840 230 3897; x_wconf 66' lang='grc' dir='ltr'><strong>ᾗ</strong></span> <span class='ocrx_word' id='word_1_435' title='bbox 253 3844 294 3887; x_wconf 74' lang='grc' dir='ltr'><strong>δ.</strong></span> <span class='ocrx_word' id='word_1_436' title='bbox 379 3842 418 3870; x_wconf 83' lang='lat'>²⁷</span> <span class='ocrx_word' id='word_1_437' title='bbox 448 3857 505 3887; x_wconf 87' lang='lat' dir='ltr'>.c.</span> <span class='ocrx_word' id='word_1_438' title='bbox 526 3847 567 3885; x_wconf 90' lang='grc'>5.</span> <span class='ocrx_word' id='word_1_439' title='bbox 656 3844 714 3885; x_wconf 92' lang='lat' dir='ltr'>D.</span> <span class='ocrx_word' id='word_1_440' title='bbox 736 3844 790 3885; x_wconf 88' lang='lat' dir='ltr'>R.</span> <span class='ocrx_word' id='word_1_441' title='bbox 815 3845 908 3885; x_wconf 75' lang='lat'><strong><em>4.5.</em></strong></span> 
     </span>
     <span class='ocr_line' id='line_1_51' title="bbox 179 3901 2220 3965; baseline -0.009 -9"><span class='ocrx_word' id='word_1_442' title='bbox 179 3909 216 3940; x_wconf 66' lang='lat'>⁸</span> <span class='ocrx_word' id='word_1_443' title='bbox 235 3912 345 3965; x_wconf 64' lang='lat' dir='ltr'>HA.</span> <span class='ocrx_word' id='word_1_444' title='bbox 368 3915 429 3958; x_wconf 82' lang='lat' dir='ltr'>M.</span> <span class='ocrx_word' id='word_1_445' title='bbox 453 3915 652 3956; x_wconf 79' lang='lat' dir='ltr'>Ioannes</span> <span class='ocrx_word' id='word_1_446' title='bbox 672 3917 713 3957; x_wconf 85' lang='lat'>5.</span> <span class='ocrx_word' id='word_1_447' title='bbox 772 3911 806 3939; x_wconf 82' lang='lat'>⁸¹</span> <span class='ocrx_word' id='word_1_448' title='bbox 832 3912 907 3956; x_wconf 79' lang='lat' dir='ltr'>Sa.</span> <span class='ocrx_word' id='word_1_449' title='bbox 929 3915 970 3954; x_wconf 90' lang='grc'>5.</span> <span class='ocrx_word' id='word_1_450' title='bbox 1030 3910 1067 3937; x_wconf 84' lang='lat'>³²</span> <span class='ocrx_word' id='word_1_451' title='bbox 1089 3910 1356 3953; x_wconf 78' lang='lat' dir='ltr'>Dominatio</span> <span class='ocrx_word' id='word_1_452' title='bbox 1378 3906 1462 3950; x_wconf 63' lang='lat' dir='ltr'>via</span> <span class='ocrx_word' id='word_1_453' title='bbox 1485 3908 1642 3949; x_wconf 82' lang='lat' dir='ltr'>scribit</span> <span class='ocrx_word' id='word_1_454' title='bbox 1664 3908 1724 3947; x_wconf 83' lang='lat' dir='ltr'>mi</span> <span class='ocrx_word' id='word_1_455' title='bbox 1745 3910 1786 3950; x_wconf 80' lang='lat'>5.</span> <span class='ocrx_word' id='word_1_456' title='bbox 1848 3901 2006 3957; x_wconf 77' lang='lat' dir='ltr'>Epist.]</span> <span class='ocrx_word' id='word_1_457' title='bbox 2028 3914 2160 3953; x_wconf 79' lang='lat' dir='ltr'>nupra</span> <span class='ocrx_word' id='word_1_458' title='bbox 2181 3903 2220 3939; x_wconf 82' lang='lat'>5.</span> 
     </span>
    </p>
   </div>
  </div>
 </body>
</html>
