2456 4264
176 244 299 302 246
767 258 1001 295 EPISTOLAE
1024 266 1331 295 OBSCVRORVM
1351 265 1563 294 VIRORVM
1586 265 1736 293 NOVAE.

1200 466 1289 532 37.

694 598 736 644 (l
792 588 1073 648 Frater
1121 587 1514 667 Georgius
1562 585 1810 647 Bleck

781 698 1109 767 Magistro
1148 698 1438 751 Ortvino
1478 698 1723 751 Gratio

173 813 419 863 Humilem
458 813 729 862 orationem
767 828 925 862 meam
967 828 1076 862 cum
1117 827 1172 862 ea
1212 827 1308 876 qua
1347 812 1489 862 decet
1525 811 1855 870 subiectione,
1907 813 2103 863 domine
2142 818 2191 863 et
2227 814 2327 863 Ma-

176 900 328 963 gister
367 897 584 946 Ortvine.
648 912 733 946 vos
779 898 974 947 misistis
1010 897 1131 946 mihi
1168 897 1265 946 huc
1304 895 1485 946 librum
1521 896 1752 947 Iohannis
1788 896 2096 947 Pfefferkorn
2135 899 2218 962 qui
2255 902 2364 947 ests

176 980 489 1046 pretitulatus
529 981 771 1030 ‘Defensio
808 981 1037 1031 Iohannis
1074 980 1383 1030 Pseli'erkorn
1422 985 1594 1030 contra
1632 979 1874 1030 famosas’.
1948 982 2104 1041 Quem
2143 983 2328 1046 utique,

176 1068 301 1116 sicut
348 1066 606 1130 petivistiS,
656 1065 850 1115 ostendi
901 1065 1127 1115 omnibus
1165 1065 1406 1128 Magistris
1453 1066 1638 1114 nostris
1664 1071 1779 1130 'per
1824 1071 1975 1115 totam
2011 1065 2329 1123 Parrhisiam‚

178 1155 226 1200 et
271 1148 492 1199 similiter
539 1149 599 1199 de
652 1155 820 1199 nostro
870 1151 1042 1199 ordine
1081 1149 1367 1214 TheologiS‚
1417 1150 1501 1214 qui
1547 1150 1846 1199 unanimiter
1883 1149 2137 1199 dixerunt:
2187 1149 2331 1199 ‘Ecce

177 1233 395 1283 Almania
446 1233 594 1283 habet
643 1233 889 1289 notabiles
922 1233 1216 1298 Theologos.
1292 1234 1342 1283 Si
1379 1249 1507 1283 unus
1554 1233 1760 1298 simplex
1807 1233 1977 1282 scribit
2021 1233 2162 1290 talia,
2213 1234 2330 1297 quid

134 1369 138 1372 ,
177 1317 416 1368 deberent
453 1319 615 1367 facere
654 1319 782 1368 docti
821 1325 868 1368 et
903 1317 1159 1383 promoti?
1199 1318 1259 1367 Et
1298 1333 1423 1367 unus
1448 1319 1771 1382 interrogavit
1795 1334 1890 1376 me,
1930 1332 1992 1367 an
2018 1319 2162 1367 etiam
2191 1319 2323 1382 prin·
2343 1330 2386 1366 10

112 1417 114 1419 ·
186 1404 319 1467 cipes
366 1403 415 1451 in
452 1401 670 1451 Almania
719 1403 904 1452 faciunt
952 1418 1180 1467 magnam
1227 1403 1554 1452 reverentiam
1593 1402 1798 1452 Iohanni
1834 1399 2186 1452 Pfefferkorn?’
2234 1402 2331 1451 Re-

176 1486 352 1551 spondi
390 1486 520 1550 quod
558 1501 651 1551 pro
688 1492 829 1551 parte
867 1488 936 1536 sic
975 1494 1023 1536 et
1059 1503 1150 1552 pro
1190 1491 1330 1551 parte
1379 1501 1493 1535 non.
1559 1492 1608 1536 et
1652 1485 1861 1550 qualiter
1914 1488 2017 1552 ipse
2066 1492 2140 1535 est
2185 1501 2330 1535 verus

176 1577 223 1621 et
260 1570 466 1620 dilectus
503 1569 786 1620 sollicitator
823 1572 1137 1635 Imperatoris
1174 1571 1233 1619 ad
1283 1570 1938 1634 procurandum'negotium
1977 1571 2038 1620 de
2075 1569 2214 1619 libris
2239 1560 2331 1619 'Iu-

175 1657 380 1719 deorum
429 1660 477 1704 et
514 1660 829 1718 augmentum
868 1655 980 1704 fidei
1019 1655 1305 1718 Christiane.
1379 1655 1439 1703 Et
1476 1655 1608 1718 quod
1646 1656 1906 1719 episcopus
1943 1655 2330 1718 Mognntinensis

172 1740 249 1802 pie
287 1740 522 1802 memorie
562 1738 820 1787 defunctus
857 1739 952 1787 iam
990 1738 1178 1788 solebat
1224 1754 1335 1788 eum
1385 1738 1522 1788 valde
1562 1753 1727 1788 amare
1765 1743 1813 1787 et
1849 1740 2074 1802 promisit
2109 1740 2154 1788 ei
2191 1739 2388 1795 auxi-1⁵,

175 1822 294 1871 lium
332 1824 381 1871 in
420 1822 571 1871 rebus
618 1822 846 1871 omnibus
894 1829 1129 1886 quantum
1179 1824 1223 1871 ei
1273 1823 1362 1871 suit
1406 1821 1667 1887 possibile:
1723 1828 1772 1871 et
1820 1823 2016 1886 quando
2066 1822 2331 1872 ambulavit

180 1906 410 1955 hincinde
446 1907 497 1954 in
535 1907 740 1968 negocio
779 1906 906 1963 fidei,
946 1912 1063 1955 tunc
1090 1906 1222 1955 dedit
1247 1908 1292 1955 ei
1318 1907 1483 1969 magni
1520 1906 1674 1969 precii
1713 1921 1968 1956 nummum
2006 1922 2098 1972 pro
2136 1908 2326 1957 viatico.

172 1990 443 2053 Respondit
491 2005 618 2039 unus
656 1989 938 2053 Theologus
984 1990 1116 2039 ‘facit
1162 1996 1278 2040 tunc
1318 1990 1461 2039 etiam
1498 2003 1727 2053 magnam
1765 1989 2060 2055 diligentiam
2109 1992 2214 2056 ipse
2252 1992 2328 2041 lo-

172 2073 359 2122 hannes
396 2073 706 2123 Pfefferkorn
744 2076 794 2122 in
831 2075 959 2123 dicto
1000 2074 1239 2139 negotio?'
1278 2074 1383 2123 Dixi
1421 2073 1553 2124 velut
1589 2076 1851 2139 scripsistis
1888 2075 2022 2132 mihi,
2063 2076 2193 2140 quod
2232 2077 2327 2126 sic:

173 2159 286 2222 quia
319 2159 430 2207 sine
467 2157 690 2207 molestia
730 2159 1004 2208 circumivit
1051 2174 1139 2223 per
1186 2164 1339 2207 totam
1377 2156 1676 2216 Almaniam‚
1727 2161 1948 2226 quamvis
1985 2166 2197 2225 protunc
2235 2161 2325 2210 fuit
2340 2176 2388 2215 πα
2421 2207 2423 2213 ,

173 2243 215 2291 ei
252 2243 616 2299 inconveniens,
658 2257 770 2291 cum
807 2257 1013 2293 uxorem
1054 2249 1102 2293 et
1138 2243 1323 2293 liberos
1361 2257 1478 2292 suos
1517 2243 1729 2294 educare
1768 2249 1816 2293 et
1854 2243 1988 2294 alere
2027 2246 2327 2302 conveniret,

172 2341 296 2390 quos
333 2326 606 2389 dereliquit.
682 2328 914 2385 Quamvis
960 2328 1009 2375 in
1055 2327 1272 2377 absentia
1313 2342 1398 2376 sua
1438 2327 1677 2390 Theologi
1727 2328 1953 2378 fecerunt
1998 2328 2149 2378 multa
2202 2329 2327 2378 bona
2415 2320 2418 2321 ⁷
2455 2312 2456 2347 ³

171 2411 312 2459 uxori
352 2412 455 2460 eius
492 2410 804 2461 consolantes
841 2427 975 2468 eam,
1026 2414 1138 2475 quia
1164 2412 1352 2461 ‘vident
1402 2411 1532 2474 quod
1585 2413 1654 2460 vir
1704 2414 1808 2462 eius
1860 2418 2241 2478 estxoccupatus
2279 2415 2328 2462 in

172 2509 316 2543 causa
353 2494 479 2544 fidei.
554 2495 710 2544 Etiam
748 2495 1007 2559 aliquando
1046 2496 1245 2546 Fratres
1282 2497 1343 2546 de
1382 2496 1675 2546 Monasterio
1722 2501 1892 2545 nostro
1940 2498 2183 2547 accedunt
2219 2513 2326 2547 eam

172 2578 412 2628 dicentes:
464 2579 769 2629 ‘Miseremur
807 2581 956 2630 vestri
994 2580 1124 2644 quod
1164 2581 1278 2630 estis
1315 2583 1384 2630 sic
1421 2578 1568 2630 sola’:
1618 2585 1667 2630 et
1716 2581 1822 2646 ipsa
1872 2582 2162 2645 respondet:
2217 2582 2323 2631 ‘Ve-
2337 2596 2384 2637 2⁵.

174 2662 314 2709 niatis
353 2661 613 2727 aliquando
661 2665 911 2715 visitantes
958 2681 1062 2722 me,
1114 2666 1227 2729 quia
1266 2680 1375 2715 sum
1413 2665 1551 2729 quasi
1587 2664 1758 2722 vidua,
1808 2671 1857 2715 et
1893 2666 2017 2715 detis
2053 2666 2172 2715 mihi
2211 2681 2326 2716 con-

172 2744 432 2796 solationes
470 2750 685 2799 vestras’.
760 2750 985 2798 Attamen
1023 2749 1292 2798 modernus
1327 2749 1601 2814 Episcopus
1637 2749 2025 2812 Moguntinensis
2062 2765 2160 2798 non
2200 2750 2328 2800 favet

172 2829 375 2879 Iohanni
412 2831 736 2882 Pfefferkorn.
779 2840 826 2883 et
862 2833 958 2882 hoc
995 2838 1287 2897 propterea,
1326 2834 1439 2897 quia
1478 2832 1630 2882 habet
1664 2832 1856 2898 aliquos
1895 2833 2206 2884 Consiliarios
2244 2835 2326 2899 qui

172 2912 377 2962 multum
415 2923 705 2978 promovent
740 2917 1007 2966 Iohannem
1034 2916 1274 2966 Reuchlin
1313 2924 1360 2967 et
1397 2917 1568 2983 odiunt
1603 2917 1920 2982 Theologos..
1973 2919 2129 2968 Etiam
2168 2919 2326 2968 dictus
2387 2939 2390 2941 ·

173 2998 431 3061 episcopus
478 3015 576 3048 non
623 3000 771 3051 voluit
827 3002 1084 3051 admittere
1130 3002 1399 3051 Iohannem
1446 3001 1778 3060 Pfefferkorn,
1836 3003 2032 3066 quando
2080 2992 2234 3052 voluit
2281 3004 2381 3052 eiao

171 3087 451 3142 presentare
488 3098 625 3133 suam
661 3086 1006 3135 Defensionem
1044 3091 1211 3135 contra
1252 3086 1489 3142 samosaS,
1540 3089 1666 3136 sicut
1701 3086 1917 3137 intellexi
1955 3102 2014 3136 ex
2052 3092 2211 3137 vestra
2248 3087 2324 3135 lit-

172 3169 291 3211 tera.
367 3164 501 3215 Talia
541 3167 653 3218 dixi.
727 3169 869 3219 Tunc
905 3170 1161 3235 respondit
1198 3185 1325 3219 unus
1376 3171 1511 3229 ‘Quis
1550 3176 1621 3220 est
1656 3176 1822 3221 tamen
1868 3170 1950 3221 ille
1986 3170 2324 3221 Pl'efferkorn?

171 3245 419 3310 Respondi
457 3252 587 3312 quod
626 3252 741 3301 olim
780 3253 870 3303 fuit
906 3254 1084 3318 Iudeus
1123 3259 1170 3303 et
1207 3269 1338 3303 nunc
1377 3260 1450 3305 est
1488 3254 1695 3304 feliciter
1732 3256 1780 3303 in
1822 3254 2014 3305 Christo
2051 3254 2324 3320 baptizatus

174 3336 221 3378 et
270 3336 343 3379 est
391 3333 462 3379 vir
499 3335 825 3396 proculdubio
865 3339 1210 3401 integerrimus
1251 3344 1299 3388 et
1337 3344 1409 3389 est
1455 3339 1516 3389 de
1566 3339 1699 3389 tribu
1737 3338 1993 3403 Neptalim.
2069 3340 2198 3389 Dixit
2242 3339 2323 3389 ille

174 3414 314 3463 ‘Vere
355 3414 651 3475 benedictio,
693 3436 785 3485 que
824 3423 934 3472 data
973 3428 1045 3472 est
1081 3422 1342 3489 Neptalim,
1383 3423 1627 3489 completa
1666 3429 1739 3474 est
1773 3424 1825 3482 in
1861 3423 2078 3474 Iohanne
2114 3423 2376 3474 Pfeffer-ae,

283 3583 300 3608 ²
331 3583 574 3637 Gregozius
604 3588 643 3626 5.
748 3586 765 3611 3
795 3588 855 3628 M.
880 3591 921 3629 4.
935 3593 975 3630 5.
1091 3589 1141 3615 ⁴¹·⁵
1171 3593 1231 3631 Μ.
1258 3591 1331 3634 02.
1363 3590 1465 3643 (non
1496 3590 1569 3643 Qz)
1595 3594 1634 3633 4.
1656 3591 1717 3631 Μ.
1741 3591 1862 3642 Quia
1891 3595 1934 3634 5.
2047 3591 2190 3634 michi
2210 3595 2248 3634 5.
2281 3598 2322 3633 et

169 3656 231 3694 sic
259 3653 377 3705 infra
407 3654 483 3695 bis.
590 3655 625 3694 Ι.
649 3655 699 3695 P.
724 3658 764 3698 4.
796 3657 859 3697 Io.
882 3658 982 3701 Pfe.
1006 3663 1046 3699 5.
1162 3663 1280 3714 vtiq3
1309 3662 1540 3715 petiuistis
1570 3665 1610 3704 5.
1642 3663 1793 3702 omisso
1825 3661 1946 3702 sicut
2053 3659 2086 3688 ¹¹
2116 3662 2181 3703 Io.
2203 3662 2254 3703 P.
2278 3664 2319 3702 4.
2440 3673 2442 3680 ⁸

172 3722 206 3749 ¹²
237 3724 299 3764 sic
330 3735 346 3767 2
375 3735 449 3777 p20
477 3727 556 3776 pte
587 3726 700 3764 omis.
725 3729 764 3766 5.
854 3725 887 3752 ¹5
917 3727 1051 3769 valde
1085 3742 1186 3769 eum
1207 3734 1247 3770 5.
1310 3729 1346 3756 ¹⁷
1375 3732 1561 3784 negotio
1583 3735 1623 3771 5.
1705 3729 1789 3758 ¹⁸4⁹
1819 3732 1884 3772 Io.
1906 3733 1958 3772 P.
1982 3734 2022 3773 4.
2053 3732 2117 3775 Io.
2139 3733 2254 3780 omis,
2275 3735 2318 3772 5.

171 3793 208 3820 ²8
237 3794 304 3834 Io.
327 3794 375 3835 P.
400 3797 440 3834 4.
474 3795 536 3837 Io.
560 3793 745 3836 Pfeffer.
767 3794 809 3835 5.
898 3797 1039 3837 habet
1067 3800 1184 3839 omis.
1206 3803 1246 3840 5.
1335 3799 1371 3825 ²⁹
1401 3801 1464 3841 Io.
1488 3801 1541 3841 R.
1566 3804 1610 3842 4.
1639 3800 1799 3843 Iohan.
1822 3801 1995 3846 Reuch.
2017 3805 2058 3844 5.
2135 3800 2173 3827 ³⁰
2203 3802 2255 3845 P.
2278 3804 2317 3843 4.

172 3877 182 3902 ε
207 3863 397 3912 Quando
429 3868 469 3905 5.
556 3862 644 3889 ³¹3²
673 3864 810 3906 litera
842 3869 882 3907 4.
970 3866 1006 3892 35
1035 3869 1098 3907 Io.
1122 3869 1172 3909 P.
1198 3871 1235 3909 4.
1250 3873 1288 3910 5.
