2456 4264
196 246 272 304 92
497 268 590 298 ΙΟΔ.
615 247 927 297 §EPERICORNI
949 265 1180 295 DEFENSIO
1204 264 1384 294 CONTRA
1406 262 1613 292 FAMOSAS
1638 264 1681 292 Ο.
1703 264 1746 292 V.
1769 262 2037 291 EPISTOLAS.

194 403 423 460 restituti,
458 399 560 460 fuit
594 412 705 447 eam
742 398 799 446 ob
831 410 935 446 rem
971 397 1267 445 Reverentia
1303 395 1456 456 ipsius
1491 393 1709 440 maaeime
1741 393 2056 453 perturbata.
2131 393 2342 441 Putabat

194 489 321 537 enim
358 487 511 534 satius
547 498 650 532 esse
685 485 781 531 tale
816 483 1068 541 neqocium
1105 493 1201 527 non
1232 481 1470 540 incepisse
1504 491 1652 538 quam
1688 479 1818 525 male
1853 479 2155 525 terminasse.
2207 477 2340 524 Pro-

191 577 364 632 pterea
412 568 657 628 coqitabat
701 567 909 626 optimus
954 567 1035 612 ille
1077 566 1318 624 princeps
1353 564 1444 611 hoc
1479 564 1613 610 nullo
1645 567 1793 621 pacto
1827 574 1931 609 esse
1967 560 2338 609 admittendum.

195 655 387 702 Rursus
412 654 562 712 iqitur
586 664 661 698 me
687 651 815 697 misit
845 648 917 696 ad
950 649 1263 708 imperatoris
1299 649 1492 695 curiam
1528 647 1599 693 ad
1632 644 2010 705 sollicitandum,
2048 650 2102 692 ut
2129 644 2342 702 Cesarea

195 740 423 786 maiestas
456 737 604 784 latius
639 736 776 782 circa
805 733 931 781 illud
963 733 1216 792 neqocium
1253 744 1427 780 curam
1464 730 1646 777 habere
1684 732 1992 789 diqnaretu‘r.
2067 728 2135 776 Et
2153 729 2224 776 sic
2259 729 2341 775 in-
2358 747 2379 778 5

192 824 329 882 qenti
367 821 534 870 labore
580 832 728 867 unam
775 818 1152 866 commissionem
1184 820 1358 865 nactus
1388 827 1494 863 sum
1531 815 1593 862 de
1627 814 1773 862 verbo
1808 813 1881 861 ad
1912 812 2110 861 verbum
2152 813 2224 860 sic
2258 825 2344 859 so·-

196 911 409 956 nantem.

339 991 454 1039 Nos
501 988 563 1037 M
569 989 984 1037 aximilianus
1025 986 1195 1033 divina
1237 983 1442 1043 favente
1487 983 1748 1032 clementia
1795 983 1974 1030 electus
2009 981 2346 1030 Romanorum

199 1079 467 1138 imperator
490 1079 594 1122 etc.
633 1072 932 1120 Venerabilis
955 1071 1106 1119 chare
1131 1082 1282 1130 nepos
1307 1074 1355 1117 et
1377 1070 1575 1129 imperii
1594 1070 1773 1116 elector
1791 1066 1900 1115 Non
1924 1066 2205 1115 dubitamus
2230 1067 2348 1126 quin
2411 1062 2413 1064 ’

200 1168 284 1208 tua
306 1161 528 1208 charitas
563 1158 741 1205 habeat
777 1157 943 1204 adhuc
982 1157 1032 1202 in
1069 1156 1256 1203 recenti
1288 1155 1523 1202 memoria
1553 1154 1807 1213 neqocium
1837 1152 1928 1200 hoc
1952 1151 2086 1212 quod
2104 1150 2348 1199 Iudaico-
2367 1172 2406 1205 ιο

199 1258 309 1293 rum
342 1245 577 1291 librorum
615 1254 770 1289 causa
805 1246 1018 1301 tempore
1054 1243 1230 1287 eaeacto
1264 1240 1584 1299 suscepimus,
1632 1245 1678 1286 et
1717 1240 1846 1298 quod
1876 1250 2028 1300 super
2062 1236 2155 1284 hoc
2183 1248 2272 1284 nos
2303 1239 2348 1283 te

199 1341 309 1376 cum
357 1328 602 1375 nonnullis
643 1325 1034 1373 universitatibus
1076 1329 1124 1371 et
1162 1325 1275 1371 aliis
1314 1324 1468 1371 doctis
1512 1324 1630 1371 viris
1669 1322 1815 1370 huius
1855 1323 2048 1381 neqocii
2081 1321 2262 1382 peritis
2296 1321 2348 1367 in

199 1413 554 1461 commissarios
590 1410 927 1458 ordinavimus
959 1410 1101 1456 iuxta
1140 1415 1354 1456 tenorem
1390 1412 1552 1465 nostre
1583 1408 1754 1465 emisse
1784 1407 2148 1454 commissionis.
2204 1403 2349 1452 Nunc

200 1503 360 1545 autem
387 1502 599 1556 tempore
623 1499 802 1542 exacto
827 1494 997 1552 Iudeis
1019 1493 1170 1542 libros
1194 1506 1305 1541 suos
1329 1492 1653 1540 restituendos
1679 1491 2039 1550 mandavimus,
2059 1490 2152 1537 hoc
2176 1490 2348 1536 saltem

192 1586 366 1643 pact0,
412 1585 466 1628 ut
502 1581 736 1640 inscripti
764 1583 812 1626 et
848 1580 1033 1626 immoti
1065 1591 1216 1638 usque
1247 1577 1318 1624 ad
1347 1578 1628 1624 ulteriorem
1662 1576 2041 1624 commissionem
2075 1586 2406 1623 servaren-15

200 1670 296 1714 tur.
369 1665 437 1724 Et
466 1665 574 1712 ideo
602 1668 656 1712 ut
689 1665 739 1711 in
777 1663 953 1711 talibus
983 1662 1211 1710 ordinate
1240 1663 1493 1721 neqocium
1526 1661 1618 1709 hoc
1649 1663 1914 1715 tractetur,
1952 1658 2248 1706 mandamus
2273 1661 2350 1715 tue

200 1750 436 1797 charitati
465 1753 512 1796 et
546 1750 789 1809 volumuS,
827 1751 882 1794 ut
915 1747 1311 1794 universitatibus
1347 1747 1444 1794 illis
1483 1744 1759 1793 Coloniensi
1767 1778 1791 1814 ,Δ
1812 1743 2184 1803 Moquntinensi
2194 1779 2205 1802 ,
2245 1741 2351 1788 Er-

197 1834 497 1895 phurdensi‚
545 1837 593 1880 et
626 1831 1039 1890 Heidelburqensi
1051 1867 1062 1885 ‚
1109 1837 1157 1878 et
1198 1831 1421 1878 similiter
1457 1829 1639 1877 Iacobo
1676 1829 1740 1877 de
1773 1827 2103 1876 Hochstraten
2141 1826 2351 1885 heretice

196 1919 459 1979 pravitatis
504 1917 783 1976 inquisitori
819 1914 1014 1973 Colonie
1052 1929 1195 1973 sacre
1239 1915 1474 1974 theoloqie
1509 1913 1798 1974 professori
1827 1911 2047 1972 Itemque
2089 1916 2137 1959 et
2169 1911 2356 1959 Ioanni

200 2003 443 2051 Reuchlin
477 2007 639 2060 lequm
677 2000 877 2065 doctori,
928 2000 1113 2047 Victori
1145 2011 1334 2059 quoque
1367 1998 1428 2046 de
1457 1998 1645 2046 Carben
1679 1997 1931 2046 sacerdoti
1964 1991 2097 2044 olim‘
2113 1995 2272 2054 Iudeo
2304 1999 2353 2043 et
2366 2015 2408 2048 20

199 2089 311 2135 aliis
334 2086 574 2143 Hebraice
608 2086 854 2144 scripture
887 2097 949 2132 ac
969 2088 1319 2144 preceptorum
1349 2085 1571 2143 expertis
1601 2086 1649 2131 et
1675 2083 1829 2130 doctis
1860 2081 1972 2142 (qui
2004 2093 2101 2128 non
2135 2081 2233 2128 sint
2254 2079 2351 2127 Iu—

202 2173 306 2232 dei)
342 2171 569 2229 evestiqio
611 2169 826 2227 scribas,
875 2174 922 2217 et
965 2173 1182 2216 nostrum
1230 2170 1328 2216 illis
1374 2168 1630 2227 neqocium
1678 2166 1867 2214 indices
1904 2178 1966 2213 ac
2001 2166 2158 2213 nostri
2196 2177 2352 2214 causa

201 2256 429 2312 mandes,
463 2261 519 2302 ut
553 2255 806 2313 neqocium
842 2254 933 2301 hoc
963 2252 1196 2311 funditus
1226 2253 1573 2312 perpendant,
1606 2254 1655 2299 et
1684 2254 1835 2312 prout
1863 2263 2060 2298 necesse
2091 2248 2252 2308 fuerit
2285 2250 2354 2297 il-

202 2341 291 2389 lud
332 2340 547 2387 consiliis
590 2339 769 2385 iuvent.
842 2338 1063 2396 Itemque
1108 2349 1204 2396 quo
1244 2342 1393 2396 pacto
1433 2337 1649 2397 idipsum
1691 2349 1758 2383 ex
1791 2336 1983 2393 inteqro
2019 2334 2352 2382 inchoandum

92 2428 180 2482 {eviij
201 2426 288 2485 sit,
327 2427 375 2471 et
405 2422 667 2483 presertim
701 2436 768 2468 an
805 2424 927 2469 tales
962 2421 1110 2469 libros
1154 2421 1351 2480 (quibus
1384 2424 1556 2481 preter
1592 2420 1759 2468 decem
1791 2423 2143 2479 preceptorum
2174 2418 2349 2481 Moysi,
2365 2437 2407 2471 25
2448 2418 2456 2483 'j

200 2507 580 2569 prophetarum,
612 2507 844 2566 psalterii
876 2511 925 2553 et
953 2507 1125 2553 veteris
1160 2506 1434 2552 testamenti
1465 2504 1616 2552 libros
1645 2506 1873 2563 utuntur)
1901 2497 1922 2569 ΙΙ
1948 2505 2118 2551 tollere
2153 2509 2200 2550 et
2226 2516 2354 2563 sup-

196 2593 419 2653 primere
448 2590 679 2650 divinum,
709 2590 961 2638 laudabile
991 2595 1038 2637 et
1067 2593 1230 2647 nostre
1250 2589 1374 2648 fidei
1406 2590 1523 2636 utile
1558 2589 1633 2635 sit.
1725 2589 1952 2637 Volumus
1984 2601 2173 2648 quoque
2203 2593 2257 2635 ut
2286 2587 2357 2634 ad

204 2682 249 2723 te
286 2675 498 2735 desuper
528 2687 620 2722 sua
655 2675 858 2723 consilia
890 2676 1092 2730 mittant,
1130 2687 1222 2733 que
1258 2673 1345 2720 tibi
1381 2673 1527 2720 simul
1559 2673 1724 2720 omnia
1759 2672 2123 2732 diliqentissime
2144 2672 2354 2732 perspi-

204 2759 383 2808 cienda
415 2763 462 2806 et
493 2760 710 2806 maxime
745 2759 892 2806 etiam
928 2771 1039 2806 cum
1077 2765 1156 2806 tuo
1193 2759 1392 2806 consilio
1418 2770 1518 2817 per
1553 2762 1599 2804 te
1644 2759 1827 2818 scripto
1844 2795 1855 2817 ,
1903 2757 2039 2805 nobis
2065 2770 2160 2817 per
2195 2755 2355 2803 Ioan-

205 2856 314 2892 nem
350 2843 730 2904 Pepericornum
779 2844 943 2902 (quem
991 2840 1350 2890 sollicitatorem
1387 2844 1436 2889 in
1469 2841 1566 2889 hac
1597 2854 1760 2890 causa
1798 2842 2158 2902 ordinavimus)
2205 2852 2354 2900 quam
2369 2859 2431 2892 3⁰:

134 2934 148 2945 “
205 2929 347 2976 citius
372 2928 548 2974 mittas.
587 2928 638 2974 in
667 2927 758 2975 hoc
788 2926 1025 2985 facturus
1049 2941 1101 2974 es
1130 2934 1348 2974 nostram
1378 2925 1638 2983 Cesaream
1660 2928 1881 2985 qratiam
1910 2930 1958 2974 et
1981 2925 2353 2987 beneplacitum.

205 3013 386 3060 Datum
419 3012 471 3058 in
506 3011 696 3059 Fussen
721 3010 871 3059 Sexto
909 3012 989 3058 die
1025 3012 1203 3058 mensis
1234 3010 1379 3071 Iutij.
1410 3011 1567 3057 Ann0.
1595 3007 1673 3076 235.

993 3095 1075 3141 Ad
1112 3095 1400 3142 mandatum
1435 3095 1621 3143 domini
1654 3095 1967 3157 imperatoris
2003 3095 2282 3155 proprium.

936 3209 939 3211 -
995 3179 1093 3227 Per
1133 3178 1332 3238 Reqem.
1368 3192 1495 3240 pro:
1527 3192 1636 3226 ma:

1566 3262 1878 3312 Serenteiner
1911 3263 2210 3325 subscripsit.
2288 3248 2296 3253 ἡ
2369 3279 2438 3314 3⁵·

350 3431 391 3478 ([
442 3431 550 3479 Hoc
599 3431 888 3479 mandatum
935 3433 1246 3492 imperatoris
1289 3435 1574 3493 presentavi
1611 3433 1968 3492 qratiosissimo
2014 3432 2208 3480 domino
2251 3443 2355 3479 meo

212 3516 597 3577 Moquntinensi,
636 3515 768 3574 quod
797 3516 849 3563 in
889 3528 1069 3575 maqno
1103 3517 1285 3564 honore
1322 3523 1369 3565 et
1395 3518 1585 3576 ,qaudio
1614 3519 1821 3578 recepit,
1865 3522 1914 3564 et
1947 3518 2053 3565 sine
2085 3529 2226 3564 mora
2259 3517 2356 3563 tale

208 3600 495 3649 mandatum
524 3603 572 3647 et
606 3600 984 3647 commissionem
1018 3613 1121 3646 una
1155 3613 1265 3647 cum
1301 3602 1475 3649 litteris
1504 3602 1605 3648 suis
1651 3602 1722 3648 ad
1759 3602 2074 3649 venerandas
2108 3602 2355 3648 universi-

208 3689 350 3742 tates,
398 3688 446 3732 et
479 3683 689 3743 heretice
715 3685 981 3744 pravitatis
1015 3685 1302 3742 maqistrum
1332 3689 1380 3732 et
1414 3686 1536 3731 alios
1570 3685 1722 3740 misit,
1771 3685 1842 3732 ad
1885 3685 2263 3733 consultandum
2299 3685 2350 3731 in
2366 3701 2444 3735 ω’·

210 3770 302 3819 hoc
329 3770 529 3829 neqocio
557 3773 604 3817 et
631 3773 684 3816 ut
718 3781 885 3816 eorum
935 3768 1145 3823 omnium
1190 3769 1397 3815 consilia
1438 3767 1532 3815 sibi
1568 3769 1931 3829 quamprimum
1976 3770 2223 3818 mitterent
2290 3765 2358 3814 Id

212 3854 344 3915 quod
371 3854 443 3902 sic
474 3857 636 3902 actum
672 3860 764 3914 est,
801 3853 952 3902 veluti
983 3853 1034 3900 in
1068 3851 1377 3912 sequentibus
1412 3851 1680 3901 indicatur.
