2456 4264
229 300 347 359 382
625 322 1013 354 LAMENTATIONES
1036 323 1341 354 OBSCVRORVM
1362 323 1807 356 REvcHLINISTARvu
1827 323 1975 355 NOVAE.

698 456 1030 531 Epistola
1078 455 1371 514 Ioannis·
1404 434 1889 531 Pepericorni.

788 568 874 615 Ex
911 570 1159 616 teutonico
1197 571 1249 616 in
1285 570 1494 617 latinum
1531 569 1803 616 translata.

225 665 265 711 (Ι
303 666 599 713 Beatissimo
626 667 676 713 in
706 666 900 713 Christo
929 667 1081 727 patri
1104 651 1304 715 domino
1337 672 1535 727 nostr0,
1576 667 1639 714 D.
1667 667 1829 715 Leoni
1851 666 2026 714 divina
2041 667 2370 728 providentia

218 763 352 809 pape
378 757 439 791 .Χ.
477 749 1017 810 Reverendissimisque
1056 746 1415 799 Cardinalibus
1460 751 1682 799 Ioannes
1717 751 2084 814 Pepericornus
2131 752 2247 798 olim
2283 750 2369 798 Iu·

222 834 366 894 deus,
406 848 539 882 nunc
576 848 694 883 vero
730 835 1037 883 christianus
1074 836 1387 896 omniumque
1421 837 1675 896 minimus,
1707 822 1827 896 post
1857 836 2041 896 pedum
2078 840 2227 895 atque
2261 848 2365 882 ma·
2384 856 2405 887 5

222 932 371 966 nuum
410 920 606 979 oscula,
656 933 761 967 sese
804 924 958 967 totum
1004 920 1203 968 subiicit
1247 925 1295 968 et
1339 921 1588 969 auxilium
1635 920 1877 968 adversus
1923 904 2210 981 impiissime
2245 920 2389 973 scri-¹

917 1004 1084 1052 bentes
1118 1004 1369 1053 humiliter
1403 1006 1659 1068 implorat.

361 1102 654 1151 Beatissime
680 1108 860 1164 pater,
912 1116 1213 1163 quamquam
1249 1104 1448 1151 minime
1485 1104 1670 1164 diqnus
1704 1116 1839 1163 sum,
1889 1107 1945 1151 ut
1980 1103 2055 1151 vel
2091 1103 2163 1150 ad
2196 1115 2369 1151 sacra-

222 1189 431 1236 tissimos
464 1189 618 1248 pedes
654 1192 787 1247 tu08,
839 1188 918 1235 vel
962 1188 1034 1234 ad
1068 1188 1384 1255 celsissimam
1422 1193 1505 1247 tue
1540 1188 1828 1236 sanctitatis
1863 1187 2028 1235 sedem
2065 1187 2216 1236 verba
2245 1200 2368 1248 pro-

214 1271 461 1332 fundam,
514 1278 679 1320 tamen
717 1274 836 1332 quia
873 1272 1334 1321 Reuchlinistarum
1370 1286 1534 1334 nuper
1570 1273 1887 1333 quorundam
1926 1274 2084 1333 (quos
2124 1271 2367 1321 Obscuros
2385 1288 2426 1321 ιο

221 1360 433 1417 vocant)
492 1358 791 1405 contumelia
840 1355 1229 1418 falsissimisque
1283 1358 1579 1418 quibusdam
1632 1358 1915 1417 invectivis,
1975 1358 2191 1406 extimus
2236 1369 2370 1418 pene

216 1441 395 1500 factus
430 1428 536 1490 sum
574 1443 636 1489 ab
675 1443 794 1490 ovili
835 1446 919 1489 tuo
959 1441 1145 1489 Christi
1187 1443 1480 1491 vulneribus
1524 1447 1690 1503 sept0,
1741 1455 1844 1490 non
1881 1455 2088 1502 possum
2125 1455 2224 1489 non
2261 1454 2368 1501 spe-

221 1541 343 1574 rare
388 1531 436 1574 et
480 1528 695 1585 firmiter
739 1527 971 1584 credere,
1021 1528 1142 1586 quin
1187 1528 1234 1575 si
1267 1527 1545 1588 Neophitus
1589 1528 1695 1588 ipse
1732 1521 2000 1575 vveritatem
2029 1539 2366 1587 proposuero,

221 1616 268 1657 et
294 1625 396 1672 per
431 1612 564 1659 viam
601 1613 796 1671 reqiam
835 1610 1139 1659 ambulando
1176 1612 1340 1659 instar
1377 1613 1483 1660 divi
1516 1612 1670 1659 Pauli
1712 1624 2025 1674 synaqoqam
2074 1610 2286 1668 sathane
2322 1614 2370 1657 et

219 1697 542 1744 colluvionem
586 1696 858 1753 Iudeorum
903 1698 1237 1746 execrabilem
1292 1701 1662 1756 tortuosumque
1714 1696 2056 1759 labyrinthum
2100 1708 2204 1756 pro
2256 1707 2367 1742 mea
2390 1712 2426 1744 ιε,

210 1782 471 1841 parvitate
505 1794 856 1842 suppresserO,
898 1782 1179 1829 immortale
1213 1783 1305 1829 sim
1341 1794 1452 1829 cum
1488 1781 1646 1829 beatis
1674 1783 1922 1842 premium
1958 1779 2236 1839 habiturus,
2278 1793 2371 1827 nec
2453 1777 2456 1779 ’

218 1868 456 1914 minorem
504 1866 655 1913 etiam
701 1868 925 1927 qratiam
963 1867 1014 1913 in
1053 1867 1212 1914 oculis
1247 1867 1532 1914 sanctitatis
1568 1870 1667 1924 tue.
1754 1866 1936 1914 Verum
1973 1865 2222 1912 enimvero
2257 1877 2368 1912 cum

216 1951 304 1999 sub
351 1951 446 1998 hoc
494 1950 612 1997 orbe
647 1951 826 1998 lunari
861 1950 1048 1998 Christi
1080 1952 1233 1998 vicem
1262 1951 1504 2011 perbeate
1540 1952 1592 1998 in
1639 1951 1789 1998 terris
1831 1963 2010 2010 qeras,
2061 1955 2110 1996 et
2154 1949 2368 1996 alterum

218 2036 356 2084 nobis
393 2036 536 2083 deum
573 2040 909 2096 representes,
954 2048 1294 2096 personarum
1342 2040 1579 2097 acceptor
1614 2047 1719 2083 esse
1755 2047 1857 2082 non
1893 2038 2055 2095 potes,
2131 2032 2236 2080 Sed
2270 2045 2368 2093 quo

218 2134 293 2169 me
328 2125 520 2168 vertam
549 2132 648 2180 pre
686 2120 897 2169 dolore?
949 2119 1135 2177 Quibus
1170 2120 1503 2186 supplicabo?
1552 2119 1682 2177 Quos
1726 2120 1878 2167 miser
1923 2119 2029 2180 ipse
2074 2119 2367 2179 implorem?
2383 2133 2426 2166 20

222 2206 291 2254 Te
325 2206 667 2263 mediusfidius
695 2210 897 2266 patrem
934 2205 1267 2253 beatissimum
1305 2219 1446 2265 quem
1485 2192 1792 2253 admiranda
1823 2203 2095 2267 probitatis
2131 2204 2368 2251 omnium-

218 2305 313 2351 que
359 2292 599 2338 virtutum
645 2290 826 2337 merita
874 2294 921 2337 et
969 2291 1271 2350 incorrupta
1319 2291 1417 2348 vite
1462 2290 1729 2349 inteqritas
1781 2289 1854 2336 ad
1895 2274 2180 2349 supremam
2219 2292 2370 2348 atque
2451 2331 2456 2356 ·.

217 2375 605 2424 inaccessibilem
637 2388 767 2434 pene
802 2375 980 2422 mundi
1012 2375 1335 2432 cathedram,
1377 2375 1488 2422 iure
1524 2375 1711 2435 optimo
1746 2373 2056 2432 extulerunt,
2099 2373 2187 2432 qui
2208 2377 2256 2419 et
2280 2374 2367 2420 mi·
2446 2370 2456 2435 ζῖ

215 2461 498 2509 sericordia
535 2460 702 2520 diqnis
737 2460 987 2518 misereri,
1038 2464 1086 2506 et
1131 2458 1372 2520 superbos
1420 2458 1701 2518 debellare,
1741 2471 1846 2520 pro
1892 2462 1980 2506 tua
2027 2458 2369 2505 moderatione

218 2550 367 2606 atque
412 2545 614 2593 iusticia
651 2544 987 2605 quamoptime
1023 2544 1261 2592 didicisti.
1340 2543 1593 2603 Ceterum,
1643 2543 1924 2591 beatissime
1959 2546 2140 2603 pater,
2194 2547 2250 2590 ut
2295 2542 2368 2590 ad
2381 2537 2456 2606 25³¹

216 2644 320 2678 rem
367 2632 475 2691 ipse
515 2629 766 2690 paulatim
813 2629 1079 2688 declinem,
1139 2628 1408 2688 Postquam
1453 2627 1795 2676 serenissimus
1842 2631 2014 2675 noster
2057 2626 2363 2688 Imperator,
2451 2628 2456 2694 ζ

218 2717 431 2763 omnium
468 2714 649 2762 litteris
686 2718 836 2772 atque
870 2714 1058 2773 linquis
1093 2713 1435 2773 extollendus,
1487 2697 2145 2772 universitatibus'aliquot,
2187 2711 2366 2760 Archi·
2413 2698 2456 2795 ,ἑ

207 2801 407 2860 presuli
449 2800 600 2847 etiam
639 2798 965 2858 Moquntino,
1016 2799 1238 2858 itemque·
1276 2803 1324 2845 et
1368 2798 1584 2856 heretice
1619 2797 1898 2858 pravitatis
1932 2796 2253 2856 Inquisitori,
2303 2809 2368 2844 ac
2448 2814 2456 2820 ·

2434 2868 2451 2889 d

216 2877 403 2932 Ioanni
438 2884 651 2943 denique
693 2882 959 2943 Reuchlin,
1013 2884 1179 2942 lequm
1231 2883 1454 2943 doctori,
1505 2883 1605 2930 iam
1642 2881 1846 2942 pridem
1884 2881 2261 2941 demandasset,
2314 2885 2367 2929 ut
2426 2883 2456 2909 ’ἓ

217 2969 339 3028 quid
374 2969 436 3015 de
471 2968 615 3015 libris
651 2967 923 3024 Iudeorum
961 2967 1259 3027 quibusdam
1294 2967 1612 3015 scandalosis
1646 2970 1694 3013 et
1729 2967 1781 3014 in
1818 2966 2078 3014 ecclesiam
2117 2966 2202 3013 dei
2233 2965 2361 3013 blas-
2377 2983 2452 3017 εο-

208 3053 404 3112 phemis
441 3052 693 3112 aqendum
721 3050 888 3111 foret,
932 3052 1003 3098 ad
1036 3052 1307 3099 salvatoris
1344 3052 1508 3099 nostri
1539 3051 1777 3099 honorem
1815 3050 2128 3110 omniumque
2163 3063 2364 3110 reqene-

215 3141 444 3184 ratorum
488 3137 697 3184 salutem
744 3137 1034 3196 quantotius
1079 3136 1394 3196 deciderent,
1447 3135 1664 3195 Cumque
1711 3148 1876 3205 omnes
1921 3138 2134 3195 excepto
2170 3134 2366 3183 Ioanne
2420 3126 2456 3219 j

217 3219 492 3280 Reuchlin,
533 3222 665 3268 velut
700 3234 800 3268 uno
838 3234 925 3268 ore
960 3234 1026 3268 ex
1063 3221 1304 3269 instinctu
1339 3221 1716 3281 spiritussancti
1738 3232 1843 3280 pro
1882 3219 2079 3267 Christo
2116 3223 2164 3266 et
2199 3220 2364 3280 loque-

102 3313 126 3349 υ
149 3307 200 3360 iij
221 3309 401 3352 rentur
426 3309 472 3351 et
506 3300 834 3370 scribellrent,
874 3307 1007 3354 solus
1043 3307 1149 3367 ipse
1183 3307 1413 3353 inventus
1448 3310 1549 3365 est,
1591 3306 1680 3366 qui
1716 3304 1795 3363 (ut
1829 3305 2101 3352 multarum
2126 3304 2363 3351 universi-

218 3393 375 3436 tatum
413 3390 693 3436 testimonia
720 3390 967 3451 probant)
1006 3391 1277 3448 Iudeorum
1304 3390 1524 3450 perfidie
1561 3390 1723 3449 maqis
1759 3401 1910 3449 quam
1945 3388 2057 3435 sedi
2091 3388 2456 3448 apostolicesss-'.

2437 3434 2456 3457 *ἔ

218 3476 308 3520 aut
331 3473 670 3520 sacratissimo
693 3474 819 3530 fidei
839 3476 1049 3534 neqocio
1074 3476 1127 3522 in
1152 3488 1246 3523 sua
1272 3474 1638 3522 consultatione
1663 3473 1948 3537 adhereret.
2017 3470 2182 3519 Taceo
2209 3471 2363 3532 (proh
2435 3467 2456 3536 3

213 3558 383 3618 pudor
418 3554 568 3614 nefas
603 3561 676 3604 est
713 3558 905 3617 dicere)
954 3559 1090 3618 quod
1134 3560 1186 3606 in
1233 3560 1406 3607 eadem
1442 3572 1534 3606 sua
1580 3558 1948 3606 consultatione
1996 3556 2157 3616 (quod
2184 3560 2362 3616 postea
2396 3540 2456 3669 σιξ

2433 3670 2456 3702 e

2443 2999 2456 3024 ’1

2444 3043 2456 3083 ἓ

2439 3098 2456 3128 A

2440 3221 2456 3266 Ξ

2442 3271 2456 3300 3:

2437 3356 2456 3423 Ξ

214 3642 467 3704 speculum
505 3641 713 3689 oculare
748 3647 818 3689 est
854 3643 1187 3703 appellatum)
1237 3657 1315 3691 me
1350 3656 1513 3704 nuper
1547 3643 1603 3691 in
1641 3642 1838 3691 Christo
1867 3640 2098 3700 feliciter
2131 3641 2360 3703 baptiza-

331 3852 345 3878 ¹
383 3853 468 3893 Est
502 3852 594 3892 lzoec
632 3850 812 3901 epistola
848 3848 1228 3900 Pepericornianoe
1265 3852 1537 3902 Defensionis
1575 3857 1725 3891 contra
1756 3851 1946 3902 famosas
1975 3848 2031 3890 0.
2070 3849 2122 3889 V.
2155 3851 2360 3901 epistolas

214 3924 478 3977 principium.
511 3923 574 3973 Cf.
595 3934 727 3972 supra
757 3935 800 3972 p.
824 3923 896 3961 83.
919 3933 982 3973 sq.
