2456 4264
202 279 323 338 378
598 293 983 331 LAMENT'ATmNEs
1008 303 1315 331 OBSCVRORVM
1335 303 1778 332 ancflles'rARvu
1799 304 1948 333 novas.

173 437 350 488 ,duum
389 437 525 483 intra
558 438 670 494 post
708 433 972 493 apostolici
1006 433 1199 482 decreti
1231 414 1460 481 notitiam
1496 433 1789 483 comburere
1824 435 2188 497 differentibus.
2261 436 2342 483 Vi-

199 522 291 568 deo
328 520 483 579 iqitur
519 531 609 565 nos
645 522 692 565 et
726 518 932 565 miseros
967 530 1071 565 esse
1106 522 1153 565 et
1198 516 1448 576 infelice&
1500 520 1812 579 omniumque
1859 521 2124 568 criminum
2158 533 2345 580 qenere

199 604 441 651 delibutos
474 615 541 650 ac
568 603 730 662 plane
764 602 1150 663 suffarcinatos,
1204 602 1460 661 brevique,
1514 602 1596 661 (ni
1631 604 1738 663 Goq
1773 608 1822 652 et
1859 604 2052 664 Maqoq
2088 602 2344 652 unacum
2427 655 2433 663 ,

197 687 505 735 Antichristo
540 698 629 734 suo
665 686 741 734 vel
771 687 940 746 potius
976 689 1147 734 nostro
1184 686 1325 734 nobis
1351 687 1581 746 presidio
1616 688 1738 748 sint)
1779 688 1851 735 ad
1883 686 2079 746 inferos
2114 691 2343 744 caterva-

196 773 279 819 tim
318 772 655 819 descensuros.
741 770 867 818 Vale
902 774 958 818 ut
983 773 1153 830 potes,
1205 775 1257 818 et.
1287 771 1594 819 suavissimis
1629 773 1727 820 tuis
1761 772 1943 820 litteris
1977 785 2054 820 me
2089 773 2343 833 quampri-
2370 787 2388 817 5
2450 780 2456 825 ς

195 869 327 903 mum
363 856 643 903 consolare.
720 854 864 911 Quod
907 856 953 902 si
987 868 1087 902 non
1118 853 1338 914 feceris,
1390 854 1612 916 Delphos
1649 860 1849 917 petam,
1900 860 2073 904 nostro
2120 856 2349 917 Apollini

197 940 452 1000 Musisque
496 952 667 988 novem
713 943 897 988 cuncta
943 941 1215 988 relaturus.
1291 939 1377 988 Ex
1429 939 1674 988 Cremona
1723 942 1869 989 nonis
1914 953 2080 1003 nuper
2125 939 2344 1002 Septem-

195 1024 383 1073 bribus.
505 1026 507 1029 ’
1882 1038 1885 1040 ·

1222 1158 1314 1217 20.

890 1288 931 1334 (ἱ
989 1279 1253 1337 Simeon
1297 1278 1660 1337 Lullianus
2208 1306 2209 1309 ¹
2360 1295 2399 1329 ¹⁰

959 1391 1245 1441 Adriano
1282 1391 1587 1441 Sinhensi

974 1477 980 1481 ’
1101 1470 1107 1477 ’
1146 1491 1217 1540 .S.
1246 1492 1302 1540 P.
1330 1492 1392 1539 o.

536 1603 668 1661 Quid
703 1605 794 1652 tibi
827 1606 935 1653 vis?
971 1606 1139 1653 calido
1174 1605 1263 1653 sub
1292 1577 1768 1665 pectoressmascula
1804 1604 1917 1653 bilis

532 1689 798 1749 Intumuit,
841 1702 991 1749 quam
1028 1703 1127 1754 non
1165 1691 1440 1737 extinxerit
1476 1702 1609 1737 urna
1646 1690 1824 1748 cicute.

2449 1638 2456 1654 d

2446 1662 2456 1706 ι’

195 1773 385 1834 Accepi
417 1775 615 1821 litteras
651 1777 794 1833 tuas,
846 1774 1141 1835 charissime
1172 1772 1378 1832 frater,
1431 1774 1576 1821 nonis
1622 1773 1695 1830 ad
1738 1787 1816 1821 me
1859 1762 2026 1834 nuper
2072 1775 2223 1822 datas
2270 1789 2341 1823 se-
2365 1787 2401 1828 ¹5
2445 1778 2456 1814 «ἴ

133 1897 137 1900 .
192 1858 523 1918 ptembribus,
566 1870 691 1917 quas
715 1857 957 1918 profecto
997 1859 1092 1916 (sic
1129 1871 1206 1905 me
1245 1859 1320 1905 dii
1342 1862 1659 1917 conservent,
1660 1860 1691 1918 )
1731 1859 1809 1906 vel
1833 1857 2020 1917 Nesseo
2033 1871 2136 1919 per
2160 1865 2208 1907 te
2230 1873 2345 1907 san-

190 1943 371 2002 quine,
413 1943 492 1990 uel
514 1942 749 2004 Hydrino
776 1943 838 1990 ab
865 1944 980 1991 aliis
1003 1957 1192 1997 veneno
1229 1944 1413 1991 tinctas
1448 1942 1776 2002 crediderim,
1817 1943 1890 1993 sic
1925 1942 2204 2002 mortiferis
2241 1945 2346 2004 qui-

193 2027 401 2074 busdam
437 2027 490 2074 in
529 2039 618 2074 nos
655 2028 869 2086 aculeis,
913 2032 1066 2088 atque
1102 2028 1420 2075 amarulenta
1454 2040 1667 2087 prorsus
1702 2028 1756 2075 in
1797 2013 2041 2076 Obscuros
2076 2029 2346 2089 reprehen-

191 2112 328 2159 sione
364 2114 412 2158 et
436 2112 619 2159 'vivunt
654 2115 701 2159 et
735 2113 953 2172 spirant.
1034 2111 1150 2161 Tibi
1193 2114 1350 2172 iqitur
1397 2113 1549 2159 attice
1595 2112 1668 2159 ad
1707 2124 1784 2160 me
1819 2113 2018 2161 litteras
2054 2113 2220 2174 danti,
2271 2115 2346 2162 la-

2447 1818 2456 1903 ³.-

2451 1966 2456 2001 ³

2448 2006 2456 2023 Ι

191 2197 367 2244 conice
403 2188 608 2256 tandem
644 2183 971 2258 respondebo.
1047 2188 1318 2245 Antonium
1355 2181 1449 2256 eqo
1487 2187 1800 2270 Campanum
1847 2182 2035 2256 (virum
2072 2199 2264 2270 alioqui
2297 2202 2346 2246 et
2361 2213 2402 2245 20
2451 2189 2456 2208 ¹

193 2281 445 2328 eruditum
482 2284 530 2327 et
566 2272 904 2341 excellentem,
946 2277 1282 2330 clarissimum·
1317 2294 1515 2342 quoque
1549 2286 1654 2330 tum
1692 2286 1945 2330 oratorem
1982 2267 2085 2331 tum
2113 2285 2344 2344 poetam)

194 2378 226 2411 a
264 2364 505 2424 theoloqis
535 2363 762 2422 fortasse
798 2367 991 2427 aliquot
1026 2368 1163 2415 senio
1199 2364 1483 2425 confractis
1519 2370 1568 2414 et
1603 2366 1880 2425 christiane
1911 2367 2038 2425 fidei
2070 2368 2347 2416 cultoribus

186 2448 351 2508 facile
385 2449 639 2498 seductum
676 2452 997 2500 crediderim.
1073 2450 1157 2499 Ad
1178 2451 1479 2523 Hieronymi
1502 2455 1744 2512 preterea
1780 2456 1932 2512 atque
1956 2450 2143 2510 Senece
2163 2465 2345 2513 -paroe-
2404 2488 2405 2491 η

190 2535 364 2594 miam,
415 2534 544 2582 nihil
587 2539 660 2583 est
697 2537 832 2596 quod
866 2537 963 2585 hoc
999 2541 1221 2598 tempore
1256 2536 1664 2596 respondeamus.
1739 2535 1851 2597 qu
1886 2537 2018 2584 enim
2055 2538 2143 2597 qui
2175 2539 2348 2586 nonies
2426 2533 2456 2567 '³

193 2632 239 2666 a
251 2618 412 2667 Musis
448 2623 497 2667 et
531 2621 681 2683 semel
703 2619 962 2681 Apolline,
1005 2623 1056 2669 in
1084 2621 1305 2684 CynthO,
1343 2626 1508 2669 monte
1535 2621 1740 2682 quidem
1776 2625 1825 2669 et
1847 2621 2047 2670 sublimi
2068 2627 2117 2669 et
2140 2635 2337 2683 aspero,
2359 2638 2401 2671 25

190 2705 370 2775 laurea
395 2708 668 2753 coronatus
691 2718 854 2781 sum,
866 2705 1189 2780 salutiferam
1228 2706 1402 2766 (quam
1439 2707 1608 2767 aiunt)
1646 2706 1990 2767 theoloqorum
2027 2706 2344 2782 redarqutio-

49 2776 53 2778 ⁷
108 2832 112 2837 ,
191 2802 300 2836 nem
332 2790 461 2850 pati
482 2802 581 2837 non
608 2802 831 2850 possum.
878 2790 1122 2851 Sinqula
1169 2792 1299 2846 enim
1336 2791 1478 2851 reqio
1513 2803 1631 2840 suos
1671 2790 1833 2840 habet
1865 2794 2072 2857 cantus',
2121 2795 2169 2838 et
2214 2793 2343 2852 quis-

193 2887 288 2934 que
323 2887 413 2922 suo
450 2874 569 2922 vivit
603 2887 757 2944 more.
831 2874 916 2924 Ad
960 2865 1157 2934 inferos
1202 2879 1367 2924 autem
1412 2888 1526 2923 cum
1571 2875 1935 2946 descenderis,
1954 2876 2179 2937 primum
2224 2876 2348 2945 mihi
2395 2888 2444 2946 3·

191 2958 244 3005 in
270 2941 458 3023 Elysiis
480 2959 697 3021 campis,
739 2961 861 3009 illuc
897 2961 1101 3008 tandem
1138 2964 1375 3019 venturo,
1416 2959 1580 3008 locum
1618 2960 1898 3009 obtinebis.
1951 2961 2227 3008 Valeamus
2250 2941 2343 3008 ita-

191 3055 285 3102 que
331 3047 385 3091 ut
421 3057 710 3117 possumus,
762 3046 968 3105 quando
1014 3049 1070 3094 ut
1115 3045 1339 3093 volumus
1384 3057 1494 3114 non
1530 3045 1663 3094 licet.
1722 3045 1825 3117 Ex
1861 3044 2126 3122 Helicone,
2181 3045 2342 3094 Musis
2355 3061 2398 3095 30

191 3139 362 3174 novem
400 3141 503 3175 una
539 3142 652 3177 cum
690 3128 924 3191 Apolline
959 3130 1349 3185 chorisantibus.
1410 3125 1500 3195 ss

1221 3278 1310 3337 21.
1501 3316 1530 3334 s

802 3475 807 3478 Ι
860 3405 902 3450 (Ι
947 3398 1338 3479 Piqmal'ion
1355 3414 1362 3422 ·“
1381 3401 1666 3455 insanus

984 3511 1261 3559 Henrico
1299 3497 1550 3559 iuniori

2444 2271 2456 2362 ἒ

2443 2429 2456 2480 i

2439 3076 2456 3101 ’τ
2431 2598 2456 3057 Α·Λιλέᾗῦ8ἆξ*.ωιᾪο.ᾑῳηα
2448 2523 2456 2535 u
2446 2482 2456 2507 ιι

2427 3098 2456 3248 ξ

1141 3608 1212 3657 .S.
1242 3610 1298 3658 P.
1326 3610 1388 3657 D.
2115 3630 2118 3632 ¹
2334 3602 2397 3656 ’35
2426 3578 2446 3685 ἑ

280 3757 283 3760 ,
335 3716 641 3764 Moriturum
678 3719 831 3765 credo
868 3721 973 3766 risu
1004 3718 1167 3777 fuisse
1203 3722 1595 3785 Democritum,
1617 3723 1663 3769 si
1696 3725 1907 3769 nostras
1933 3721 2049 3769 olim
2085 3721 2336 3781 epistolas,

192 3815 336 3899 quas
357 3799 702 3849 Obscurorum
727 3802 1094 3862 inscripsimus,
1146 3808 1192 3850 et
1237 3806 1344 3851 alia
1389 3806 1445 3852 id
1475 3818 1634 3864 ¹qenus
1670 3809 1953 3854 nostrorum
1989 3804 2340 3852 contribulium
2386 3844 2391 3849 .
2439 3805 2442 3806 ’

309 3925 340 3951 ¹3
371 3927 494 3967 Per-,s
519 3930 606 3966 sat.
630 3926 683 3966 V.
709 3925 800 3966 144.
825 3939 890 3979 sq.
976 3923 1012 3951 ²4
1042 3926 1202 3968 nonies
1231 3929 1292 3966 sic
1323 3930 1365 3966 2.
