2456 4264
235 277 354 332 494
530 298 852 326 TnAc'rA'rvas
878 298 1056 332 QVIDAM
1080 296 1303 325 sommus
1327 297 1383 325 m:
1406 298 1525 325 ARTE
1547 298 1604 325 m*
1627 298 1750 326 nono
1775 297 2057 332 mqvnmnm

231 432 308 477 sed
346 437 513 476 tantum
551 429 710 475 docere
748 435 792 473 et
830 428 994 478 audiri,
1042 426 1239 488 alioquin
1277 442 1366 474 non
1404 431 1526 473 ess'et
1561 427 1829 489 Inquisitor,
1877 429 1955 476 sed
1990 428 2242 491 discipulus
2278 429 2365 490 He-

230 501 494 550 reticorum,
552 512 633 544 nec
685 506 835 544 certus
881 505 1002 543 esset
1053 498 1160 557 quid
1207 513 1341 558 agere
1391 498 1521 544 vellet
1566 512 1669 544 cum
1714 499 1955 546 haereticis.
2029 501 2133 546 ldeo
2184 507 2366 561 oportet

228 570 563 631 praeconcipere
601 569 935 614 conclusionem
974 583 1106 628 quam
1144 568 1358 614 intendat.
1430 568 1586 614 Potest
1621 575 1770 614 autem
1805 577 1956 616 certus
1993 570 2091 617 fieri
2128 570 2363 616 extribus.

227 641 373 686 Primo
412 653 463 684 ex
499 639 747 684 intentione
785 639 978 684 formata
1025 640 1147 684 iuxta
1194 638 1397 699 regulam
1445 640 1649 700 primam.
1723 639 1927 686 Secundo
1965 655 2018 687 ex
2052 648 2202 687 mente
2236 641 2365 701 Papae

228 709 474 760 inerrabili,
525 724 547 755 a
587 723 673 770 qua
712 710 912 769 suscepit
949 708 1168 761 officium,
1218 717 1263 755 et
1299 723 1479 756 causam
1516 710 1849 770 inquisitionis,
1895 711 2019 756 iuxta
2055 711 2257 771 regulam
2296 724 2364 756 se·
2387 724 2404 751 ε,

225 781 427 827 cundam.
503 780 656 826 Tertio
695 794 747 825 ex
783 779 986 827 doctrina
1025 781 1168 825 sancti
1206 781 1410 831 Thomae,
1461 794 1560 840 quae
1612 780 1709 827 sola
1747 788 1817 826 est
1852 782 1958 841 igne
1997 782 2184 842 spiritus
2223 783 2364 827 sancti

226 851 471 897 examinata
509 857 553 895 et
590 858 808 911 purgata,
856 857 900 896 et
947 851 1108 896 summi
1144 851 1524 911 Philosophorum
1570 851 1787 912 principis
1822 851 2082 898 Aristotelis
2131 853 2365 898 sententiis

225 922 450 968 decorata.
523 919 629 968 Nam
668 921 946 982 impossibile
984 928 1075 971 est,
1118 922 1237 982 quod
1277 921 1466 967 intentio
1505 920 1582 968 illa
1620 919 1765 972 erret,
1803 921 2098 968 multominus
2134 922 2365 983 possibile,

226 992 345 1052 quod
382 992 584 1038 doctrina
625 991 685 1038 .S.
723 992 902 1038 Thomae
941 999 1084 1043 erret,
1132 994 1177 1037 in
1217 1006 1304 1052 qua
1343 993 1380 1037 si
1417 1006 1509 1038 non
1546 999 1667 1037 esset
1703 992 1817 1038 bene
1854 992 2070 1039 fundatus
2106 992 2367 1054 Inquisitor,

224 1077 312 1109 non
350 1070 471 1109 esset
506 1063 667 1123 dignus
706 1062 855 1109 officio
893 1063 981 1108 isto
1019 1063 1322 1123 pulcherrimo
1371 1069 1417 1108 et
1463 1062 1597 1108 titulo
1646 1062 1993 1122 gloriosissimo.
2067 1061 2177 1118 Quia
2216 1065 2253 1110 si
2291 1071 2422 1109 so-10

115 1131 313 1184 (A4)lam
354 1133 535 1179 Bibliam
574 1135 730 1185 sciret,
769 1135 859 1180 cito
899 1128 1167 1198 haellreticus
1205 1147 1305 1178 eum
1342 1141 1501 1194 posset
1537 1132 1726 1180 illudere
1763 1146 1845 1195 per
1881 1133 2256 1194 multiplicitatem
2295 1148 2366 1179 ex—

224 1204 478 1265 positionis.
552 1203 652 1250 Ideo
701 1211 868 1251 certam
917 1211 1119 1266 oportet,
1168 1212 1212 1250 et
1257 1219 1358 1265 quae
1405 1211 1474 1250 est
1522 1206 1618 1250 sine
1658 1204 2007 1265 quaestionibus,
2056 1207 2151 1251 sine
2190 1204 2367 1265 opinio-

227 1274 386 1326 nibus,
425 1276 520 1321 sine
558 1274 922 1322 distinctionibus
958 1274 1292 1336 multiplicatis,
1331 1275 1497 1321 habere
1535 1275 1840 1337 Theologiam.
1915 1274 2018 1323 Haec
2054 1282 2125 1320 est
2162 1275 2364 1322 doctrina

226 1347 368 1392 sancti
405 1346 608 1397 Thomae,
647 1359 772 1392 mens
809 1345 965 1407 Papae,
1005 1353 1050 1391 et
1085 1346 1202 1392 bona
1238 1346 1428 1392 intentio
1466 1346 1769 1406 Inquisitoris.

1167 1441 1423 1492 QVARTA.
1847 1451 1850 1453 ·
2248 1427 2251 1430 ’
2387 1454 2424 1485 ι..

369 1543 574 1583 QVANDO
613 1544 695 1591 pro
734 1529 946 1576 tribunali
986 1530 1123 1581 sedet,
1163 1536 1269 1576 tunc
1306 1529 1438 1576 debet
1472 1530 1734 1591 protestari,
1773 1530 1895 1591 quod
1933 1528 2077 1576 solum
2106 1530 2237 1576 deum
2264 1537 2367 1576 ante

228 1600 383 1647 oculos
423 1602 605 1651 habeat,
645 1599 717 1646 Sic
756 1607 900 1646 tamen
938 1606 990 1646 ut
1027 1601 1188 1661 aliquis
1228 1603 1401 1661 spissus
1438 1601 1586 1661 paries
1625 1600 1693 1646 vel
1730 1614 1888 1647 murus
1914 1600 2091 1647 ferreus
2117 1602 2236 1646 inter
2262 1614 2368 1646 ocu-

225 1672 294 1718 los
332 1678 377 1717 et
400 1672 537 1717 Deum
576 1672 646 1723 sit,
686 1685 740 1716 ne
779 1671 1062 1717 offendantur
1098 1670 1217 1717 oculi
1254 1673 1374 1721 eius,
1415 1671 1536 1717 iuxta
1574 1671 1698 1722 illud,
1739 1670 1838 1727 ‘Qui
1876 1678 2104 1718 scrutator
2140 1678 2211 1717 est
2237 1671 2370 1715 maie·
2433 1672 2438 1678 '

135 1770 144 1773 »
227 1742 380 1794 statis,
426 1741 709 1803 opprimetur
746 1757 769 1787 a
807 1738 981 1801 gloria'‚
1028 1749 1079 1787 ut
1116 1743 1180 1787 sic
1218 1743 1364 1802 possit
1401 1743 1545 1788 anima
1583 1741 1738 1802 sponsi
1777 1741 1948 1794 dicere,
1996 1741 2106 1788 Ecce
2143 1743 2242 1803 ipse
2281 1748 2369 1789 stat

225 1819 330 1873 post
366 1814 595 1873 parietem.
669 1811 798 1858 Hunc
834 1820 982 1859 autem
1019 1814 1235 1873 parietem
1275 1811 1504 1873 intelligo,
1545 1812 1665 1873 quod
1704 1811 1764 1857 sit
1800 1812 1946 1873 aliqua
1985 1814 2058 1873 pia
2093 1812 2284 1858 intentio
2323 1813 2425 1858 inan

225 1883 357 1929 corde
394 1883 707 1945 Inquisitoris,
757 1897 857 1944 quae
905 1890 996 1934 est,
1045 1889 1096 1928 ut
1144 1885 1203 1928 sit
1240 1883 1468 1933 solicitus,
1515 1897 1599 1944 pro
1637 1883 1906 1930 confusione
1943 1881 2119 1929 Ordinis
2156 1883 2368 1932 tollenda,

224 1960 270 2001 et
305 1954 451 2014 gloria
488 1954 731 2006 exaltanda,
771 1961 815 1999 et
852 1968 942 2000 non
969 1954 1171 1999 intendat
1197 1953 1250 1999 ab
1277 1956 1391 1999 Actu
1418 1954 1649 2008 desistere,
1688 1954 1832 2000 donec
1856 1953 2097 2000 haereticus
2122 1953 2367 2000 confusibi-

223 2024 328 2070 liter
367 2026 425 2070 sit
462 2024 748 2075 combustus,
786 2032 838 2070 ut
876 2025 941 2071 sic
978 2024 1023 2069 in
1061 2024 1241 2070 domino
1281 2024 1469 2085 gloriari
1495 2026 1656 2086 possit,
1696 2024 1817 2086 quod
1843 2023 2078 2072 ecclesiam
2103 2024 2367 2070 defenderit.

1035 2120 1262 2177 vaTA
1291 2120 1550 2161 REGVLA.

365 2207 407 2254 (Ι
445 2222 529 2256 SIT
567 2209 720 2270 itaque
756 2215 955 2255 armatus
981 2215 1204 2254 armatura
1231 2208 1318 2260 dei,
1358 2208 1535 2254 invadat
1560 2208 1806 2255 diabolicos
1832 2210 2036 2256 homines
2062 2223 2163 2256 cum
2188 2208 2366 2255 Psalmo
2383 2210 2423 2242 2⁵

224 2281 376 2327 dicens
415 2280 675 2327 ‘Tabescere
712 2293 783 2325 me
822 2280 927 2326 fecit
964 2280 1087 2325 zelus
1124 2280 1276 2331 meus’‚
1315 2279 1368 2325 Et
1406 2279 1570 2325 iterum
1609 2279 1829 2326 ‘Perfecto
1867 2279 1971 2326 odio
2009 2279 2190 2327 oderam
2228 2276 2365 2326 illos'.

223 2351 276 2397 Et
312 2351 375 2396 nil
412 2358 620 2401 noceret,
661 2351 698 2396 si
735 2365 890 2397 vocem
928 2349 1183 2411 aliqualiter
1219 2357 1534 2412 exasperaret,
1575 2351 1694 2397 sicut
1730 2350 1881 2397 solent
1919 2351 2051 2397 invidi
2090 2351 2251 2401 facere,
2289 2359 2365 2396 aut

224 2421 381 2468 melius
419 2423 501 2482 pro
540 2422 734 2468 cavendo
773 2423 967 2483 speciem
1004 2422 1201 2472 invidiae,
1250 2429 1386 2482 caput
1433 2435 1534 2468 cum
1571 2421 1667 2468 risu
1703 2421 2003 2468 amariusculo
2053 2418 2191 2484 (velut
2236 2435 2367 2468 canes

223 2493 380 2539 dentes
417 2492 641 2553 nudando)
680 2484 947 2538 fiducialiter
984 2499 1206 2543 moveret,
1255 2500 1306 2538 ut
1355 2494 1419 2539 sic
1465 2491 1671 2539 diabolus
1719 2499 1990 2544 terreretur,
2041 2500 2086 2538 et
2122 2492 2363 2539 haereticus

223 2566 320 2624 ipse
357 2564 502 2624 primo
542 2570 729 2625 aspectu
774 2564 1002 2625 perditum
1049 2578 1150 2610 esse
1196 2577 1348 2609 secum
1395 2571 1590 2625 putaret.
1662 2563 1770 2610 Nam
1818 2570 2002 2624 oportet
2044 2563 2363 2624 Inquisitorem
2382 2568 2425 2601 30

224 2635 470 2680 secundum
505 2634 774 2695 Apostolum
821 2635 865 2680 in
914 2635 1034 2680 omni
1084 2635 1298 2695 patientia
1346 2641 1390 2680 et
1428 2635 1644 2681 modestia
1681 2635 1830 2681 omnia
1868 2633 2090 2696 experiri,
2144 2635 2182 2679 si
2221 2635 2368 2694 possit

224 2707 412 2751 animam
449 2705 613 2751 lucrari
649 2706 754 2751 Deo.
828 2706 939 2751 Post
976 2707 1062 2751 hoc
1099 2705 1289 2766 prolatis
1327 2706 1479 2766 digitis
1517 2705 1780 2751 denumeret
1818 2705 1904 2751 sihi
1939 2706 1995 2751 de
2039 2705 2184 2766 digito
2223 2707 2267 2750 in
2305 2705 2369 2749 di·

224 2776 367 2835 gitum
406 2776 622 2822 articulos
660 2790 776 2835 quos
812 2777 1053 2822 haereticus
1091 2778 1211 2821 iuxta
1248 2783 1442 2822 mentem
1478 2776 1610 2837 Papae
1647 2776 1780 2822 dehet
1817 2783 2079 2837 acceptare,
2119 2775 2252 2822 simul
2291 2774 2370 2821 ali-

225 2847 331 2906 quid
367 2847 568 2892 terribile
605 2847 818 2893 insonans
857 2847 909 2892 de
947 2848 1065 2906 igne,
1105 2856 1150 2892 et
1187 2848 1319 2898 dicat,
1358 2847 1527 2893 ‘Credis
1566 2848 1651 2893 hoc
1688 2847 1755 2892 vel
1792 2848 1912 2893 non?
1951 2849 1989 2893 si
2014 2847 2175 2898 credis,
2214 2846 2365 2892 omnia

228 2924 301 2962 tua
338 2917 591 2970 revocabis;
631 2920 669 2963 si
706 2931 825 2968 non,
866 2917 1175 2964 combureris'.
1247 2918 1303 2964 Et
1340 2919 1385 2963 in
1422 2918 1508 2964 fine
1547 2919 1707 2964 horum
1744 2917 1986 2964 verborum
2024 2918 2157 2963 debet
2195 2932 2247 2963 os
2274 2923 2421 2963 tor-35

226 3002 379 3047 quere,
418 2995 463 3033 et
499 2989 656 3035 faciem
694 2989 748 3034 ad
786 2990 1127 3034 circumstantes
1167 2995 1365 3040 vertere,
1404 2996 1450 3034 et
1485 2988 1601 3034 labia
1626 2990 1886 3050 porrigere,
1927 2995 1974 3035 et
1998 3002 2175 3035 manum
2201 2995 2368 3034 utram-

226 3073 311 3118 que
349 3061 516 3119 sparsis
554 3060 707 3119 digitis
744 3061 923 3106 iactare.
996 3059 1094 3105 Non
1132 3059 1423 3105 obliviscatur
1469 3061 1602 3105 etiam
1647 3073 1806 3105 nasum
1852 3073 2041 3119 rugare,
2091 3066 2137 3104 et
2185 3058 2367 3105 omnino

116 3137 304 3193 <A4h)se
340 3129 581 3189 disponere
619 3131 665 3175 in
703 3131 838 3180 facie,
889 3131 1005 3176 sicut
1043 3137 1165 3176 esset
1204 3130 1418 3176 terribilis
1455 3130 1593 3176 Larva
1630 3133 1672 3176 in
1713 3130 2042 3191 carnisprivio,
2094 3133 2140 3176 in
2163 3123 2185 3196 ss
2213 3130 2369 3175 confu-

230 3199 399 3244 sionem
436 3200 660 3250 haeretici‚
700 3208 751 3246 ut
788 3201 1130 3247 circumstantes
1168 3201 1315 3247 dicere
1353 3201 1533 3262 possint
1571 3201 1620 3246 ‘O
1659 3215 1790 3262 qnam
1828 3201 1942 3246 male
1979 3208 2070 3247 stat
2106 3202 2191 3246 iste
2228 3201 2368 3247 haere-

232 3269 371 3320 ticus,
411 3277 455 3314 et
492 3285 624 3329 quam
661 3271 908 3317 solenniter
946 3279 990 3317 et
1026 3272 1234 3332 legaliter
1271 3286 1319 3318 se
1356 3272 1534 3333 expedit
1569 3274 1656 3317 iste
1692 3268 1966 3332 Inquisitor’,
2007 3270 2053 3317 Si
2092 3277 2240 3317 autem
2278 3271 2426 3318 hae-4⁰

225 3340 395 3385 reticus
431 3341 626 3386 voluerit
662 3343 956 3402 respondere,
1006 3350 1051 3388 et
1096 3343 1292 3403 allegare
1341 3358 1511 3390 sacram
1559 3343 1831 3403 scripturam
1878 3342 1946 3389 vel
1985 3343 2222 3389 Doctorem
2269 3356 2368 3387 san-

227 3416 374 3461 ctum,
413 3425 497 3470 pro
539 3412 624 3457 hoc
662 3419 763 3458 tene
801 3414 916 3459 hanc
952 3413 1155 3474 regulam
1195 3414 1420 3465 subtilem,
1460 3414 1715 3460 immediate
1752 3421 2031 3474 sequentem.

1051 3509 1246 3550 SEXTA
1282 3509 1541 3551 REGVLA.

367 3590 409 3639 (Ι
448 3607 580 3642 'rVNc
617 3594 850 3640 dicendum
889 3604 957 3641 est
995 3596 1058 3646 ei,
1099 3612 1198 3643 cum
1236 3597 1320 3643 levi
1359 3598 1552 3658 quodam
1589 3598 1835 3649 cachinno,
1875 3598 1956 3642 ‘Ah
1983 3596 2143 3657 dilecte
2167 3595 2364 3646 Domine,

228 3679 318 3711 non
366 3666 438 3710 hic
483 3671 659 3725 tempus
707 3673 777 3711 est
823 3666 1026 3724 litigandi
1075 3674 1119 3711 et
1167 3668 1444 3727 disputandi,
1497 3669 1574 3714 sed
1625 3668 1891 3728 simpliciter
1936 3667 2258 3728 respondendi,
2306 3682 2359 3711 an
2380 3691 2420 3722 45,

227 3737 382 3783 credas
406 3738 451 3781 in
476 3742 671 3782 sanctam
697 3735 938 3782 Ecclesiam
963 3736 1246 3783 Catholicam.
1319 3738 1496 3796 Dimitte
1520 3739 1729 3785 doctores
1753 3739 1967 3803 doctores
1992 3751 2105 3788 esse,
2130 3735 2364 3783 ecclesiam

342 3859 375 3886 ¹8
405 3827 690 3901 Prorerbior.
713 3859 851 3898 XXV.
874 3859 940 3898 27.
1021 3858 1053 3883 ¹⁹
1086 3859 1261 3899 Cantic.
1285 3861 1342 3901 II.
1365 3860 1404 3902 9.
1481 3859 1514 3885 ²¹
1547 3861 1714 3901 Psalm.
1741 3860 1946 3903 CXVIII.
1971 3859 2065 3900 139.
2131 3858 2167 3885 ²²
2198 3860 2365 3903 Psalm.

229 3932 351 3974 XIII.
375 3931 444 3971 22.
533 3929 568 3956 ³²
598 3930 727 3972 Paul.
751 3930 811 3970 ad
830 3928 925 3969 Col.
948 3928 982 3969 Ι.
1010 3928 1074 3968 11.
