2456 4264
340 310 510 341 onA'rlo
533 312 765 342 FVNEBRIS
787 313 837 341 IN
859 311 1046 341 LAVDEM
1066 310 1259 341 IOANNIS
1281 311 1510 340 CERDONIS
1535 311 1571 339 S.
1595 310 1893 340 VADEMECVM.
1913 308 2013 338 E'rc.
2140 282 2263 342 457

112 445 354 492 Dicendum
390 452 462 492 est
496 444 717 498 breviter,
756 446 824 492 vel
863 447 1031 493 solutio
1069 453 1139 492 est
1179 446 1293 496 talis,
1334 446 1455 506 quod
1493 446 1811 507 Breviloquus,
1857 444 2078 496 Florista,
2116 443 2266 490 Bacla-

113 518 210 563 rius
245 531 300 563 ex
328 531 451 578 quo,
499 516 760 564 Catholicon
812 525 858 564 et
907 508 1110 580 Grecista
1161 524 1267 564 sunt
1313 518 1457 564 claves
1504 519 1702 563 omnium
1751 516 1996 568 librorum,
2047 518 2083 562 si
2130 516 2265 563 addes

113 588 521 639 Mammetrectum,
571 595 616 634 et
652 605 743 636 non
781 597 851 636 est
888 605 1003 652 opus
1041 591 1266 635 hominem
1316 603 1364 634 se
1411 590 1516 635 dare
1563 591 1712 650 pravis
1757 588 2019 640 autoribus,
2072 601 2266 649 quorum

111 658 215 705 libri
251 665 298 705 et
332 661 515 705 nomina
551 675 642 706 non
682 668 789 707 sunt
826 662 977 707 audita
1013 663 1059 707 in
1096 668 1252 707 nostra
1291 661 1402 706 alma
1441 662 1731 707 universitate
1769 661 1902 706 etiam
1930 659 2108 720 quando
2137 659 2267 720 plura

52 740 76 773 5
114 731 352 791 supposita
389 731 572 777 fuerunt
609 747 742 793 quam
780 747 900 779 nunc
937 739 1058 785 sunt,
1096 740 1141 778 et
1178 731 1466 778 famosissimi
1503 732 1606 782 viri,
1645 732 1850 792 Antiqui,
1889 731 2111 782 Moderni,
2150 731 2268 776 Tho·

111 801 259 862 miste,
296 802 602 863 Maulseltiste,
642 803 901 865 Albertiste,
940 803 1149 865 Scotiste,
1189 804 1470 864 Averroiste‚
1512 802 1749 863 Ockaniste
1788 809 1832 848 et
1867 802 2085 866 Egidiste.
2160 801 2270 848 dicit

110 871 380 920 Aristoteles
418 875 463 920 in
501 875 792 936 metaphisica
831 877 874 921 in
913 880 954 920 2.
995 882 1190 922 tractatu
1229 889 1266 920 c.
1305 880 1345 919 2.
1385 876 1428 919 in
1469 873 1638 924 medio,
1689 874 1810 935 quod
1850 876 1926 935 qui
1962 874 2154 919 libenter
2192 887 2268 919 au-

110 943 240 990 diunt
275 944 463 995 fabulas,
500 960 593 992 non
626 953 823 1007 possunt
858 947 924 992 ire
961 946 1007 991 in
1045 946 1348 1006 cognitionem
1388 946 1606 990 veritatis.
1681 951 1726 990 et
1763 947 1822 990 ita
1862 951 1932 991 est
1968 946 2013 990 in
2052 945 2116 990 rei
2154 945 2269 990 veri-

110 1021 228 1067 tate,
275 1017 382 1078 quia
418 1024 632 1078 expertus
669 1017 859 1079 loquor,
909 1018 1030 1078 quod
1077 1017 1221 1079 probo
1260 1030 1341 1078 per
1377 1017 1638 1062 historiam:
1686 1016 1791 1061 Fuit
1827 1031 1945 1062 unus
1973 1015 2039 1061 iu-
2089 1009 2093 1077 i
2123 1027 2269 1056 Historia.

58 1086 238 1133 invenis
276 1088 354 1149 qui
392 1090 525 1135 etiam
563 1089 774 1135 studebat
819 1095 978 1150 poetas
1016 1094 1062 1134 et
1099 1088 1322 1139 Ovidium,
1371 1087 1470 1148 ipse
1517 1087 1694 1134 devenit
1741 1087 1794 1134 ad
1842 1086 1973 1133 talem
2025 1087 2269 1133 stulticiam

108 1171 339 1218 magnam,
378 1165 431 1206 ut
465 1174 558 1207 non
597 1160 732 1206 vellet
767 1160 974 1211 credere,
1023 1160 1144 1221 quod
1181 1159 1363 1205 nomina
1401 1158 1585 1219 propria
1621 1165 1827 1204 carerent
1864 1158 2027 1220 plurali
2066 1172 2269 1209 numero,

109 1234 155 1282 et
191 1231 230 1275 si
266 1232 364 1292 ipse
400 1233 463 1277 ita
499 1231 705 1293 pertinax
742 1231 906 1278 fuisset
942 1231 988 1276 in
1026 1244 1182 1277 errore
1220 1229 1512 1291 theologicali
1538 1231 1655 1276 sicut
1682 1231 1726 1275 in
1754 1243 1908 1276 errore
1934 1228 2270 1290 grammaticali,

111 1306 218 1348 tunc
254 1301 361 1363 ipse>
388 1301 555 1350 fuisset
591 1302 666 1349 diu
692 1302 973 1350 combustus.
1036 1302 1119 1348 Sed
1147 1302 1420 1363 supersedeo
1448 1307 1494 1348 et
1519 1301 1668 1347 refero
1696 1315 1766 1346 me
1792 1301 1846 1347 ad
1872 1306 2113 1347 tractatum
2140 1315 2271 1361 quem

39 1407 41 1409 μ
109 1373 274 1434 scripsi
309 1380 469 1420 contra
504 1381 663 1435 poetas
690 1380 736 1421 et
760 1374 935 1420 fabulas
963 1379 1010 1420 et
1035 1374 1186 1420 sucum
1213 1373 1453 1419 verborum
1481 1379 1526 1418 et
1550 1374 1739 1418 maxime
1766 1373 1820 1418 ad
1844 1379 2018 1434 partem
2046 1373 2142 1417 eius
2168 1386 2273 1432 pro·

52 1448 95 1483 15
110 1443 359 1509 hemialem.
431 1445 580 1492 Redeo
618 1447 702 1492 iam
741 1445 796 1491 ad
820 1446 1054 1491 Dominum
1092 1445 1303 1491 Ioannem
1342 1444 1579 1491 Cerdonis:
1619 1445 1720 1503 suit,
1762 1444 1880 1491 sicut
1917 1444 2019 1495 dixi,
2057 1457 2167 1490 voce
2204 1450 2274 1489 tu·

107 1514 199 1561 hali
245 1522 291 1562 et
325 1529 516 1576 maguus
554 1518 599 1562 in
636 1531 854 1578 corpore,
895 1523 939 1562 et
977 1517 1075 1563 ideo
1114 1516 1380 1562 audiebatur
1418 1529 1558 1577 super
1594 1516 1722 1567 alios,
1762 1522 1807 1562 et
1843 1531 1935 1563 non
1974 1517 2063 1562 cito
2101 1515 2156 1560 dc
2194 1529 2272 1560 sua

108 1587 325 1648 opinione
349 1586 524 1634 abivit
511 1602 557 1634 m
582 1589 990 1649 argumentatione,
1018 1589 1122 1650 quia
1147 1588 1306 1634 habuit
1331 1587 1668 1649 experientiam,
1694 1587 1795 1634 ideo
1823 1587 2029 1649 oportuit
2057 1585 2140 1632 sibi
2162 1586 2274 1632 alios

106 1659 339 1706 assentire.
412 1658 468 1705 Et
502 1665 679 1706 tantum
717 1660 771 1706 de
807 1659 1014 1721 partibus
1050 1660 1238 1706 duabuS.
1312 1659 1438 1706 Nunc
1464 1665 1703 1721 antequam
1742 1659 1885 1706 dicam
1924 1660 1979 1705 de
2016 1659 2196 1710 Tertio,
2238 1657 2274 1703 si

109 1731 212 1791 quis
247 1729 347 1777 vult
383 1731 566 1783 tussire,
604 1737 773 1792 potest.
847 1731 1014 1778 Ultimo
1053 1732 1203 1777 dicere
1229 1730 1331 1777 volo
1359 1731 1413 1778 de
1441 1732 1731 1778 Testamento
1758 1746 1861 1777 nar·
1903 1727 1907 1791 1
1936 1725 2041 1790 Τῃξῖῃξζ
2039 1731 2132 1789 ,ῃξῖῃῗέ
2135 1724 2202 1789 ⁸32ss
2205 1724 2275 1787 ΞΘ·

48 1801 198 1848 zorati
235 1801 461 1864 quondam
498 1809 544 1848 et
580 1802 689 1850 dicti
725 1803 924 1850 doctoris
962 1803 1036 1864 pie
1075 1802 1291 1864 memorie
1327 1803 1506 1850 Ioannis
1543 1803 1773 1853 Cerdonis,
1814 1804 1890 1863 qui
1927 1802 2085 1848 habuit
2121 1801 2275 1862 plures

105 1871 250 1920 libros
276 1888 393 1935 quos
429 1873 598 1934 legavit
621 1874 864 1935 Religiosis
902 1874 1110 1936 patribus
1149 1864 1528 1936 predicatoribus,
1566 1875 1650 1921 hos
1692 1874 1864 1921 scilicet
1902 1873 2045 1920 libros
2084 1885 2274 1933 sequen-

108 1950 200 1991 tes:
245 1944 652 1998 Mammetrectum,
689 1945 1037 1993 Vocabularium
1075 1961 1226 1993 rerum
1265 1953 1309 1992 et
1345 1947 1406 1992 Ex
1446 1961 1551 2007 quo,
1591 1945 1880 1997 Catholicon‚
1930 1943 2274 1991 Vocabularium

107 2015 186 2063 ubi
222 2017 536 2064 theutonicum
573 2019 703 2064 stetit
740 2024 842 2064 ante
889 2017 1100 2069 latinum,
1148 2017 1488 2079 Breviloquum,
1540 2016 1884 2064 Vocabularium
1921 2016 2275 2078 predicatorum,

108 2087 267 2134 Partes
303 2088 499 2151 Thome,
547 2087 750 2151 Clipeum
789 2089 1152 2140 Thomistarum,
1199 2088 1434 2136 Postillam
1485 2103 1623 2150 super
1669 2088 1900 2149 evangelia
1950 2094 1996 2134 et
2041 2086 2272 2148 epistolas,

5 2153 7 2159 ’
53 2158 357 2207 ”Sermones
393 2159 605 2222 discipuli
643 2167 689 2207 et
713 2161 832 2208 Vade
856 2175 1044 2212 mecum,
1083 2161 1343 2222 Composita
1380 2161 1634 2211 verborum,
1674 2167 1720 2206 et
1756 2160 1802 2206 in
1830 2159 2035 2206 Oratoria
2061 2158 2273 2204 Catonem

108 2236 155 2278 et
179 2230 385 2279 Ovidium
421 2231 477 2279 de
513 2232 713 2280 remedio
752 2234 944 2284 amoris,
984 2240 1029 2278 et
1063 2231 1307 2279 Iohannem
1347 2232 1400 2279 de
1428 2232 1712 2283 Garlandria‚
1753 2231 1798 2277 in
1837 2245 2029 2293 quorum
2055 2229 2274 2276 librorum

108 2301 332 2365 principio
370 2318 452 2351 sua
486 2318 622 2351 manu
660 2304 878 2367 scriptum
917 2311 989 2351 est
1014 2303 1161 2350 ‘Liber
1197 2303 1364 2350 domini
1404 2303 1608 2350 doctoris
1633 2303 1843 2350 Iohannis
1870 2297 2115 2349 Cerdonis’.
2190 2300 2274 2346 Sed

107 2373 328 2422 fratribus
364 2375 618 2423 minorihus
655 2376 739 2423 hos
776 2376 941 2423 libros:
981 2375 1163 2422 Scotum
1202 2390 1340 2437 supra
1378 2381 1573 2422 veterem
1611 2381 1768 2427 artem,
1805 2373 2095 2420 Definitiones
2134 2372 2275 2423 Scoti‚

106 2444 344 2494 Albertum
381 2447 436 2494 de
473 2449 663 2495 secretis
688 2447 944 2499 mulierum,
984 2449 1170 2494 Textum
1198 2447 1337 2509 hiblie
1362 2447 1656 2499 rubricatum,
1694 2447 1875 2493 Petrum
1902 2446 2147 2507 Hispanum
2175 2458 2274 2490 cum

49 2519 566 2567 ³⁰eommentationihus
605 2526 650 2566 et
687 2519 984 2566 divisionibus
1033 2526 1079 2566 et
1125 2519 1379 2566 rationibus
1427 2525 1474 2565 et
1521 2532 1653 2580 quem
1704 2518 1810 2565 fecit
1858 2532 1940 2579 per
1988 2516 2156 2577 figuras
2196 2530 2275 2561 sua

108 2591 296 2652 propria
331 2604 494 2644 manu,
532 2591 759 2638 Summam
799 2590 1128 2652 theologicam;
1168 2591 1214 2636 ln
1254 2592 1432 2651 poetica
1469 2604 1576 2636 vero
1615 2588 1811 2636 Tullium
1850 2589 1891 2634 in
1931 2588 2191 2650 paradoxis,
2232 2586 2276 2631 in

109 2661 165 2707 de
201 2660 469 2716 Senectute,
516 2669 563 2709 et
600 2663 795 2710 Marcum
841 2663 897 2709 de
935 2662 1173 2716 Cicerone,
1222 2662 1455 2722 Virgilium
1496 2664 1541 2708 in
1578 2661 1826 2708 Buccolicis
1865 2675 1965 2708 cum
2005 2665 2275 2708 commento,

110 2732 370 2781 Terentium
418 2740 466 2781 et
511 2734 597 2782 alia
646 2735 777 2796 plura
825 2749 960 2796 parva
1009 2735 1226 2786 carmina,
1286 2734 1344 2780 De
1393 2733 1597 2780 moribus
1653 2740 1699 2780 et
1754 2732 1926 2778 facetiis
1980 2745 2134 2778 mense
2178 2737 2273 2825 etc

112 2803 270 2852 Vestes
305 2811 456 2853 autem
494 2806 593 2853 eius
631 2813 760 2853 erant
796 2806 990 2853 lacerate
1030 2812 1076 2852 et
1116 2821 1140 2853 a
1178 2814 1306 2868 parte
1345 2811 1448 2852 ante
1487 2805 1611 2852 valde
1650 2806 1866 2866 pingues,
1908 2818 2019 2865 quas
2072 2796 2165 2869 1⁰⁰„OE
2260 2810 2275 2815 “

52 2874 254 2922 3{fidedit
270 2877 367 2923 suis
403 2877 560 2925 amicis
599 2879 676 2940 qui
716 2891 940 2940 pauperes
988 2885 1118 2923 sunt:
1169 2877 1326 2924 habuit
1377 2877 1494 2923 euim
1545 2890 1790 2938 pauperem
1837 2875 2036 2926 fratrem,
2091 2869 2094 2937 Ι
2131 2886 2235 2914 iii-tor

0 2951 17 2982 ;‘
110 2947 217 2994 huic
251 2947 374 2995 dedit
410 2951 645 3012 antiquum
684 2948 911 3010 pellicium
950 2949 1004 2995 dc
1045 2948 1288 3010 Vulpilms,
1329 2948 1406 3010 qui
1447 2948 1638 2995 credidit
1677 2961 1777 2994 esse
1815 2947 1869 2993 dc
1907 2946 2031 3007 lupo,
2072 2947 2131 2992 ita
2171 2945 2276 2990 sim-

0 2986 5 3052 ἱ
115 3018 219 3080 plex
243 3018 345 3071 fuit,
382 3028 430 3067 et
466 3020 542 3067 ille
579 3020 753 3082 probus
793 3021 934 3067 frater
971 3022 1106 3067 vertit
1145 3020 1380 3082 pelliceum
1422 3026 1468 3067 ct
1505 3020 1702 3082 portavit
1741 3021 1858 3065 sicut
1896 3016 2100 3079 lupinum
2139 3022 2275 3066 esset,

110 3104 245 3152 quem
282 3091 489 3139 homines
526 3092 730 3139 videntes
774 3092 1032 3139 deriserunt
1080 3093 1124 3137 in
1172 3091 1351 3153 platciS.
1426 3091 1640 3137 Cantaros
1688 3098 1733 3136 et
1772 3089 1982 3137 scutellas
2019 3088 2194 3150 ligneas
2232 3093 2278 3134 ct

0 3219 9 3225 ..
111 3160 262 3209 discos
309 3168 357 3209 et
402 3161 490 3210 alia
537 3178 618 3210 sua
664 3162 878 3211 utensilia
927 3170 1201 3224 receperunt
1238 3176 1460 3224 pauperes
1498 3162 1642 3209 amici.
1718 3161 1882 3229 Ultimo
1921 3175 2016 3207 mo-
2066 3153 2277 3220 leonciusio.

0 3231 9 3279 ἲ
56 3232 236 3280 ⁴⁰ricns
273 3233 384 3280 dixit
430 3234 620 3282 ‘Utinam
670 3236 800 3281 lieret
846 3235 1106 3282 distributio
1153 3234 1377 3281 bonorum
1426 3247 1628 3280 meorum
1680 3239 1729 3280 ut
1787 3233 1959 3295 optavi,
2013 3236 2066 3278 ut
2114 3245 2277 3278 nomen

224 3441 239 3470 ¹
263 3437 499 3498 Breviloq.
532 3443 747 3486 Florista.
794 3443 865 3485 cf.
890 3445 1002 3499 Epp.
1028 3444 1083 3485 O.
1107 3444 1162 3487 V.
1281 3440 1328 3469 ¹·²
1366 3441 1627 3498 Baclarius]
1665 3445 1843 3497 ponitur
1881 3443 1920 3485 h.
1953 3444 1980 3484 l.
2012 3455 2092 3495 pro
2124 3443 2274 3484 Voca-

111 3513 330 3557 balat-ius.
354 3513 426 3556 Cf.
451 3516 565 3570 Epp.
590 3515 644 3558 Ο.
667 3517 722 3557 V.
745 3515 781 3556 1.
807 3514 845 3558 1.
865 3529 909 3569 p.
934 3514 974 3555 3.
998 3513 1122 3557 v.21.
1149 3518 1196 3556 et
1217 3513 1342 3555 infra
1362 3513 1456 3555 hui.
1490 3514 1732 3568 pag.v.22.
1799 3512 1817 3539 ²
1840 3511 2041 3567 cathol]
2065 3513 2136 3554 Cf.
2160 3515 2275 3567 Epp.

113 3585 171 3630 Ο.
191 3585 246 3628 V.
266 3584 300 3628 l.
323 3599 363 3628 c.
469 3582 703 3640 Grecista]
737 3585 906 3629 Eberh.
938 3585 1278 3626 Bethuniensis.
1386 3584 1403 3611 ³
1432 3584 1706 3640 Mammetr.]
1741 3586 1807 3639 Cf.
1839 3591 1922 3627 art.
1945 3585 2275 3625 Mammotrect.

112 3655 131 3683 ⁶
166 3654 428 3711 hfinflinsse
458 3660 499 3701 1.
548 3657 814 3711 Usingistae.
855 3656 1013 3699 Barth.
1045 3655 1234 3697 Arnoldi
1283 3660 1553 3701 sectatores,
1679 3656 1697 3683 ⁷
1733 3655 1873 3699 Arist.
1913 3656 2112 3710 metaph.
2145 3656 2203 3696 II.
2236 3655 2274 3696 4.

114 3726 176 3783 (p.
201 3726 324 3771 1000.
347 3727 517 3782 Bekk.)
547 3725 657 3781 περὶ
687 3721 775 3782 μὲν
805 3725 897 3770 τῶν
925 3725 1143 3781 μυθικῶς
1173 3723 1496 3782 σοφιζομένων
1526 3721 1611 3771 οὐκ
1642 3718 1780 3781 ἄξιον
1800 3724 1918 3782 μετὰ
1939 3726 2150 3781 σπουδῆς
2172 3737 2274 3767 σκο-

68 3786 83 3794 ’
113 3802 237 3842 κεῖν.
300 3797 328 3825 ¹¹
365 3798 435 3841 cf.
461 3799 545 3853 Ep.
568 3798 622 3838 ο.
646 3798 700 3838 v.
723 3798 780 3841 11.
803 3799 870 3840 47.
895 3800 924 3840 i.
950 3799 981 3843 f.
1041 3796 1078 3825 ²⁴
1110 3798 1228 3854 cup.
1250 3798 1486 3854 Thomist]
1519 3802 1576 3854 ef.
1598 3802 1637 3842 h.
1660 3815 1701 3842 a.
1779 3801 1948 3854 ennoias
1978 3802 2018 3840 1.
2087 3796 2123 3822 ³²
2155 3798 2273 3837 Mar-

115 3867 234 3924 cum]
265 3869 339 3924 ‹ffl-
363 3873 403 3912 1.
492 3869 528 3896 ³³
560 3870 766 3911 earmina
856 3868 1032 3925 mense]
1066 3868 1177 3915 carici
1205 3871 1263 3924 we
1292 3870 1440 3915 muzibv
1469 3878 1508 3916 et
1538 3869 1704 3925 fatetijz
1734 3870 1780 3915 ἰη
1809 3871 1899 3916 ense
1931 3882 1981 3914 κ.
2004 3872 2043 3911 1.
2082 3869 2152 3909 Ι)ο
2183 3867 2272 3907 Fa-

36 3970 53 3984 .
116 3939 323 3994 gifaceto
355 3939 513 3995 (Hain.
546 3954 589 3986 n.
610 3939 736 3986 6899.
759 3941 846 3996 sq.)
878 3942 938 3983 cf.
962 3942 1077 3997 Epp.
1102 3942 1156 3983 Ο.
1179 3942 1234 3985 V.
1258 3943 1318 3984 ΙΙ.
1341 3940 1411 3986 68.
1432 3956 1475 3998 p.
1498 3940 1596 3984 296.
1619 3956 1660 3985 v.
1683 3949 1739 3985 32.

26 3745 37 3931 „,t,.—.‚
22 3483 31 3693 -v-qu—a--r
21 3396 26 3450 -0-
