2456 4264
2120 279 2240 340 317

40 686 105 746 z.

36 783 194 848 Q⁸Pro
247 797 399 834 nunc
451 786 720 834 volumus
767 790 824 835 in
872 788 991 836 l‘inc
1037 791 1392 837 certificare
1443 791 1758 838 studiosos
1806 792 1869 838 de
1916 802 2242 841 commento

41 844 188 939 {aaa
246 868 479 917 lectura
540 872 780 919 multum
835 874 1000 921 valde
1055 874 1293 927 subtili,
1355 877 1469 922 viri
1527 876 1829 923 cuiusdam
1886 878 2241 939 spectabilis

35 961 107 1014 ''j—³
241 957 512 1017 magistri
558 959 754 1004 nostri
793 958 1080 1006 Schluntz
1128 960 1181 1006 in
1229 960 1631 1008 universitate
1668 960 2085 1015 Erdlurdensi‚

44 1046 106 1111 μ
165 1060 169 1077 ··
422 1056 591 1105 quam
638 1042 988 1106 compilavit
1035 1058 1213 1107 super
1266 1045 1371 1093 hoc
1401 1047 1705 1107 egregium
1744 1061 1904 1108 opus.

35 1204 93 1265 «ᾖ
218 1193 440 1247 Musiris
474 1195 716 1260 significat
750 1196 946 1256 nobiliS,
985 1197 1230 1262 gloriosus
1267 1204 1316 1249 et
1340 1214 1628 1264 generosus,
1669 1206 1718 1250 et
1741 1198 1918 1250 dicitur
1944 1201 2082 1266 quasi
2107 1202 2285 1262 ιιιῑιιβς
2299 1223 2330 1260 1

38 1276 284 1347 fuas
302 1278 483 1331 lucem.
1847 1335 1850 1339 ,

38 1412 124 1438 a..
218 1365 439 1418 Ραηιίιὶα
471 1368 677 1433 proprie
714 1367 893 1419 dicitur
927 1367 1008 1419 illa
1058 1368 1203 1420 turba
1252 1369 1533 1427 hominum,
1587 1385 1695 1436 quae
1742 1377 1815 1419 est
1861 1372 1910 1420 in
1960 1371 2106 1421 domo
2155 1371 2239 1422 ali·
2257 1394 2330 1435 §.2-

41 1451 253 1510 ²,ffl
270 1450 415 1502 βίαιῑ
449 1452 577 1503 servi
614 1458 666 1503 et
699 1452 916 1505 ancillae.
966 1460 1015 1506 et
1050 1457 1180 1506 venit
1217 1471 1243 1506 a
1283 1458 1482 1507 nomine
1520 1457 1707 1513 femur,
1761 1457 1887 1506 sicut
1922 1458 2065 1523 ponit
2102 1472 2239 1507 voca-

54 1532 301 1599 bular‘ms
336 1537 540 1589 Gemma
578 1552 902 1604 gemmarum.

34 1633 91 1697 ἡ
222 1623 468 1674 Almus
502 1623 682 1675 dicitur
718 1641 745 1675 a
783 1625 935 1676 verbo
973 1625 1199 1685 alumno
1238 1643 1316 1685 aS,
1357 1643 1468 1685 are,
1508 1627 1643 1693 quod
1681 1628 1920 1693 significat
1956 1642 2159 1694 pascere
2197 1637 2289 1691 εἰς
2302 1651 2332 1687 3.

80 1707 297 1767 Mure,
343 1715 394 1760 et
437 1708 555 1760 hinc
602 1712 735 1761 venit
771 1710 1025 1768 alumnus,
1076 1712 1207 1778 quod
1247 1713 1487 1778 significat
1525 1730 1638 1765 eum
1678 1715 1762 1780 qui
1799 1712 1884 1764 alit
1922 1719 1971 1763 et
2007 1729 2118 1764 eum
2159 1715 2243 1780 qui

51 1789 251 1853 tl’tur,
287 1793 339 1845 id
375 1802 451 1847 est
484 1796 676 1861 passive
714 1802 762 1846 et
798 1798 969 1847 active.
1048 1797 1108 1847 Et
1144 1812 1405 1862 possumus
1443 1801 1588 1849 etiam
1629 1799 1796 1850 dicere
1835 1802 2156 1856 alumniam-«2,
2197 1799 2242 1849 id

75 1883 160 1955 ,β
191 1877 446 1932 damnum
483 1880 666 1932 facere.

220 1964 517 2028 Erdsnrdia
554 1973 630 2017 est
677 1981 775 2017 una
821 1966 1040 2018 solennis
1088 1968 1256 2019 civitas
1303 1970 1349 2019 in
1388 1968 1685 2035 Thuringia,
1734 1976 1783 2020 et
1819 1969 1968 2020 habet
2005 1970 2334 2031 universi-2⁸.

33 2053 259 2127 W,
304 2066 416 2118 quae
460 2067 574 2104 meo
619 2058 844 2118 tempore
890 2052 982 2103 suit
1027 2054 1079 2103 in
1125 2053 1264 2106 flore.
1339 2054 1399 2105 Et
1450 2055 1649 2106 luerunt
1684 2053 1834 2106 multa
1872 2057 2121 2122 supposita
2159 2054 2241 2113 ibi,

82 2140 135 2188 d
167 2136 312 2188 etiam
349 2136 608 2189 nobilistae.
685 2144 735 2188 et
770 2139 990 2203 magistri
1028 2141 1111 2204 qui
1151 2140 1351 2190 suerunt
1388 2148 1617 2205 regentes
1655 2142 1702 2190 in
1741 2139 1931 2197 bursis,
1981 2156 2080 2190 non
2128 2156 2241 2206 per·

80 2220 324 2274 *erunt
358 2221 527 2287 legere
563 2225 611 2274 in
650 2224 788 2289 poesi
828 2230 876 2274 et
923 2223 1028 2274 aliis
1074 2225 1317 2281 fantasiis:
1368 2224 1453 2275 sed
1501 2226 1703 2275 suerunt
1747 2224 2003 2291 diligentes
2050 2227 2096 2275 in
2137 2227 2241 2275 Ari-

81 2305 274 2370 stotele,
312 2313 363 2359 et
397 2309 599 2360 fuerunt
635 2309 861 2360 moderni
900 2317 949 2360 et
986 2308 1160 2367 reales,
1201 2317 1249 2359 et
1285 2311 1538 2361 sciverunt
1577 2310 1769 2361 fortiter
1794 2310 2044 2376 disputare
2070 2317 2240 2361 contra

82 2391 313 2459 antiquos
347 2399 398 2445 et
430 2393 720 2446 nominales.

35 2494 83 2535 ι
222 2478 430 2532 Basilea
466 2480 648 2532 dicitur
684 2496 712 2532 a
749 2479 995 2538 basilisco,
1035 2482 1146 2547 quia
1186 2479 1299 2531 olim
1339 2480 1406 2531 ibi
1445 2482 1535 2532 suit
1572 2482 1796 2531 inventus
1831 2480 2102 2533 basiliscus.
2168 2481 2238 2532 vel
2255 2497 2331 2538 §.⁵-

81 2562 300 2616 :mle
334 2565 549 2633 quodam
587 2581 721 2631 rege,
761 2567 845 2632 qui
887 2568 1131 2631 percussit
1168 2566 1236 2616 ibi
1276 2582 1429 2616 unuin
1468 2569 1739 2631 gigantem.
1781 2569 1843 2617 ita
1884 2566 2015 2634 quod
2053 2569 2241 2632 rogavit

82 2663 198 2701 m
233 2658 442 2718 propter
477 2651 650 2708 deum,
689 2651 819 2717 quod
859 2650 1001 2702 vellet
1039 2667 1257 2710 cessare,
1299 2659 1347 2701 et
1384 2658 1501 2701 tunc
1539 2650 1618 2702 ille
1655 2667 1742 2702 rex
1782 2652 2034 2703 aedificavit
2071 2650 2135 2702 ibi
2175 2652 2242 2702 ci-

83 2734 300 2788 vitatem.
358 2742 409 2787 et
454 2735 624 2788 dicunt
671 2736 801 2802 quod
855 2735 934 2786 ille
972 2737 1109 2802 gigas
1147 2736 1308 2787 adhuc
1347 2744 1422 2787 est
1459 2738 1619 2803 pictus
1658 2736 1859 2790 Basileae
1897 2738 1944 2788 in
1984 2753 2079 2788 una
2120 2738 2242 2787 turri

84 2817 147 2872 ad
182 2827 475 2888 perpetuam
512 2822 819 2873 memoriam.

30 2925 77 2959 a
225 2907 326 2958 Ars
361 2906 540 2958 dicitur
577 2923 603 2957 a
641 2921 803 2973 graeco
841 2913 989 2963 artos,
1029 2906 1076 2958 id
1115 2914 1188 2957 est
1226 2908 1379 2973 panis,
1419 2908 1531 2974 quia
1570 2923 1742 2958 omnes
1779 2909 1861 2974 qui
1898 2909 2060 2959 sciunt
2086 2914 2240 2959 artem
2257 2925 2331 2967 §.⁰-

85 2987 324 3061 aliquam,
373 2998 581 3059 possunt
625 2992 883 3058 acquirere
922 3007 1098 3058 panem
1138 3000 1185 3043 et
1223 2993 1398 3043 victum
1448 3000 1496 3042 et
1532 2995 1778 3044 amictum.
1856 2992 1928 3043 vel
1967 2993 2145 3044 dicitur
2181 2993 2243 3044 ab

84 3090 230 3135 ww,
278 3078 392 3144 quia
440 3078 567 3128 sicut
612 3078 661 3127 in
710 3093 828 3128 arcu
879 3093 1141 3144 possumus
1192 3075 1449 3127 vulnerare
1487 3093 1668 3144 corpus
1707 3076 1939 3137 alicuius,
1990 3079 2059 3128 sic
2097 3079 2241 3128 ctiam

84 3174 177 3227 pa·
210 3168 367 3213 artem
406 3163 710 3228 percutimus
748 3168 960 3213 mentem
999 3161 1207 3213 alicuius
1245 3162 1621 3228 paralogisando
1671 3178 1809 3218 eum.
1860 3164 2107 3230 praecipue
2155 3178 2244 3230 per

85 3242 292 3314 mum.
365 3245 440 3297 vel
479 3246 658 3297 dicitur
704 3246 766 3298 ab
813 3262 927 3306 arx,
978 3249 1088 3315 quia
1135 3248 1261 3298 sicut
1308 3262 1394 3298 arx
1434 3254 1506 3297 est
1554 3249 1603 3298 in
1652 3246 1929 3308 altitudine,
1978 3251 2051 3299 sic
2099 3250 2242 3300 ctiam

34 3343 175 3387 :sm
209 3339 281 3384 est
318 3347 470 3399 super
515 3333 857 3398 ignorantiam.
933 3332 1011 3384 vel
1057 3333 1237 3383 dicitnr
1282 3332 1344 3383 al»
1392 3339 1552 3390 artus,
1602 3333 1648 3383 id
1698 3340 1772 3385 est
1818 3333 2080 3393 articulus,
2129 3337 2243 3401 quia

86 3414 215 3478 ᾴαιῑ
251 3432 434 3485 corpus
471 3424 694 3468 movetur
733 3418 1097 3484 particulariter
1134 3419 1183 3468 in
1223 3418 1324 3468 suis
1361 3417 1596 3474 articulis.
1635 3420 1704 3469 sic
1743 3420 1888 3471 etiam
1926 3421 2117 3471 animus
2155 3420 2242 3470 lio-

87 3501 235 3555 ninia
271 3517 361 3569 per
398 3510 532 3553 artes
569 3510 793 3554 movetur
830 3504 879 3553 in
918 3505 1022 3553 suis
1059 3501 1471 3554 sensualitatibus.

207 3728 221 3758 ⁸
257 3730 633 3785 Antiquissimum
655 3730 806 3786 ,huius
844 3730 1187 3773 Schlnntzianae
1227 3730 1568 3786 compilationis
1608 3732 1865 3788 exemplum
1906 3736 2016 3788 puto
2055 3731 2098 3773 id
2140 3743 2240 3772 eane

91 3801 206 3855 quod
235 3803 469 3857 dialogum
500 3802 782 3856 praemiasnm
812 3803 1020 3857 sequitur
1049 3803 1096 3844 in
1126 3814 1313 3858 perraro
1343 3803 1476 3858 primi
1508 3802 1751 3846 voluminis
1781 3803 2086 3859 Epistol-rum
2110 3804 2162 3843 0.
2188 3802 2237 3842 V.

93 3872 364 3927 exemplari,
395 3887 439 3928 p.
461 3872 709 3923 213...215.‚
740 3873 856 3927 quod
887 3873 1048 3917 Indica
1079 3873 1293 3929 bibliogr.
1316 3874 1428 3929 Epp.
1450 3875 1505 3916 Ο.
1528 3874 1581 3917 V.
1614 3886 1799 3916 numero
1830 3879 1869 3915 0.
1902 3873 2238 3926 descripsimus.

91 3936 111 3967 ⁹
139 3941 389 3994 „Familia
418 3946 486 3986 ein
516 3946 610 3996 ltus:
638 3945 826 3998 aefinde.
860 3945 920 3986 Εἰ,
949 3944 1118 3989 dicitur
1148 3960 1176 3987 a
1207 3946 1395 3986 semur”.
1430 3946 1596 3986 Gemma
1622 3958 1883 3998 gemm-usn.
