2456 4264
247 280 282 320 X
718 283 857 311 INDEX
880 281 1029 309 EORVM
1054 281 1153 315 QVAE
1177 279 1263 307 Hoc
1286 277 1522 307 VOLVMINE
1545 274 1883 304 CONTINENTVR.

2279 398 2365 441 Pag.

383 474 570 521 remedia
608 471 817 517 adhibere
855 470 1023 516 suadet.
1062 466 1311 528 exemplum
1336 468 1432 526 ipsc
1460 478 1558 510 sese
1585 462 1772 524 praebet,
1811 462 1889 521 qui
1914 460 2021 506 olim
2050 462 2157 508 ami-

382 560 475 592 cam
511 542 783 602 Margarctha
821 539 1121 600 pulchriorem
1161 552 1207 583 se
1243 536 1499 583 deseruisse
1536 541 1579 579 et
1627 545 1810 578 uxorem
1858 531 2019 578 saetam
2067 547 2158 578 non

382 616 463 661 nisi
503 612 636 659 semel
675 610 956 660 submisisse.
996 609 1166 654 ebrium
1194 607 1395 666 quidem,
1437 605 1605 650 scribit.
1666 603 1830 647 Iterum
1855 601 2159 662 piacularibus

382 687 557 730 ieiuniis
595 680 1016 743 precationibusquc
1053 678 1290 738 praeceptis
1328 676 1579 736 exemplum
1606 673 1710 719 olim
1737 674 1781 717 in
1807 671 2078 719 lectionibus
2104 673 2158 719 de

381 755 516 800 Ovidii
554 759 648 798 arte
686 750 857 796 amandi
896 749 1121 810 prolatum
1159 752 1378 793 memorat
1424 745 1476 791 de
1514 744 1749 791 Catharina
1783 742 1975 789 Pistoris
2021 757 2157 804 pomo

381 823 706 884 nigromantico
745 823 828 866 icta
866 836 889 866 a
927 817 1216 865 baccalaureo
1243 816 1472 877 Lipsensi,
1511 828 1644 876 quem
1679 812 1857 874 perdite
1893 826 2041 859 amare
2069 828 2158 860 coe-

380 899 466 956 pit,
515 894 574 940 ita
624 899 673 939 ut
719 891 785 936 vel
823 890 1064 950 magistros
1103 886 1442 934 ‘baccalaureos’
1480 885 1750 946 appellaret,
1798 897 1946 944 neque
1982 897 2161 930 carcere

379 965 609 1025 inediaque
647 963 791 1008 sanari
816 960 1038 1022 potuerit,
1079 959 1155 1004 sed
1181 958 1234 1004 ad
1259 964 1501 1003 amatorem
1527 955 1771 1016 parochum
1809 954 1975 1000 factum
2002 954 2161 1000 confu-

379 1038 465 1095 git.
504 1049 555 1079 ex
583 1048 671 1093 quo
710 1039 923 1092 quattuor
959 1044 1126 1091 pueros
1165 1029 1339 1090 peperit
1369 1052 1428 1060 —
1458 1026 1577 1086 quod
1615 1032 1683 1070 est
1721 1025 1976 1071 scandalum
2016 1025 2063 1069 in
2089 1039 2161 1071 ec-

378 1105 525 1151 clesia.
587 1105 791 1149 Ceterum
838 1100 997 1162 probat
1035 1100 1244 1146 Ortvinus
1283 1098 1653 1144 medicamentum
1691 1095 1802 1156 Gyni
1841 1095 1963 1157 quod
2000 1094 2162 1142 doctor

378 1174 610 1221 Brunellus
647 1173 810 1219 docuit.

242 1263 320 1310 35.
360 1257 482 1321 Lyra
521 1252 1108 1304 Buntschuchmacheflus
1145 1249 1408 1300 Guillermo
1435 1248 1719 1298 Hackineto.
1876 1246 2156 1311 (Parisiis?)
2190 1309 2194 1326 Ι
2227 1254 2297 1298 53.
2315 1255 2372 1296 54

379 1327 618 1390 Epistulam
648 1327 830 1373 Londini
869 1328 1080 1386 scriptam
1118 1326 1371 1385 purissimae
1395 1322 1649 1368 Latinitatis
1687 1319 1938 1382 optimique
1964 1321 2058 1368 stili
2083 1336 2158 1369 au·

377 1406 635 1459 ctorcmque
673 1399 856 1443 summis
893 1396 1098 1442 laudibus
1137 1394 1332 1455 scriptor
1369 1395 1555 1454 eiusque
1601 1394 1731 1439 amici
1779 1391 1996 1448 efferunt,
2044 1406 2161 1438 unus

377 1470 542 1515 Crocus
581 1468 833 1529 vituperare
871 1482 1006 1513 ausus
1045 1468 1139 1526 ipse
1188 1465 1424 1511 refellitur.
1495 1463 1613 1510 Nova
1658 1463 1920 1510 reseruntur
1967 1463 2022 1509 de
2058 1463 2160 1509 Hel-

378 1540 596 1586 vetiorum
633 1538 754 1584 clade
789 1531 1147 1600 [Marinianensi]
1180 1542 1226 1582 et
1259 1535 1313 1580 de
1344 1549 1476 1581 causa
1504 1535 1761 1581 Hochstrati
1797 1540 1954 1580 contra
1989 1533 2161 1580 Reueh-

340 1601 539 1660 xlinum,
578 1610 680 1654 huic
716 1608 927 1659 feliciori,
966 1621 1169 1667 novaque
1206 1605 1382 1667 Speculi
1422 1605 1616 1651 ocularis
1654 1603 1972 1657 translatione;
2010 1605 2160 1665 ipsum

378 1695 535 1742 papam
573 1685 728 1725 contra
765 1678 1080 1739 praedicatores
1119 1690 1242 1728 esse,
1281 1678 1436 1737 hiique
1482 1683 1533 1721 ut
1570 1675 1720 1722 album
1768 1673 1953 1721 brillum
1995 1676 2042 1721 in
2079 1690 2161 1722 sua

378 1753 503 1810 nigra
540 1765 677 1810 cappa
716 1755 896 1809 portare
932 1748 1145 1794 deberent
1180 1747 1479 1793 constiturum
1507 1761 1628 1799 esse;
1666 1745 1987 1807 praedicatores
2013 1753 2161 1792 autem

378 1822 574 1881 pecuniis
612 1834 662 1865 ex
687 1818 972 1878 indulgentiis
997 1818 1271 1878 inpetrandis
1297 1825 1454 1864 contra
1478 1817 1772 1864 Reuchlinum
1796 1831 2016 1878 pugnare,
2041 1831 2163 1863 mor·

379 1899 503 1936 tuum
540 1890 728 1949 denique
767 1891 947 1934 omnino
987 1889 1195 1934 damnare
1232 1887 1358 1934 velle.

241 1978 320 2027 36.
361 1970 802 2021 Eitelnarrabianus
850 1970 910 2018 de
955 1968 1227 2019 Pesseneck
1278 1968 1476 2018 Ortvino
1526 1968 1706 2018 Gratio.
1863 1984 1923 2018 ex
1968 1968 2159 2020 Verona

565 2041 918 2105 Agrippina..
1172 2076 2151 2096 .......,....

375 2115 635 2160 Wormatiae
673 2128 773 2160 cum
809 2113 968 2159 Iudaeis
1006 2113 1058 2158 de
1091 2127 1250 2158 >eorum
1288 2113 1389 2172 lege
1427 2113 1664 2174 disputans
1691 2115 1892 2175 scriptor
1916 2128 2018 2162 cum
2042 2114 2164 2161 Psei-

375 2185 652 2231 serkornium
689 2185 922 2231 sententiae
959 2198 1051 2230 suae
1088 2183 1404 2242 suffragantem
1443 2184 1692 2244 allegaret,
1730 2183 1796 2231 illi
1831 2185 1951 2231 hunc
1988 2186 2034 2230 in
2070 2185 2163 2232 Mo-

375 2256 492 2302 ravia
518 2256 686 2300 furtum
711 2254 872 2300 fecisse
896 2254 1127 2314 eidemque
1153 2254 1402 2314 patibulum
1428 2262 1626 2301 erectum
1652 2255 1795 2301 fuisse
1819 2256 2161 2317 responderent,

375 2325 560 2371 minacia
599 2325 663 2371 eis
700 2324 830 2371 verba
869 2324 989 2370 dedit
1024 2324 1486 2386 Pfefl'erkorniumque
1522 2326 1854 2386 pientissimum
1891 2325 2162 2373 catholicum

375 2395 623 2456 meritoque
660 2394 1000 2455 hospitalarium
1038 2402 1484 2457 mensuratoremque
1521 2396 1628 2442 salis
1662 2412 1686 2444 a
1712 2396 2061 2444 coloniensibus
2098 2397 2163 2444 sa-

377 2473 522 2516 ctum,
560 2479 833 2526 uxoremque
870 2467 964 2510 eius
990 2465 1350 2512 honestissimam
1387 2467 1599 2513 seminam
1634 2474 1681 2514 et
1711 2467 2029 2515 circumcisum
2065 2474 2159 2515 tan·

379 2544 471 2581 tum
520 2536 686 2586 virum,
734 2550 826 2581 non
874 2535 1252 2596 burgimagistros
1298 2543 1376 2583 aut
1422 2540 1669 2598 magistros
1713 2546 1936 2586 amantem
1976 2545 2161 2585 strenue
2208 2533 2215 2545 '

376 2606 584 2651 defendit.
635 2606 736 2653 Haec
760 2606 1081 2653 Pfefferkornio
1119 2608 1363 2655 nuntianda
1400 2622 1525 2661 esse,
1564 2617 1615 2655 ut
1653 2623 1701 2656 se
1738 2609 1947 2657 defendat
1981 2610 2163 2656 realiter

378 2683 534 2723 contra
573 2676 680 2721 tales
716 2676 885 2723 Iudaeos
923 2684 967 2722 et
1001 2677 1252 2723 Buschium.

2225 2048 2296 2091 55.
2316 2047 2371 2090 56

242 2778 322 2826 37.
360 2770 606 2835 Lupoldus
632 2770 940 2820 Federsusius
960 2771 1158 2821 Ortvino
1179 2773 1360 2823 Gratio.
1497 2791 1555 2826 ex
1583 2775 1811 2825 Erfurdia
1837 2763 1896 2825 cx
1923 2775 2151 2826 dracone.
2226 2784 2294 2826 56.
2316 2786 2370 2826 57

379 2846 436 2890 De
474 2846 722 2905 quaestione
762 2844 1113 2905 quodlibetaria‚
1153 2854 1303 2893 utrum
1340 2848 1516 2901 Iudaeo,
1556 2849 1735 2910 quando
1775 2849 2056 2896 Christianus
2094 2851 2160 2902 fit,

379 2910 643 2975 praeputium
691 2921 950 2961 renascatur
996 2930 1148 2962 necne.
1223 2918 1476 2973 Ortvinum,
1525 2927 1576 2966 ut
1622 2934 1716 2966 rem
1763 2934 1817 2966 ex
1866 2920 2161 2968 Psess'erkorni

379 2999 518 3030 uxore
556 2986 778 3045 exquirat,
816 2985 1081 3032 cohortatur
1116 2987 1361 3048 Lupoldus.

242 3084 319 3133 38.
360 3080 727 3129 l‘adormannus
774 3079 1083 3130 Fornacificis
1130 3082 1328 3132 Ortvino
1377 3086 1557 3135 Grati0.
1704 3102 1761 3136 ex
1808 3085 2148 3151 WitenburgO.
2210 3094 2370 3138 57...59

380 3153 649 3213 Praeceptori
687 3154 906 3214 quondam
945 3170 1026 3200 suo
1066 3156 1261 3216 scriptor
1297 3172 1388 3203 non
1425 3173 1581 3219 parum
1618 3162 1715 3221 ipse
1753 3159 1839 3206 sibi
1884 3161 2067 3222 placens
2103 3162 2159 3208 de

379 3222 640 3284 quodlibeto
678 3223 1043 3270 artificiosissime
1080 3226 1303 3273 celebrato
1342 3229 1502 3280 refert,
1541 3232 1585 3275 in
1625 3246 1714 3291 quo
1753 3237 1911 3277 contra
1937 3232 2158 3292 quendam

381 3300 557 3354 poetam
580 3294 763 3338 nimium
786 3295 854 3339 sui
882 3297 1199 3341 aestimatorem
1227 3299 1429 3357 magistri
1450 3300 1504 3346 de
1532 3288 1712 3347 nomine
1731 3301 1873 3348 Gratii
1898 3302 2159 3349 deducendo

379 3370 576 3414 certant,
616 3369 766 3408 utrum
804 3365 846 3409 id
885 3380 908 3409 a
946 3366 1172 3425 supernali
1212 3370 1376 3425 gratia,
1416 3384 1470 3414 an
1508 3387 1531 3416 a
1570 3371 1780 3418 Gracchis
1817 3372 2029 3419 Romanis
2067 3375 2158 3420 ori-

379 3435 522 3493 ginem
562 3432 736 3479 habeat.
793 3441 1079 3480 recensentur
1103 3434 1156 3481 ab
1182 3443 1372 3499 utraque
1397 3447 1521 3499 parte
1549 3449 1734 3488 stantes.
1782 3442 2031 3491 Reuchlino
2058 3444 2157 3490 Ort-

379 3503 525 3548 vinum
563 3503 616 3548 de
655 3517 783 3548 versu
823 3504 933 3549 ‘Flet
970 3505 1081 3551 Iovis
1129 3505 1240 3553 alma
1277 3506 1453 3569 parens’
1502 3511 1710 3558 inmerito
1758 3514 1981 3560 haereseos
2029 3529 2158 3561 accu-

381 3574 494 3618 santi
532 3572 625 3618 dira
664 3579 870 3634 precatur
906 3575 1113 3635 scriptor.

241 3673 320 3721 39.
362 3666 585 3716 Nicolaus
622 3667 942 3717 Luminatoris
980 3669 1194 3720 Ortvino.
1362 3673 1573 3723 Coloniae
1612 3692 1668 3725 ex
1709 3676 1854 3728 bursa
1893 3679 2154 3730 Laurentii.
2243 3688 2300 3730 60

379 3742 551 3787 Gratias
589 3743 679 3800 agit
717 3742 837 3801 quod
872 3742 1107 3789 consilium
1146 3745 1199 3789 de
1238 3746 1395 3791 studiis
1421 3747 1617 3794 Coloniae
1656 3751 1868 3797 faciendis
1907 3753 2039 3806 dedit,
2078 3755 2156 3801 ubi

379 3812 529 3856 statim
587 3812 630 3855 in
676 3811 831 3857 beanio
879 3812 1142 3873 deponendo
1189 3815 1397 3862 Nicolaus
1444 3817 1681 3865 Buschium
1737 3837 1760 3866 a
1814 3823 2004 3881 quodam
2053 3831 2157 3871 ‘ma-

380 3882 461 3927 tris
499 3881 678 3927 domini·
718 3883 899 3928 nominc
936 3883 1210 3943 lepidissime
1248 3885 1513 3938 salutatum,
1562 3904 1660 3935 cum
1710 3891 1747 3936 is
1787 3892 1952 3938 subtile
1988 3894 2158 3941 dictum
