2456 4264
218 249 296 307 94
517 274 610 303 ῙΟΔ.
635 273 947 301 PEPERICORNI
970 272 1198 300 DEFENSIO
1223 271 1402 299 CONTRA
1426 270 1634 299 FAMOSAS
1659 271 1699 299 Ο.
1725 272 1767 300 V.
1791 270 2059 299 EPISTOLAS.

212 405 591 465 prophanarum
628 417 776 464 quam
813 403 1280 456 ecclesiasticarum,
1313 401 1438 448 nihil
1471 405 1542 447 est
1565 400 1698 459 quod
1717 399 1932 447 Ioannes
1954 398 2200 446 Reuchlin
2225 411 2366 446 suam

216 490 616 536 consultationem
652 501 751 547 per
798 498 879 533 eos
918 485 1222 545 publicatam
1271 487 1590 539 criminetur,
1643 484 1816 543 quibus
1861 484 1917 531 id
1957 497 2053 544 per
2104 483 2365 540 Cesaream

103 580 199 634 (ζμ)
220 572 521 619 Maiestatem
554 571 857 618 commissum
889 567 1004 627 fuit.
1077 567 1183 625 Hec
1217 570 1381 616 omnia
1420 563 1780 634 prossculdubio
1831 580 1862 613 a
1909 569 2028 615 viris
2068 568 2367 628 sapientibus

212 661 260 702 et
295 655 443 710 bonis,
481 656 623 701 immo
654 656 800 701 etiam
831 656 878 699 et
909 652 972 698 ab
1008 652 1128 712 ipsis
1156 651 1500 700 Reuchlinistis
1530 652 1699 710 (modo
1733 652 1928 699 ratione
1951 654 2028 700 uti
2049 653 2220 712 velint)
2252 639 2367 699 vero

212 740 374 785 verius
409 737 830 798 approbabuntur.
2377 752 2398 784 ⁵

466 878 508 925 (Ι
561 878 953 927 Consultatio
1001 876 1279 933 venerande
1327 873 1593 933 Academie
1640 882 1816 924 contra
1855 875 2019 934 salsos
2067 882 2114 923 et

466 963 784 1012 scandalosos
820 962 970 1010 libros
1006 960 1275 1018 Iudeorum
1314 962 1541 1008 emissa
1577 960 1653 1007 ab
1690 965 1961 1020 utraque
1994 959 2111 1018 fa-

957 1047 1200 1093 cultate
1236 1044 1614 1092 Coloniensi.

359 1163 597 1223 Obsequia
640 1164 686 1207 et
729 1159 901 1206 devota
945 1159 1241 1205 salutatione
1277 1159 1544 1218 premissa.
1618 1156 2045 1205 Reverendissime
2088 1158 2140 1205 in
2174 1157 2364 1206 Christo

209 1255 355 1312 pater
379 1262 440 1296 ac
466 1247 672 1295 domine.
728 1244 994 1304 Imperiali
1014 1228 1219 1290 iussioni
1240 1246 1288 1288 et
1308 1244 1498 1301 neyotio
1526 1255 1593 1290 ex
1621 1244 1955 1290 commissione
1984 1242 2120 1290 nobis
2143 1244 2362 1303 imposito
2380 1251 2419 1285 ιο

209 1337 489 1383 reverenter
524 1328 819 1387 satisfacere
847 1329 1110 1389 cupientes,
1150 1332 1387 1386 quantum
1411 1339 1676 1387 possumus
1705 1326 1794 1374 sub
1829 1328 2084 1387 epistolari
2116 1327 2362 1390 brevitate,

210 1418 357 1466 Salvo
385 1429 577 1476 semper
611 1414 801 1479 meliori
836 1413 1031 1467 iudiciO,
1069 1411 1131 1459 de
1154 1412 1357 1472 punctis
1385 1410 1521 1458 nobis
1544 1412 1808 1472 prepositis
1830 1413 1900 1459 ita
1923 1413 2171 1460 sentimus.
2237 1411 2364 1469 Quia

209 1500 525 1560 manifestum
570 1505 643 1545 est
681 1497 859 1545 librum
894 1496 1164 1554 Iudeorum
1207 1508 1347 1555 quem
1400 1494 1631 1543 Thalmut
1674 1501 1854 1544 vocant
1903 1496 2063 1544 tantos
2115 1497 2365 1544 continere

210 1587 388 1634 nedum
432 1596 628 1632 errores
672 1587 719 1629 et
759 1580 1034 1640 falsitateS,
1082 1594 1249 1628 verum
1296 1582 1462 1628 etiam.
1491 1580 1825 1641 blasphemias
1865 1585 1914 1628 et
1955 1580 2151 1639 hereses
2187 1585 2363 1628 contra

208 1673 362 1730 leyem
387 1669 673 1730 propriam,
705 1671 914 1727 propter
951 1679 1043 1727 que
1080 1673 1132 1713 ut
1169 1671 1305 1713 notat
1329 1665 1543 1713 Ioannes
1579 1665 1776 1724 Andree
1814 1667 1867 1713 in
1903 1667 2095 1714 novella
2121 1671 2232 1727 post
2260 1665 2352 1713 In·
2380 1677 2417 1710 ιε

207 1756 483 1802 nocentium
515 1754 566 1800 in
598 1766 712 1813 cap.
758 1751 897 1808 Quod
923 1765 1074 1811 super
1110 1751 1187 1798 his
1210 1750 1284 1797 De
1319 1757 1425 1798 voto
1460 1755 1508 1798 et
1541 1752 1639 1798 voti
1658 1750 2008 1811 redemptione,
2041 1763 2194 1811 super
2222 1750 2365 1799 verbo

209 1837 576 1897 ‘defensionem'
625 1838 742 1884 moti
779 1836 1046 1896 Greeorius
1097 1842 1143 1883 et
1172 1835 1488 1883 Innocentius
1530 1827 1894 1883 mandaverunt
1931 1835 2141 1883 eundem
2185 1835 2364 1883 librum

206 1923 425 1971 comburi
457 1922 782 1980 Habeantque
818 1923 992 1981 plures
1034 1922 1157 1969 alios
1196 1921 1371 1983 libros,
1423 1921 1602 1981 impias
1637 1925 1686 1968 et
1717 1920 2002 1968 horrendas
2035 1920 2366 1981 blasphemias

208 2007 287 2066 (ut
309 2007 514 2067 dicitur)
548 2008 867 2066 continentes,
905 2007 956 2053 in
993 2005 1240 2053 dominum
1275 2010 1495 2053 nostrum
1516 2004 1718 2053 Ihesum
1746 2004 1990 2052 Christum
2023 2010 2071 2053 et
2104 2007 2209 2053 eius
2229 2005 2364 2064 fide-

206 2094 274 2139 les
309 2093 520 2140 cultores
559 2090 882 2149 Christianos,
922 2091 984 2137 de
1019 2090 1192 2149 quibus
1229 2091 1431 2138 constito
1469 2091 1672 2150 impium
1703 2095 1827 2138 esset
1859 2095 1906 2138 et
1933 2091 2262 2151 irreliqiosum
2290 2091 2360 2138 eis
2378 2099 2420 2133 zo

207 2178 376 2224 talium
412 2175 650 2223 librorum
690 2187 831 2222 usum
856 2176 1146 2235 permittere
1178 2188 1272 2234 per
1314 2187 1434 2234 quos
1472 2175 1572 2235 ipsi
1608 2175 1838 2222 irrisores
1876 2174 2060 2223 Christi
2093 2175 2289 2222 'domini
2318 2181 2366 2222 et

207 2261 476 2322 blasphemi
498 2262 628 2318 lilios
666 2272 778 2307 suos
815 2259 1162 2319 blasphemare
1201 2258 1446 2306 docerent.
1522 2258 1606 2304 Ex
1635 2258 1711 2306 his
1738 2260 2095 2320 suspicandum
2132 2265 2205 2308 est
2238 2261 2364 2308 reli—
2448 2243 2451 2246 ’

206 2359 325 2410 quos
360 2357 527 2392 eorum
559 2343 709 2391 libros
743 2349 1003 2404 corruptos
1040 2356 1144 2390 esse
1178 2342 1245 2390 Et
1275 2343 1346 2390 ad
1379 2343 1690 2390 intentionem
1715 2342 1880 2404 Moysi
1913 2347 1960 2391 et
1996 2347 2206 2393 aliorum
2230 2357 2360 2407 pro-

198 2430 465 2490 phetarum
507 2433 554 2476 et
596 2429 872 2488 sapientum
919 2429 1137 2488 ipsorum
1181 2427 1331 2474 libros
1368 2440 1465 2474 non
1509 2439 1777 2488 exponere.
1856 2427 2038 2486 Quibus
2083 2431 2278 2478 attentis
2317 2434 2367 2478 et
2444 2422 2451 2427 ⁴

203 2513 431 2573 pluribus
466 2514 578 2560 aliis
615 2526 707 2571 que
745 2512 991 2560 brevitatis
1019 2525 1175 2559 causa
1213 2513 1495 2568 omittimus,
1536 2512 1672 2559 nobis
1699 2513 1970 2573 expediens
1995 2515 2204 2571 videtur,
2241 2517 2360 2563 lau-
2377 2527 2418 2560 2⁵

209 2598 385 2652 dabile,
426 2598 675 2655 deificum,
716 2597 938 2651 salubre,
976 2601 1025 2643 et
1058 2595 1353 2644 rationabile
1389 2596 1462 2643 Ac
1501 2596 1778 2655 Christiane
1805 2598 1950 2657 fidei,
1996 2598 2363 2660 Iudeorumque

207 2683 359 2730 saluti
391 2686 700 2742 oportunum,
734 2685 788 2727 ut
810 2668 1050 2739 (dimissis
1072 2683 1187 2728 usui
1210 2680 1479 2739 Iudeorum
1507 2682 1700 2741 antiqui
1722 2685 1999 2732 testamenti
2020 2684 2161 2732 libris
2187 2697 2253 2731 ex
2278 2686 2356 2732 in-

208 2770 366 2826 teqro)
406 2779 516 2813 cum
544 2766 817 2822 Christiane
840 2766 1038 2824 pietatis
1074 2765 1423 2817 moderamine,
1455 2767 1765 2826 recipiantur
1786 2773 1834 2815 et
1858 2774 2173 2817 reserventur
2197 2782 2361 2817 omnes

95 2863 210 2919 (3341»)
223 2851 488 2898 eorundem
514 2851 605 2898 alii
637 2849 755 2897 libri
786 2849 873 2896 sub
907 2852 1254 2910 protestatione
1287 2851 1492 2897 solemni
1525 2856 1572 2898 et
1594 2851 1821 2911 publica,
1848 2847 1868 2919 Η
1899 2852 2042 2909 Quod
2077 2854 2169 2902 hoc
2204 2856 2358 2902 solum

198 2938 291 2994 siat
318 2935 400 2983 'ad
434 2934 810 2982 discernendum
848 2935 976 2981 inter
1010 2934 1161 2981 libros
1197 2947 1315 2994 quos
1350 2936 1463 2982 licet
1489 2934 1673 2993 Iudeos
1712 2936 1895 2985 habere
1926 2950 2025 2999 pro
2060 2951 2175 2986 vero
2205 2939 2352 2986 intel—
2371 2953 2413 2988 3ο

200 3022 327 3068 lectu
360 3021 482 3079 leeis
526 3020 781 3079 antiquae,
826 3023 875 3066 et
912 3020 1040 3066 inter
1086 3020 1193 3066 illos
1237 3031 1357 3078 quos
1402 3032 1500 3067 non
1534 3021 1649 3068 licet
1693 3034 1774 3068 eos
1822 3022 2007 3070 habere
2054 3027 2142 3071 aut
2176 3024 2356 3082 leyere.

203 3103 310 3161 Qua
361 3104 666 3151 distinctione
702 3107 956 3164 comperta
992 3104 1315 3152 restituantur
1354 3105 1497 3161 liciti,
1547 3105 1871 3155 destruantur
1916 3113 2004 3155 aut
2041 3113 2355 3155 reserventur

198 3189 370 3235 illiciti.
445 3188 680 3245 Preterea
723 3189 947 3235 articulis
990 3201 1056 3235 ex
1086 3188 1304 3236 omnibus
1339 3202 1507 3237 eorum
1542 3189 1681 3238 libris
1713 3193 1951 3248 collecti3‚
1995 3205 2091 3253 per
2130 3193 2353 3253 scriptu-
2407 3255 2410 3258 ᾖ

198 3284 310 3319 ram
347 3270 611 3319 Iudaicam
649 3274 970 3332 intelliqentes
1005 3274 1093 3332 qui
1123 3275 1336 3334 suspecti
1358 3274 1598 3334 videntur,
1638 3280 1872 3324 vocentur
1903 3276 2099 3337 publice
2125 3276 2277 3334 Iudei
2305 3281 2356 3324 et

197 3369 349 3416 super
374 3355 451 3403 his
476 3356 748 3405 audiantur
781 3362 973 3404 mature
1009 3361 1058 3404 et
1081 3359 1446 3406 examinentur.
1519 3358 1584 3406 Et
1617 3360 1663 3407 si
1696 3362 1804 3408 illos
1838 3373 2070 3409 erroneos
2105 3373 2397 3420 coenove—35

197 3443 325 3497 rint,
363 3441 518 3488 scient
548 3440 698 3489 libros
733 3443 855 3489 tales
890 3443 960 3489 eis
993 3454 1091 3489 non
1124 3455 1228 3490 esse
1262 3445 1420 3491 utiles.
1494 3442 1552 3491 Si
1584 3449 1747 3493 autem
1783 3445 2011 3494 obstinati
2045 3451 2221 3493 contra
2261 3459 2350 3493 ve·-

197 3527 392 3573 ritatem
422 3527 806 3585 permanserint,
847 3522 908 3574 de
936 3526 1029 3574 hoc
1056 3529 1295 3588 princeps
1327 3528 1474 3575 habet
1500 3529 1741 3588 iudicare,
1774 3531 1874 3577 sive
1906 3530 2138 3585 deficiant
2168 3531 2218 3578 in
2243 3542 2354 3578 mo-

197 3609 387 3658 ralibus
414 3610 514 3658 sive
551 3614 725 3657 contra
759 3611 914 3669 leqem
947 3625 1086 3659 suam
1116 3612 1310 3670 hereses
1345 3614 1598 3660 inveniant
1623 3618 1670 3661 et
1692 3613 1958 3663 observent.
2031 3614 2098 3661 Et
2121 3621 2174 3661 ut
2199 3616 2354 3662 omnis

196 3706 365 3743 eorum
402 3696 607 3754 querela
642 3695 923 3756 tolleretur,
963 3696 1009 3741 si
1044 3696 1305 3743 videantur
1343 3696 1682 3753 comburendi,
1729 3702 1777 3745 et
1821 3711 1918 3746 non
1956 3712 2023 3746 ex
2058 3711 2214 3748 causa
2250 3694 2351 3746 ali-

196 3780 337 3828 cuius
374 3780 598 3828 utilitatis
632 3779 928 3828 reservandi
954 3780 1097 3841 apud
1132 3779 1459 3837 ChristianOS,
1498 3788 1667 3842 posset
1709 3783 1999 3830 mandatum
2049 3783 2112 3831 de
2148 3783 2349 3831 combu-
2364 3794 2407 3831 ιο

195 3864 353 3913 rendo
399 3863 628 3915 Thalmut
654 3866 895 3914 innovari.
971 3864 1097 3913 Nam
1134 3872 1187 3913 ut
1223 3865 1405 3913 dicitur
1445 3866 1493 3912 in
1530 3865 1586 3912 L.
1624 3866 1790 3926 Celere
1825 3867 2136 3927 Diyestorum
2167 3868 2347 3916 Famil.
