2456 4264
324 293 547 331 Qvouono
567 293 691 324 APVD
711 292 1168 324 FRANGOFVRTERSES
1190 292 1435 323 NEGOTIVM
1456 292 1632 322 EGERIT
1653 293 2021 326 PEPERIOORNVS.
2168 269 2244 329 91

81 429 237 478 solum
262 424 475 487 auferre
497 424 672 484 libros,
711 426 803 475 sed
835 427 983 475 etiam
1019 439 1103 475 vos
1130 426 1320 487 punire
1356 426 1408 473 in
1445 426 1546 474 vita
1581 429 1630 474 et
1657 425 1812 475 bonis.
1886 423 1971 473 Aa
1999 425 2091 484 hec
2125 439 2250 486 quo-

81 519 176 574 'que
210 510 507 574 Synayoqas
541 515 730 560 vestras
776 511 1033 560 destruere
1075 515 1124 560 et
1155 510 1384 559 Romano
1427 511 1636 573 imperio
1678 512 1932 572 expellere
1947 547 1959 571 ,
2007 512 2252 571 quemad—

80 596 278 648 modum
314 608 398 645 vos
441 596 719 658 sepiuscule
756 597 809 645 in
854 596 1104 644 hominum
1161 597 1401 645 memoria
1446 610 1512 644 esc
1558 598 1721 645 multis
1763 596 2068 656 reqionibus‚
2120 609 2252 658 pro—

79 683 274 742 vinciis,
319 681 599 731 civitatibus
640 683 833 742 exacti,
875 682 1119 731 submersi
1158 686 1206 730 et
1239 682 1477 731 combusti
1517 684 1654 745 estis,
1693 683 1962 744 presertim
1993 695 2061 730 ex
2095 694 2252 742 reqno

44 767 316 828 sFrancie,
349 781 418 816 ex
451 766 728 829 Hispania,
774 780 841 816 ex
876 767 1085 830 Anqlia,
1134 767 1321 823 Dacia,
1370 766 1577 828 Scocia,
1616 767 1849 824 Prussia,
1899 766 2119 827 livonia,
2138 766 2252 815 -Se-

77 853 278 910 tandiu,
316 851 615 913 Brabantia,v
652 853 947 912 Hollandia‚
983 852 1166 912 Getria‚
1202 853 1388 910 Frisia‚
1431 852 1756 914 Westphalia‚
1791 853 1999 915 Missna,
2038 851 2212 900 Saxo-
2228 848 2248 918 Η

77 939 194 999 nia,
233 938 506 999 Dorinqia‚
555 938 822 998 Marchia,
878 937 1127 998 Schlesia,
1169 938 1424 993 Bavaria,
1477 935 1707 998 Austria,
1747 935 1926 997 Stiria,
1967 936 2242 997 Carinthia,
2264 929 2339 986 2³³5

77 1023 271 1084 Athesi,
308 1023 557 1084 Helvetia,
593 1029 643 1072 et
677 1025 792 1073 aliis
822 1025 1096 1085 provinciis
1133 1037 1197 1072 ac
1228 1023 1448 1072 Romani
1474 1023 1675 1083 imperii
1707 1021 1994 1081 civitatibus,
2032 1023 2159 1070 sicut
2187 1036 2253 1070 ex

81 1107 306 1169 Colonia,
343 1107 639 1171 Arqentina,
678 1107 914 1170 Auqusm,
951 1108 1269 1170 Nurnberqa,
1314 1107 1470 1167 Ulma,
1506 1106 1769 1171 Norlinqa,
1807 1106 1892 1155 ubi
1925 1110 2115 1155 vestras
2140 1109 2254 1155 olim

8 1209 65 1250 {¹0
80 1193 379 1257 Synayoqas
409 1195 676 1254 habuistis,
722 1199 771 1243 et
813 1207 904 1254 eqo
948 1193 1136 1254 lucifer
1181 1198 1422 1254 tanquam
1449 1195 1706 1255 protector
1738 1195 1787 1241 et
1822 1190 2060 1252 defensor
2094 1206 2254 1255 supra

77 1279 308 1340 hassui,
344 1268 473 1342 quas
502 1285 713 1343 propter
749 1281 1050 1339 crucifixum
1086 1279 1288 1328 Ihesum
1323 1286 1370 1327 et
1406 1290 1520 1327 suos
1553 1278 1772 1327 obtinere
1807 1278 1992 1327 diutius
2022 1290 2121 1327 non
2153 1291 2255 1340 po—

14 1412 17 1413 .
77 1365 238 1415 testis:
282 1369 447 1415 tamen
488 1367 535 1415 si
577 1367 723 1415 vultis
768 1377 865 1436 vos·
886 1364 1146 1414 consilium
1191 1377 1350 1414 meum
1396 1365 1538 1425 sequi
1563 1368 1611 1413 et
1642 1363 1919 1413 obedientes
1949 1350 2101 1425 pueri
2132 1377 2252 1429 esse,

77 1451 225 1501 sicuti
258 1451 513 1513 hucusque
553 1450 751 1511 fuistiS,
798 1452 1019 1500 caveatis
1060 1450 1192 1499 vobis
1237 1451 1456 1499 maxime
1500 1455 1550 1498 et
1584 1451 1636 1498 in
1672 1451 1851 1511 primis
1889 1463 1921 1498 a
1960 1449 2255 1498 Christianis

78 1535 380 1597 doctoribus,
423 1542 473 1586 et
490 1531 655 1586 'nolite
689 1550 802 1586 cum
835 1539 907 1586 eis
945 1537 1203 1598 (quoniam
1240 1535 1366 1584 nihil
1402 1534 1533 1583 vobis
1562 1535 1817 1596 proderit)
1867 1534 2167 1583 descendere
2203 1535 2254 1582 in

0 1637 64 1694 ,1⁵
81 1621 477 1685 disputationem.
551 1622 660 1672 Hoc
689 1627 852 1672 autem
874 1622 1057 1682 facere
1084 1622 1300 1684 potestis.
1370 1620 1530 1671 Nolite
1553 1634 1775 1683 parcere
1806 1621 2032 1681 pecuniis
2066 1626 2114 1668 et
2141 1620 2256 1668 date

0 1706 16 1711 ”
75 1706 170 1758 has
202 1707 478 1758 liberaliter
510 1710 624 1774 illis,
663 1708 839 1770 quibus
874 1709 967 1758 hoc
1002 1709 1147 1757 modo
1179 1708 1455 1769 qratissimi
1487 1703 1657 1755 eritis’.
1732 1704 1818 1754 Sic
1855 1707 2022 1767 itaque
2056 1704 2253 1765 factum

0 1851 1 1855 Ἰ
75 1799 149 1843 est
175 1795 311 1855 quod
338 1793 492 1854 Iudei
515 1795 710 1856 aliquos
738 1794 957 1855 insiqnes
983 1793 1288 1842 Christianos
1320 1793 1547 1855 pecuniis
1571 1795 1921 1853 corruperunt.
1998 1790 2102 1840 Sed
2125 1804 2253 1852 quo—

76 1879 222 1928 modo
247 1893 377 1942 pars
406 1881 604 1930 illorum
633 1880 1028 1929 Christianorum
1064 1885 1261 1928 mortua
1293 1880 1380 1934 sit,
1422 1878 1513 1927 deo
1549 1879 1731 1939 optimo
1765 1878 1986 1926 maximo
2020 1890 2252 1939 comper-

80 1968 181 2014 tum
216 1970 314 2025 est,
355 1972 403 2014 et
437 1965 715 2015 hominibus
752 1966 902 2014 etiam
934 1965 1229 2026 quibusdam
1267 1964 1444 2026 quibus
1475 1977 1536 2012 ea
1576 1977 1658 2012 res
1702 1964 1956 2012 notissima
1996 1969 2080 2015 est.
2153 1961 2258 2011 Sed

13 2068 66 2107 ,ο
81 2055 272 2100 tantum
304 2055 400 2099 estg·
432 2051 512 2106 ati
536 2051 695 2113 probo
734 2052 1029 2112 imperatori
1055 2055 1156 2099 tam
1197 2051 1284 2098 diu
1322 2050 1393 2098 ad
1419 2063 1568 2098 aures
1593 2050 1837 2110 inflarunt
1855 2062 1954 2110 per
1974 2047 2145 2107 falsas
2167 2049 2254 2095 in-

14 2122 17 2156 }
75 2137 372 2186 structiones
386 2174 398 2195 ‚
436 2136 572 2197 quod
603 2150 698 2185 sua
738 2136 956 2197 Cesarea
992 2137 1224 2184 maiestas
1253 2135 1426 2194 Iudeis
1463 2135 1615 2183 libros
1646 2135 1904 2182 restituere
1939 2129 2274 2182 mandaverit

75 2221 165 2271 swb
201 2223 296 2270 tali
326 2222 628 2282 conditione,
675 2222 810 2283 quod
861 2222 918 2270 hi
958 2221 1079 2270 libri
1117 2223 1190 2270 sic
1225 2221 1497 2282 conscripti
1529 2224 1576 2268 et
1610 2221 1796 2268 immoti
1827 2233 1980 2280 usque
2016 2219 2087 2267 ad
2122 2221 2253 2268 ulte—

17 2372 19 2376 ?
75 2306 259 2356 morem
293 2308 678 2357 commissionem
711 2308 855 2370 apud
892 2320 974 2356 eos
1005 2313 1340 2356 remanerent.
1377 2311 1426 2355 et
1460 2306 1551 2365 hec
1595 2309 1710 2354 erat
1742 2303 1900 2363 fraus
1939 2304 2126 2352 diaboli
2169 2305 2258 2364 qui

76 2392 204 2442 bona
238 2407 395 2456 opera
424 2407 622 2456 semper
654 2394 899 2455 impedire
943 2393 1154 2441 laborat.
1272 2392 1314 2439 (Ι
1353 2391 1531 2440 Adhuc
1576 2391 1751 2450 demon
1798 2391 1904 2451 ipse
1947 2389 2118 2438 Iudeis
2168 2390 2253 2437 in—

18 2479 317 2541 aspiravit,
365 2479 495 2528 dans
535 2481 607 2528 eis
638 2479 784 2528 aliud
810 2479 1066 2528 consilium
1084 2516 1095 2538 ‚
1133 2479 1267 2539 quod
1304 2479 1351 2526 si
1392 2479 1543 2526 velint
1567 2478 1666 2539 ipsi
1700 2477 1956 2536 neqocium
1991 2475 2120 2523 illud
2155 2475 2254 2522 im-

17 2590 20 2597 ,
72 2563 253 2625 pedire
288 2569 339 2613 et
380 2565 525 2627 apud
568 2565 720 2614 libros
773 2570 821 2614 et
862 2563 1160 2626 Synaqoqas
1200 2577 1526 2626 permanere,
1576 2567 1693 2611 tunc
1735 2562 1970 2610 deberent
2014 2562 2107 2619 vite
2152 2573 2254 2619 mee

17 2637 34 2674 Γ
70 2661 260 2711 ponere
300 2650 527 2699 insidias.
603 2651 739 2712 quod
781 2651 827 2699 si
871 2650 1123 2700 commode
1159 2649 1343 2710 facere
1385 2662 1482 2698 non
1517 2652 1747 2711 possent,
1795 2647 1919 2696 mihi
1953 2650 2118 2695 tamen
2158 2660 2255 2708 per

75 2735 359 2785 universum
412 2736 651 2785 mundum
696 2738 883 2785 malam
931 2735 1132 2796 famam
1175 2741 1500 2798 sparqerent‚
1556 2740 1605 2783 et
1657 2746 1797 2782 omne
1839 2735 2024 2782 malum
2071 2732 2133 2780 de
2180 2745 2255 2780 me

78 2819 318 2870 dicerent.
406 2822 587 2871 Verum
635 2822 728 2871 hoc
777 2836 876 2871 non
934 2826 1060 2872 esset
1100 2824 1152 2871 in
1196 2835 1367 2872 eorum
1415 2824 1657 2884 potestate
1675 2857 1689 2883 ,
1737 2819 1827 2868 sed
1870 2818 2104 2867 deberent
2151 2819 2254 2866 ali-

20 2911 202 2966 'nquos
233 2918 416 2956 avaros
442 2907 746 2956 Christianos
779 2910 998 2969 pecunia
1034 2922 1359 2970 corrumpere
1395 2913 1543 2968 atque
1580 2906 1870 2954 subornare.
1945 2904 2013 2952 Et
2053 2904 2255 2965 quando

21 2982 28 2988 ”
71 3003 170 3052 per
213 2991 521 3042 Christianos
564 2995 616 3041 in
653 2995 752 3042 vita
786 2999 833 3042 et
863 2994 1049 3043 honore
1089 3006 1243 3043 essem
1287 2996 1444 3056 lesus,
1493 3000 1610 3042 tunc
1637 2990 1878 3052 quicquid
1918 2990 1980 3039 de
2014 2991 2085 3038 eis
2119 2991 2254 3038 scri-

20 3086 31 3138 ζ
67 3077 278 3139 psissem
324 3078 610 3140 (presertim
658 3080 721 3127 de
772 3079 936 3141 libris)
985 3079 1256 3128 haberetur
1301 3081 1352 3127 in
1400 3078 1584 3126 mundo
1627 3089 1722 3138 pro
1776 3075 1958 3123 nihilo:
2015 3074 2070 3123 id
2123 3075 2257 3135 quod

23 3163 33 3223 ξ4
67 3162 202 3225 proh
245 3162 390 3212 dolor
437 3165 512 3212 sic
553 3163 752 3223 factum
796 3168 882 3213 est.
960 3163 1003 3212 (I
1045 3164 1270 3226 Insuper
1318 3170 1579 3226 postquam
1624 3161 1775 3220 Iudei
1806 3159 2254 3219 Franclcfordien-

23 3238 41 3306 ἱ.
75 3259 153 3296 ses
191 3246 343 3296 libros
377 3248 741 3310 rehabuerunt,
792 3251 1062 3298 emiserunt
1104 3252 1335 3299 continuo
1371 3250 1544 3298 literas
1585 3260 1683 3295 non
1728 3249 1882 3295 solum
1925 3259 2021 3308 per
2059 3245 2253 3293 Roma—

23 3313 36 3340 ¹'
81 3344 198 3381 num
241 3333 502 3395 imperium
548 3335 639 3383 sed
679 3336 731 3383 in
779 3337 909 3384 alias
957 3338 1106 3384 etiam
1151 3335 1261 3394 (ubi
1294 3335 1545 3396 habitant)
1576 3332 1889 3395 provincias,
1936 3330 2110 3392 quibus
2147 3344 2252 3379 rem

77 3429 266 3467 omnem
306 3432 411 3481 pro
451 3434 503 3468 se
548 3421 621 3468 ad
662 3428 853 3482 tempus
892 3420 1111 3480 feliciter
1159 3424 1325 3470 actam
1360 3432 1551 3468 summa
1599 3419 1765 3477 leticia
1808 3417 2249 3466 communicarunt.

77 3501 223 3554 Nunc
259 3506 537 3553 auscultate
557 3542 568 3564 ,
615 3519 644 3553 o
691 3518 773 3554 vos
806 3505 1108 3565 Christiani,
1154 3507 1206 3554 in
1239 3517 1338 3553 uno
1373 3506 1504 3553 enim
1542 3505 1642 3565 ipsi
1669 3502 1872 3551 sabbato
1908 3502 2190 3551 habuerunt
2227 3496 2248 3566 Η

77 3598 312 3650 maanum
364 3589 610 3650 glaudium
656 3590 927 3638 secundum
979 3603 1162 3639 morem
1216 3603 1358 3639 suum
1404 3604 1466 3638 ac
1515 3591 1702 3638 malam
1746 3588 2146 3638 consuetudinem
2195 3587 2244 3634 in
2267 3578 2364 3634 2³in

69 3662 423 3723 ⁵contumeliam
476 3675 614 3724 nobis
662 3675 956 3724 Christianis
1011 3675 1301 3725 adauctum.
1379 3674 1484 3734 Quo
1537 3677 1684 3724 etiam
1732 3679 1950 3736 tempore
1996 3676 2251 3721 contume-

55 3758 156 3822 lia
201 3758 485 3820 affecerunt
520 3761 803 3810 venerabile
845 3766 1214 3811 sacramentum
1264 3762 1316 3810 in
1356 3761 1582 3822 Perlin0,
1629 3764 1683 3808 ut
1726 3772 1884 3821 supra
1931 3758 2114 3806 dictum
2161 3760 2246 3803 est.

79 3841 183 3893 Sed
203 3849 467 3906 postquam
499 3846 887 3906 qratiosissimus
923 3847 1152 3897 dominus
1187 3860 1324 3896 meus
1349 3845 1670 3907 Moquntinus
1695 3850 1744 3893 et
1775 3845 1865 3892 alii
1885 3843 2074 3890 honesti
2097 3841 2247 3887 Chri-

34 3952 39 3958 ’κ
80 3929 230 3978 stiani
264 3931 501 3982 audivere
532 3934 877 3981 contumeliam
910 3932 1107 3992 factam
1145 3935 1197 3981 in
1235 3933 1461 3991 Perlin0,
1500 3937 1548 3980 et
1583 3930 1717 3991 quod
1738 3929 1909 3988 Iudeis
1945 3926 2062 3975 libri
2090 3928 2249 3975 essent
