2456 4264
243 230 363 290 300
828 253 1066 282 EPISTOLAE
1088 252 1392 282 OBSCVRORVM
1413 252 1625 281 VIRORVM
1646 252 1793 282 NovAE.

242 385 512 436 dicentibus
552 383 715 433 ‘Orate
762 397 853 446 pro
899 380 1078 449 nobis'!
1129 382 1223 431 Sed
1272 395 1565 447 quamquam
1614 381 2042 450 quoniamquidem
2090 379 2168 429 illa
2217 381 2407 431 omnia)

240 486 352 520 vera
391 471 486 518 sint
523 474 571 518 et
606 468 714 516 ideo
762 465 898 514 vobis
944 464 1256 530 singulariter
1303 465 1363 515 ad
1411 480 1586 515 manus
1630 466 1858 529 proprias
1904 465 1982 515 illa
2032 466 2218 520 scribo,
2267 481 2379 530 pos-

241 556 341 605 sitis
379 555 521 603 etiam
561 551 666 601 aliis
703 550 867 599 dicere
914 551 998 613 qui
1044 550 1295 599 vobiscum
1344 550 1516 600 sedent
1560 551 1609 598 in
1658 549 1751 598 hac
1800 549 2038 600 Cathedra
2091 550 2377 615 pestilentie,

239 645 292 688 ut
346 638 460 687 dicit
512 635 748 686 Psalmus.
822 634 883 684 Et
937 649 999 683 ne
1047 634 1126 684 illa
1177 636 1369 684 veniant
1417 636 1466 682 in
1513 633 1790 698 publicum,
1847 634 1978 699 quod
2026 637 2185 684 omnis
2232 635 2379 684 homo

239 724 358 772 sciat
395 721 511 786 quid
548 726 683 770 retro
720 735 804 769 vos
844 724 937 769 est:
986 718 1074 768 sed
1111 719 1172 767 ad
1210 734 1380 768 omnes
1417 724 1611 768 sanctos
1646 718 1795 768 michi
1831 719 2004 769 incidit
2038 734 2136 769 una
2173 735 2416 784 scrupu·5

238 807 367 863 latin,
409 813 455 856 et
490 807 639 855 timeo
678 805 808 868 quod
845 804 1120 868 Impressor
1156 803 1333 853 furavit
1370 803 1522 853 michi
1559 818 1716 874 unam·
1747 804 1938 867 copiam
1977 803 2037 854 de
2076 803 2293 869 epistola,
2333 810 2380 854 et

239 893 279 941 si
316 892 385 940 sic
423 896 521 948 est,
562 895 678 939 tunc
715 891 844 938 iuvat
880 886 1017 937 vobis
1044 888 1196 938 deus:
1236 893 1354 938 tunc
1392 902 1483 952 ego
1521 903 1620 938 non
1657 902 1857 953 possum
1893 889 2146 939 resistere:
2186 888 2271 938 sed
2309 895 2379 938 ta-

239 992 350 1025 men
393 991 482 1040 ego
519 974 626 1024 volo
666 973 801 1023 vohis
839 973 1024 1022 bonum
1063 972 1320 1022 consilium
1360 974 1502 1023 dare:
1550 972 1697 1023 Orate
1744 971 1903 1023 solum
1941 971 2062 1022 Octo
2109 973 2214 1024 dies
2263 989 2379 1023 con-

237 1063 371 1110 tinue
407 1061 545 1110 flexis
582 1058 805 1124 genubus
843 1063 890 1108 et
926 1059 1145 1107 invocate
1182 1059 1373 1108 ieiunus
1409 1064 1626 1108 sanctam
1662 1056 1897 1108 Helenam
1935 1073 2027 1123 que
2052 1058 2234 1108 invenit
2259 1057 2378 1109 Cru-

241 1162 344 1196 cem
392 1146 585 1195 Domini
632 1144 787 1194 nostri
832 1143 977 1193 Ihesu
1027 1143 1210 1193 christi.
1285 1143 1424 1193 Tunc
1471 1145 1651 1193 iterum
1698 1158 1784 1193 ero
1831 1143 2050 1193 invenire
2098 1142 2228 1193 illam
2276 1145 2374 1209 epi·
2398 1159 2444 1196 ιο,

239 1231 427 1281 stolam.
502 1230 642 1280 Tunc
682 1245 763 1278 vos
801 1229 977 1278 iterum
1015 1227 1140 1279 bene
1178 1228 1378 1278 stabitis
1452 1228 1580 1279 Ecce
1618 1228 1776 1278 videte
1803 1228 1935 1293 quod
1959 1226 2037 1277 illa
2065 1230 2225 1278 omnia
2254 1229 2378 1284 facio

237 1315 373 1366 vobis
413 1332 471 1366 ex
511 1315 747 1365 charitate
785 1314 1048 1386 Frater-na,
1097 1314 1223 1363 sicut
1272 1329 1443 1366 omnes
1492 1328 1660 1364 sumus
1707 1313 1909 1371 fratres»,
1960 1318 2009 1363 et
2054 1315 2215 1364 omnia
2253 1313 2379 1364 facio

237 1401 374 1451 vohis
413 1400 542 1465 quod
582 1401 724 1449 etiam
763 1399 987 1448 homines
1023 1403 1194 1449 tenent
1230 1397 1409 1465 aliquid
1448 1399 1508 1449 de
1544 1398 1695 1448 vohiS.
1769 1397 1934 1449 Valete
1961 1414 2019 1448 ex
2044 1398 2377 1464 Heydelberga

237 1486 363 1551 apud
405 1484 767 1536 Claudicantem
805 1484 1020 1549 Lipsium
1073 1485 1154 1549 qui
1202 1484 1315 1534 sinit
1351 1499 1503 1535 unum
1541 1483 1634 1534 sihi
1672 1494 1939 1534 cum'naso
1978 1485 2027 1534 in
2065 1482 2229 1534 culum
2268 1500 2380 1534 cur·
2423 1518 2431 1526 -

236 1586 364 1621 rere.
439 1570 479 1621 O
527 1570 709 1619 utinam
753 1584 838 1618 vos
884 1570 1027 1619 etiam
1077 1570 1245 1619 essetis
1295 1585 1406 1618 cuni
1451 1567 1557 1618 illo!
1604 1575 1723 1618 tunc
1770 1555 1868 1618 non
1916 1584 2040 1634 opus
2078 1575 2205 1620 esset
2243 1569 2446 1637 vobisws

236 1655 494 1719 disponere
534 1670 684 1704 unum
723 1652 941 1713 brillum‚
982 1654 1104 1713 Quia
1142 1655 1237 1718 ipsi
1274 1654 1442 1705 dicunt
1478 1654 1607 1719 quod
1647 1654 1798 1717 gratis
1834 1654 2171 1704 accommodat
2206 1656 2307 1704 uni.

522 1811 646 1860 Hoc
684 1825 835 1874 opus
873 1810 964 1859 est
1000 1806 1370 1874 lmpzessum
1407 1809 1612 1861 Berne

336 1904 352 1931 ⁸
521 1894 636 1946 Ubi
674 1900 933 1960 quatuoz
972 1895 1434 1960 pzedicatozum
1471 1895 1779 1945 Lucerne:

521 1979 1063 2035 Illuminauerunt
1100 1986 1285 2030 totam
1325 1975 1719 2030 Suitensium
1756 1981 2075 2045 regionem

521 2061 730 2129 Antecb
765 2060 1068 2115 Hochstat
1104 2066 1356 2116 vexauit
1391 2065 1625 2116 Ioanne
1657 2064 2031 2154 Capnionem
2392 2120 2434 2155 ²⁰

345 2247 363 2275 ⁴
395 2250 446 2301 Q’
477 2254 519 2294 5.
607 2248 642 2276 ¹⁵
672 2249 767 2293 illo.
797 2250 927 2291 Tunc
948 2253 989 2294 5.
1080 2248 1114 2275 ¹⁶
1147 2282 1156 2291 .
1179 2249 1301 2301 Quia.
1320 2254 1362 2291 5.
1453 2249 1693 2292 aecomdat
1722 2253 1766 2291 5.
1853 2247 1890 2276 ¹⁷
1918 2250 1982 2292 Hi
2010 2255 2209 2304 quattuor
2235 2264 2380 2292 versus
2441 2239 2446 2247 ⁴

229 2323 354 2373 finem
379 2322 548 2374 faciunt
577 2323 770 2374 exemplo
801 2324 842 2362 5.
958 2320 997 2347 ²⁰
1025 2320 1256 2362 Hochstat
1284 2322 1347 2362 sic
1376 2324 1417 2362 5.
1446 2311 1449 2313 ’
1533 2321 1610 2363 Ex
1638 2321 1945 2362 recentioribus
1974 2323 2180 2375 eoeemplis
2218 2323 2301 2362 iam
2336 2323 2383 2363 id

236 2393 351 2446 quod
377 2406 418 2433 a.
444 2390 569 2435 1556.
592 2390 680 2435 16⁰.
701 2393 856 2433 editum
885 2397 969 2443 est,
1001 2393 1044 2433 in
1067 2394 1154 2444 fine
1184 2392 1276 2433 Izoec
1304 2392 1454 2433 habet:

783 2463 940 2505 Romae
972 2463 1212 2517 Stampato
1244 2476 1330 2504 con
1359 2461 1605 2517 priuilegio
1636 2463 1710 2505 del
1739 2465 1826 2505 Pa-

906 2547 989 2587 pa,
1022 2532 1061 2575 δι
1091 2534 1355 2575 confirmato
1386 2534 1434 2574 in
1462 2533 1595 2589 lugo,
1629 2534 1727 2588 (11ιίΧ

1070 2605 1209 2659 vulgo
1240 2604 1433 2656 dicitur,
1463 2603 1550 2645 Bel

1214 2674 1398 2718 vedere.
