2456 4264
65 276 339 308 svmmvu
359 275 526 306 ‘rouvs
546 275 761 307 unam-11.
829 276 887 304 ms:
909 276 1156 306 amsa-oms
1178 277 1222 306 o.
1245 278 1290 308 v.
1314 277 1371 305 ΕΤ
1393 276 1452 305 m:
1476 277 1861 307 morus-ruffina
1884 279 2040 308 Pmnc.
2107 255 2226 313 159

61 421 181 458 vero
213 420 315 456 non
349 391 501 456 modo
537 407 832 478 damnatos,
884 421 1056 458 verum
1092 412 1143 456 et
1171 407 1378 469 publice
1412 408 1557 457 haud
1591 409 1884 458 indecenter
1932 411 2226 460 combustos.

64 491 205 552 Quod
238 492 290 540 in
327 491 470 540 nobis
493 494 644 553 quale
666 495 732 541 sit
745 493 1022 555 probitatis
1044 493 1242 553 siqnum
1267 506 1367 541 non
1394 497 1467 541 est
1489 507 1648 542 meum
1674 495 1921 543 iudicare.
1998 494 2042 542 (I
2079 495 2230 543 Nunc

57 579 206 638 finem
241 576 360 625 huic
393 579 670 626 summario
707 579 1037 640 imponamus.
1113 577 1384 638 Postquam
1423 579 1705 638 orthodoxe
1737 580 1864 638 fidei
1885 581 2147 640 neqocium
2174 586 2230 629 ut

58 662 215 711 multa
238 648 363 709 ‘alia
398 675 494 722 que
528 664 766 724 superius
814 667 930 712 sunt
974 663 1239 723 explicata
1276 667 1601 712 transeunter
1639 665 1887 723 omittam,
1940 664 2013 711 ad
2054 678 2226 712 sacro-

17 763 41 796 s
58 750 286 797 sanctam
321 746 488 795 sedem
525 749 858 808 apostolicam
886 761 988 810 per
1023 749 1157 796 viam
1183 749 1547 809 appellationis
1571 762 1605 796 a
1630 749 1907 797 reverendo
1933 750 2228 810 inquisitore

57 836 132 882 est
175 831 484 891 devolutuim
531 833 824 882 sollicitavit
858 833 1079 882 Ioannes
1116 832 1367 881 Reuchlin
1413 834 1465 881 in
1503 834 1626 882 urbe
1662 833 1923 892 Romana,
1975 838 2029 881 ut
2063 839 2227 881 stante

54 917 163 967 illic
184 916 272 964 lite
296 916 431 968 ultro
454 917 685 978 citroque
707 919 957 967 silentium
994 919 1352 980 imponeretur.
1432 917 1539 974 Quo
1570 915 1736 977 facto,
1779 922 1828 965 et
1864 918 1920 965 id
1954 918 2093 965 nobis
2145 919 2228 965 -ite

57 1001 460 1061 observantibuS,
513 1001 858 1062 Reuchliniste
895 1004 997 1064 ipsi
1028 1016 1238 1051 servare
1274 1005 1600 1061 recusarunt,
1654 1006 1704 1048 et
1739 1003 1872 1050 velut
1907 1002 2115 1049 rebelles
2152 1009 2225 1050 at-

55 1099 152 1148 que
186 1085 633 1135 inobedientissimi
664 1092 991 1146 sacrosancte
1027 1088 1140 1136 sedi
1172 1087 1461 1149 apostolice,
1499 1088 1649 1145 finem
1687 1086 1791 1134 illic
1828 1087 2028 1146 neqociz·
2049 1100 2225 1135 sacra-

2 1172 293 1232 „ausimum
331 1171 660 1232 ultimamque
696 1173 997 1221 decisionem
1034 1178 1313 1234 expectare
1349 1172 1639 1231 noluerunt,
1681 1172 1771 1219 sed
1795 1184 1886 1219 nos
1912 1185 2078 1220 omnes
2102 1173 2226 1220 scri-

53 1256 213 1305 bendo
238 1256 471 1317 turpiter
496 1258 877 1318 prevenienteS,
918 1271 1079 1318 neque
1104 1261 1362 1319 postremo
1399 1257 1578 1318 ipsum,
1622 1256 1694 1303 ad
1728 1256 1822 1304 hoc
1855 1269 2064 1317 presens
2101 1270 2226 1317 opus

33 1341 302 1390 'edendum
338 1342 612 1389 temerario
658 1355 813 1401 ausu,
866 1343 1002 1391 ultro
1051 1355 1115 1391 ac
1160 1343 1363 1390 minime
1399 1342 1494 1400 lesi
1516 1345 1885 1402 provocantes,
1927 1355 2045 1403 per„
2067 1346 2224 1390 totam

54 1426 483 1476 Christianitatem
519 1439 664 1475 suam
701 1427 1042 1476 execrabilem
1079 1427 1292 1486 heresim
1331 1439 1395 1474 ac
1430 1426 1736 1475 diabolicum
1767 1427 1907 1475 virus
1942 1427 1993 1474 in
2020 1427 2226 1484 ecclesie

51 1511 350 1561 scandalum
387 1512 705 1573 omniumque
739 1502 966 1561 nostrum
1003 1511 1274 1573 infamiam
1321 1512 1635 1574 effuderunt.
1711 1511 1819 1570 Hec
1866 1513 2035 1559 omnia
2076 1511 2223 1559 modo

0 1595 469 1657 nodeclarabuntur,
510 1600 567 1644 ut
608 1599 738 1647 iusto
775 1598 979 1646 tandem
1016 1599 1184 1646 iudice
1219 1599 1390 1646 vincat
1424 1598 1616 1655 veritas
1650 1602 1698 1645 et
1733 1597 1973 1658 nepharii
2005 1596 2228 1644 homines

51 1695 263 1744 quorum
287 1677 312 1748 ss
334 1682 541 1730 nomina
579 1696 680 1731 non
703 1687 820 1732 sunt
841 1682 1096 1744 expressa
1112 1684 1342 1731 meritam
1369 1682 1672 1743 quandoque
1695 1695 1781 1740 sue
1805 1684 2101 1732 temeritatis
2116 1678 2344 1746 joe-(31¹⁴)

49 1780 168 1817 nam
204 1771 255 1815 et
287 1767 687 1816 maledictionem
725 1781 758 1814 a
798 1768 987 1817 Christi
1018 1770 1070 1817 in
1108 1770 1259 1817 terris
1294 1769 1489 1817 vicario
1523 1772 1915 1828 consequantur.

305 1893 391 1943 De
426 1895 725 1956 epistolis
762 1896 1181 1945 obscurorum
1218 1897 1502 1944 virorum
1539 1900 1587 1944 et
1624 1895 1688 1944 de
1715 1899 1968 1956 protesta-

307 1980 444 2028 tione
469 1981 762 2041 principali
795 1982 848 2029 in
885 1982 1028 2029 titulo
1064 1981 1188 2029 libri
1210 1981 1411 2042 posita,
1461 1994 1538 2028 me
1574 1981 1766 2029 scilicet
1803 1982 1967 2028 incre-

0 2083 43 2117 au
309 2064 457 2113 dibili
489 2065 906 2114 adversariorum
942 2067 1150 2114 malicia
1179 2071 1542 2127 provocatum,
1595 2070 1651 2113 ut
1687 2070 1840 2126 rupto
1867 2079 1970 2126 per

472 2150 585 2199 illos
619 2151 820 2200 silentio
856 2151 993 2199 hanc
1030 2152 1216 2200 invitus
1253 2151 1451 2199 ederem
1490 2150 1798 2211 apoloqiam.

193 2248 237 2296 (Ι
274 2248 424 2298 Nunc
459 2253 627 2297 autem
664 2255 722 2298 ut
748 2251 1002 2312 premissa
1049 2250 1335 2309 ostendam,
1393 2262 1487 2310 eqo
1525 2250 1750 2310 primum
1798 2263 2084 2310 conqueror
2130 2252 2224 2300 deo

51 2340 101 2385 et
133 2334 440 2394 hominibus,
481 2335 590 2393 celo
626 2339 676 2383 et
710 2340 862 2395 terre,
903 2337 1108 2396 quantis
1143 2348 1237 2396 eqo
1265 2335 1588 2396 perditorum
1625 2334 1879 2382 hominum
1915 2337 2225 2384 contumeliis

52 2426 143 2470 aut
177 2420 330 2470 unius
358 2418 588 2478 fortasse
622 2420 881 2469 nebulonis
915 2421 1126 2469 malicia
1162 2421 1443 2479 lacessitus,
1485 2420 1620 2467 hunc
1655 2432 1815 2468 meum
1839 2419 2025 2468 librum
2050 2421 2223 2470 catho-

0 2510 38 2546 ’ἐ
54 2506 208 2556 licum
243 2509 293 2553 et
326 2505 529 2553 minime
555 2503 817 2564 famosum
855 2507 928 2554 ad
953 2506 1354 2554 Christianorum
1392 2506 1609 2553 omnium
1635 2486 2050 2563 informationem
2075 2506 2225 2553 edere

47 2591 343 2654 procuravi.
418 2589 672 2651 Impresse
715 2596 834 2639 sunt
877 2592 1038 2651 iqitur
1084 2592 1224 2639 intra
1262 2603 1449 2638 annum
1487 2594 1535 2638 et
1570 2590 1758 2637 silentii
1791 2594 1985 2650 tempus
2021 2591 2226 2651 epistole

53 2676 247 2737 aliquot
277 2672 618 2735 famosissime
653 2680 704 2724 et
740 2674 960 2734 infames
997 2689 1091 2736 que
1130 2676 1457 2725 obscurorum
1494 2676 1720 2724 virorum
1759 2675 2130 2735 inscribuntur,
2173 2677 2224 2724 in

53 2759 232 2822 quibus
265 2772 361 2820 eqo
396 2760 651 2821 ceterique
697 2762 800 2809 viri
834 2762 1232 2823 prestantissimi
1275 2766 1323 2809 et
1369 2761 1548 2822 optimi
1581 2761 1671 2821 qui
1702 2773 1756 2808 se
1792 2772 2014 2820 unquam
2050 2774 2224 2809 sacra-

53 2845 241 2895 tissimo
271 2844 401 2904 fidei
432 2846 647 2906 neyocio
675 2859 778 2907 pro
814 2859 893 2894 me
927 2851 978 2895 et
1013 2847 1227 2895 ecclesia
1264 2847 1350 2894 dei
1383 2847 1790 2910 interposuerunt
1827 2846 2009 2893 mirum
2048 2846 2097 2892 in
2124 2858 2224 2893 mo-

0 2934 44 2972 a
58 2931 174 2980 dum
209 2930 595 2980 exulcerantur.
670 2916 1032 2981 Inscribuntur
1068 2936 1232 2981 autem
1271 2931 1351 2990 (ut
1387 2931 1524 2992 dixi)
1565 2931 1886 2979 obscurorum
1925 2931 2147 2979 virorum
2175 2936 2227 2978 ut

54 3015 174 3065 libri
197 3013 529 3077 frontispicio
565 3029 666 3065 non
701 3017 850 3066 modo
885 3018 1075 3079 seipsos
1111 3016 1329 3077 infames
1365 3016 1664 3075 redderent,
1707 3016 2030 3063 verumetiam
2068 3028 2228 3075 neque

55 3100 211 3159 celum
247 3113 407 3161 neque
442 3105 635 3150 terram
672 3103 1072 3163 extimescentes,
1116 3103 1250 3151 nulli
1272 3106 1554 3163 parcerent
1591 3100 1920 3162 impudentie,
1956 3114 2057 3163 per
2092 3101 2227 3148 mille

54 3185 323 3237 mendacia
359 3198 424 3234 ac
459 3185 817 3248 blasphemias,
858 3193 964 3236 tum
1002 3189 1055 3236 in
1094 3188 1357 3237 ecclesiam
1384 3187 1482 3247 dei,
1525 3191 1627 3234 tum
1655 3187 1705 3233 in
1730 3192 1933 3233 sanctos
1958 3186 2079 3245 eius,
2121 3191 2224 3233 tum

54 3269 108 3321 in
143 3271 383 3332 optimum
421 3284 666 3333 quemque
701 3274 850 3322 minis
887 3274 1167 3335 apostatice
1204 3271 1594 3330 debacchandO,
1648 3272 1720 3319 ita
1766 3271 1915 3319 etiam
1963 3275 2019 3319 ut
2066 3284 2227 3331 neque

13 3347 232 3417 ⁸⁸³1udei‚
283 3368 445 3417 neque
489 3356 725 3418 heretici,
776 3371 937 3419 neque
971 3357 1316 3418 Sarrhaceni,
1369 3370 1531 3417 neque
1573 3354 1887 3410 Thurcorum
1937 3352 2243 3415 nebulones,'

56 3445 147 3494 md
179 3445 351 3491 scorta
386 3442 655 3490 multorum
693 3455 958 3503 annorum,
1001 3444 1149 3491 immo
1187 3447 1236 3490 et
1271 3455 1335 3490 ne
1371 3439 1533 3501 inferi
1555 3455 1738 3502 omnes,
1782 3445 1927 3489 tanta
1951 3441 2225 3490 maledicta

57 3526 260 3588 tamque
292 3523 562 3575 mendaces
599 3527 870 3576 invectivas
906 3533 955 3575 et
982 3528 1195 3589 publica
1233 3527 1437 3575 tandem
1474 3526 1727 3574 scandala
1766 3528 2065 3587 excoqitare
2104 3539 2223 3588 pos-

57 3614 181 3686 sent.
259 3610 403 3669 Quod
449 3616 505 3659 ut
542 3612 656 3660 luce
691 3612 884 3686 clarius
921 3613 1243 3673 ostendatur,
1285 3624 1464 3672 pauca
1510 3616 1625 3660 sunt
1662 3624 1690 3658 e
1725 3612 1890 3659 multis
1927 3611 2224 3659 adnotanda

174 3695 416 3745 instinctu
439 3697 655 3757 maliqni
686 3698 896 3759 spiritus
932 3698 1119 3759 absque
1154 3710 1359 3746 suorum
1398 3698 1653 3746 nominum
1690 3701 1738 3744 et
1775 3697 1878 3745 loci
1903 3693 2225 3757 professione

0 3772 143 3851 {Dsid
173 3781 309 3842 quod
343 3781 702 3831 levissimorum
740 3787 813 3831 est
848 3782 1125 3845 hominum)
1164 3784 1215 3832 in
1252 3783 1411 3833 lucem
1449 3783 1599 3831 edere
1635 3796 1733 3830 non
1771 3782 2095 3830 erubuerunt.
2161 3777 2222 3825 In

169 3903 207 3932 ³⁴
235 3907 372 3948 minis
406 3910 445 3948 1.
478 3907 579 3960 (non
610 3908 762 3960 nimis)
