2456 4264
332 304 626 337 HOGHSTRATI
647 305 891 335 APOLOGIAE
911 306 966 334 11.
990 303 1284 334 mromu‘no
1305 303 1366 332 AD
1387 302 1646 332 LECTOREM.
1670 302 1717 330 M.
1739 300 1849 330 AVG.
1869 301 1912 333 A.
1936 296 2036 331 1518.
2136 274 2258 334 435

103 438 349 486 brevitatis
371 439 533 498 qratia
558 436 845 497 omittamus)
883 437 947 482 ad
978 436 1075 483 dies
1101 439 1393 495 opportunos
1424 447 1666 495 suspensa,
1703 437 1977 495 supervenit
2000 448 2123 480 anno
2146 445 2261 494 pre-

103 509 289 557 cedenti
321 509 512 569 quidam
545 509 755 568 dialoyus
791 509 984 568 Georqio
1020 506 1227 567 Benigno
1263 519 1502 552 nazareno
1532 508 1821 566 asscriptus,
1859 508 1907 552 in
1935 505 2153 568 favorem
2179 504 2265 552 Ca-

98 581 288 640 pnionis
312 581 464 626 editus
487 582 628 641 atque
663 582 931 640 impressus,
968 581 1048 624 cui
1077 582 1208 624 certe
1243 577 1331 623 hoc
1348 577 1477 637 festo
1503 578 1752 637 paschatis
1778 581 2014 638 preterito
2049 579 2168 624 satis
2187 589 2266 623 su-

96 664 281 712 perque
314 653 363 697 in
390 653 553 711 prima
588 655 755 697 nostra
793 652 1018 711 Apoloyia
1061 651 1177 696 duce
1208 642 1423 696 'veritate
1464 651 1815 708 respondimus,
1858 651 1985 696 illum
2025 650 2084 696 de
2128 648 2265 695 verbo

69 739 90 771 5
107 724 173 769 ad
198 722 387 770 verbum
415 723 704 768 adamussim
738 724 1012 768 recitantes.
1084 721 1188 767 Hoc
1217 724 1373 767 autem
1401 734 1509 766 cum
1530 720 1764 767 Reuchlin
1801 720 1950 782 (homo
1975 723 2110 768 nimis
2137 734 2263 766 mor-

103 791 220 855 dax)
260 797 309 840 et
338 795 422 840 alii
453 795 642 854 quidam
677 795 775 840 eius
810 795 988 849 assecle
1025 795 1267 853 insperato
1303 793 1760 855 animadverterent,
1799 806 1886 838 nec
1917 791 2267 839 rationabilibus

103 867 285 922 causis,
327 869 414 912 aut
448 865 686 912 catholicis
718 867 960 911 sententiis
994 866 1170 910 nostris
1204 863 1626 924 impuynationibus
1671 865 1894 910 resistere
1929 869 2152 924 possent,
2203 863 2269 908 ad

103 938 304 984 convitia
346 941 488 997 atque
525 938 781 983 invectivas
795 972 807 992 ,
847 937 1093 996 iniquitate
1137 948 1196 980 ac
1239 935 1472 995 falsitatis
1513 936 1685 994 plenas
1719 949 2027 995 proeressum
2067 939 2138 982 est
2174 938 2264 980 etc.

105 1009 280 1064 Preter
305 1021 425 1070 quas
458 1008 575 1054 nihil
601 1009 733 1054 aliud
762 1009 978 1067 responsi
1005 1009 1267 1065 accepimus
1303 1021 1440 1065 quam
1477 1006 1720 1052 libellulum
1752 1009 2007 1066 quendam,
2044 1011 2099 1053 ut
2133 1005 2268 1066 infra

51 1080 279 1130 invidebis
323 1082 442 1126 satis
486 1080 760 1136 ridiculum,
809 1093 839 1123 a
874 1078 1057 1124 Ioanne
1106 1080 1204 1123 sine
1242 1079 1446 1133 nomine,
1495 1079 1544 1123 in
1588 1076 1703 1123 urbe
1738 1077 1956 1124 Romana
1998 1082 2112 1124 ante
2155 1079 2271 1123 duos

104 1164 254 1198 annos
288 1153 614 1212 compositum,
646 1155 694 1196 et
727 1150 909 1205 Colonie
945 1151 1076 1208 apud
1110 1162 1218 1205 nos,
1255 1149 1381 1194 velut
1415 1162 1583 1194 novam
1615 1149 1819 1209 aliquam
1854 1150 2156 1206 Reuchlinice
2190 1149 2267 1194 de-

99 1222 329 1283 fensionis
357 1222 634 1279 machinam,
672 1234 827 1280 nuper
853 1220 1159 1280 publicatum.
1233 1220 1518 1279 Exposituri
1544 1221 1703 1280 iqitur,
1739 1222 1935 1268 candide
1969 1223 2126 1279 lector,
2149 1234 2268 1281 pre-

104 1295 222 1340 dicti
251 1295 400 1340 solum
434 1294 569 1340 libelli
598 1295 785 1348 merita,
819 1293 944 1338 hanc
979 1295 1192 1338 nostram
1223 1291 1499 1348 secundam,
1548 1305 1639 1351 que
1675 1292 1750 1337 hic
1783 1293 1993 1339 subiecta
2024 1296 2122 1350 est,
2154 1306 2265 1338 con-

99 1366 299 1426 fecimus
332 1367 629 1426 Apoloqiam,
664 1377 756 1425 que
795 1367 843 1409 et
870 1365 975 1423 ipsa
1010 1363 1098 1408 hoc
1128 1375 1292 1408 nomen
1329 1364 1528 1420 meruit,
1565 1376 1670 1408 cum
1705 1366 1953 1411 veritatem
1985 1364 2266 1411 catholicam

50 1453 87 1485 15
105 1436 261 1498 (quam
297 1437 504 1497 C'apnion
537 1447 842 1497 sepenumero
881 1435 1138 1497 temeravit)
1178 1435 1406 1480 adversus
1432 1435 1621 1494 yarruli
1647 1437 1885 1482 cuiusdam
1915 1437 2149 1497 sophiste‚
2183 1450 2264 1482 no-

102 1510 171 1554 bis
207 1510 376 1570 iqnoti,
425 1510 686 1564 vanitates,
729 1508 865 1553 immo
907 1510 955 1552 et
997 1506 1286 1566 blasphemos
1322 1519 1511 1552 errores
1551 1505 1615 1569 (id
1648 1509 1773 1567 quod
1806 1509 1988 1568 patebit
2016 1511 2065 1554 in
2094 1520 2263 1568 prose-

100 1576 299 1643 quendo)
343 1581 411 1626 ad
452 1582 597 1626 totius
645 1580 836 1633 ecclesie
882 1578 1111 1633 catholice
1157 1579 1359 1624 salutem
1387 1579 1651 1637 firmissime
1683 1582 1889 1626 tueatur.
1967 1580 2080 1628 Cum
2109 1584 2267 1627 autem

103 1647 174 1715 (ut
195 1652 343 1711 paulo
368 1655 483 1698 ante
507 1650 760 1714 attiqimus)
788 1662 936 1710 neque
959 1649 1134 1696 Ioanni
1159 1649 1404 1706 Reuchlin‚
1440 1663 1587 1710 neque
1613 1653 1794 1697 cunctis
1820 1652 1886 1698 ad
1908 1667 2053 1698 unum
2081 1652 2268 1699 Reueh-

0 1771 2 1787 .
102 1725 270 1770 linistis
316 1727 416 1769 tam
457 1724 602 1770 claris
647 1736 789 1783 quam
824 1722 1034 1768 obscuris
1081 1716 1150 1784 (ut
1179 1724 1226 1768 in
1258 1734 1430 1782 qenere
1463 1723 1608 1768 solum
1645 1727 1691 1768 et
1731 1725 1956 1770 neminem
1991 1725 2271 1785 offendendo

0 1796 5 1852 ζ
42 1811 87 1846 2⁰
102 1794 363 1856 loquamur)
391 1791 506 1855 post
534 1795 776 1840 editionem
807 1795 963 1854 prime
997 1796 1162 1849 nostre
1196 1794 1415 1854 Apoloqie
1462 1796 1710 1854 quicquam
1752 1798 2033 1856 suppetierit
2061 1798 2270 1843 rationa-

0 1854 6 1915 ἰ
100 1867 202 1912 bilis
235 1869 453 1926 responsi
487 1863 932 1929 (construxeramus
981 1867 1099 1911 enim
1137 1864 1323 1912 Christo
1368 1865 1484 1911 duce
1519 1866 1781 1925 machinam
1817 1869 2115 1914 invincibilem
2132 1904 2144 1925 ,
2193 1872 2268 1914 ut-

0 1922 6 1986 ¹.
97 1941 211 1998 pote
244 1933 533 1986 auctoritate
562 1951 815 1984 sacrarum
849 1938 1118 1983 litterarum
1153 1937 1302 1984 valide
1337 1934 1580 2000 munitam)
1614 1951 1673 1983 ne
1697 1952 1842 1984 causa
1871 1939 2120 2000 Capnionis
2134 1942 2270 1999 peni-

0 2011 3 2028 '
104 2014 180 2056 tus
207 2010 455 2071 indefensa
483 2010 730 2066 videretur,
761 2012 874 2068 post
906 2011 1052 2069 ipsius
1078 2009 1328 2054 maledicta
1356 2009 1697 2068 quamplurima
1725 2014 1773 2056 et
1796 2012 1994 2057 iniurias
2013 2012 2272 2072 falsitates,

0 2043 7 2143 ξ
102 2096 305 2142 quarum
329 2083 447 2129 duas
481 2083 631 2128 solum
667 2083 715 2127 in
740 2081 1024 2141 precedenti
1058 2081 1253 2140 epistola
1287 2079 1620 2141 perfunctorie
1649 2085 2122 2140 commemoravimus,
2152 2097 2269 2143 pre-

0 2155 3 2215 [
44 2170 91 2204 25
107 2157 267 2200 tensas
301 2155 439 2200 etiam
473 2154 703 2214 quasdam
739 2152 1117 2213 defensiunculas
1163 2154 1211 2197 in
1260 2152 1405 2198 libello
1450 2154 1525 2198 illo
1569 2154 1626 2198 de
1667 2168 1755 2214 quo
1802 2157 1964 2200 statim
1998 2157 2274 2202 mentionem

0 2219 2 2230 '
100 2224 200 2286 feci
231 2229 507 2281 contentas,
549 2227 674 2271 citra
710 2227 918 2271 auctoris
954 2220 1023 2287 (ut
1059 2223 1244 2270 obscuri
1266 2222 1432 2284 solent)
1462 2225 1806 2284 professionem
1832 2228 1879 2271 in
1916 2227 2061 2273 lucem
2098 2229 2276 2274 venisse

103 2298 310 2354 vidimus,
347 2310 467 2359 quas
494 2297 781 2343 reverendus
812 2300 861 2342 et
897 2297 1188 2342 clarissimus
1216 2296 1428 2342 dominus
1458 2296 1737 2356 Prepositus
1760 2298 2035 2356 Xantensis,
2073 2303 2186 2344 ante
2210 2299 2273 2344 bi-

103 2372 262 2416 matus
295 2371 524 2429 spacium,
562 2371 611 2414 in
646 2369 762 2414 urbe
793 2368 1010 2414 Romana
1046 2369 1218 2427 optime
1252 2369 1379 2414 novit
1414 2369 1719 2426 mendicatas,
1758 2373 1811 2415 ut
1846 2371 1936 2415 viri
1969 2371 2077 2417 boni
2111 2383 2274 2416 rerum

103 2444 416 2501 peractarum
438 2441 595 2497 rudes,
624 2442 783 2500 prime
806 2444 970 2496 nostre
994 2441 1227 2500 Apoloyie‚
1265 2454 1483 2500 maqnam
1514 2444 1748 2499 putarent
1779 2455 1871 2500 pro
1897 2441 2133 2502 Capnione
2170 2443 2275 2488 illa-

50 2529 92 2564 m
110 2517 209 2558 tam
244 2525 345 2560 esse
379 2515 493 2570 vim,
542 2516 590 2558 et
634 2511 867 2572 famosam
912 2514 1058 2572 ipsius
1093 2514 1140 2557 in
1174 2524 1263 2557 sua
1295 2512 1360 2557 ad
1391 2524 1668 2572 qenerosum
1705 2515 1917 2559 comitem
1952 2514 2279 2560 Hermannum

105 2585 164 2631 de
187 2584 387 2632 Nuenar
413 2585 627 2645 epistola,
662 2587 760 2631 tum
795 2585 1154 2643 responsionem,
1188 2587 1284 2629 tum
1312 2576 1700 2648 obiurssqationem
1734 2586 2002 2632 malevolam
2026 2599 2085 2632 ac
2112 2587 2254 2646 plane
2266 2592 2330 2646 (ξι
2345 2594 2387 2645 5)

106 2657 399 2715 mendacem,
429 2656 630 2716 nihilque
666 2656 796 2702 aliud
826 2670 965 2716 quam
991 2658 1149 2716 prime
1179 2659 1340 2711 nostre
1364 2655 1586 2716 Apoloqie
1610 2656 1934 2718 prefationem
1965 2659 2273 2716 cavillantem,

106 2742 202 2775 non
233 2728 486 2775 invalidam
520 2728 690 2784 videri,
739 2741 844 2774 cum
893 2732 1048 2774 tamen
1085 2727 1145 2783 he
1181 2728 1298 2774 dieti
1326 2727 1510 2773 libelluli
1548 2730 1872 2788 responsiones
1905 2733 2156 2792 utramque
2192 2744 2276 2776 no-

106 2804 262 2846 stram
297 2801 555 2861 apoloqiam
592 2799 772 2846 duobus
794 2802 1117 2859 precesserint
1153 2801 1306 2844 annis.
1382 2798 1503 2855 Quid
1541 2801 1686 2860 iqitur
1735 2803 1949 2860 turpius,
1993 2803 2106 2862 quid
2138 2803 2275 2849 dede-

51 2887 94 2922 35
108 2874 331 2931 corasius,
365 2872 481 2933 quid
516 2872 762 2918 ridiculum
799 2873 946 2932 maqis
969 2871 1143 2918 Ioanni
1165 2870 1394 2917 Reuchlin
1425 2873 1587 2930 potuit
1622 2875 1904 2933 continyere,
1942 2888 2082 2934 quam
2116 2878 2277 2921 vetera

109 2947 157 2990 et
192 2956 251 2990 ea
285 2944 467 3004 quidem
495 2945 676 2989 incerto
712 2943 839 2989 edita
872 2946 1069 2990 auctore
1103 2945 1151 2989 in
1187 2944 1334 2989 lucem
1365 2944 1476 2990 dari
1485 2947 1507 2988 ?
1544 2947 1600 2989 ut
1634 2945 1848 2991 obsoletis
1882 2946 1995 3004 illis,
2045 2959 2104 2992 ac
2139 2947 2281 2993 veluti

108 3018 157 3062 in
189 3016 461 3067 oblivionem
490 3015 699 3061 redactis
728 3028 846 3071 nove
882 3019 1046 3071 nostre
1080 3029 1138 3061 ac
1167 3015 1326 3075 prime
1361 3014 1585 3075 Apoloqie
1622 3021 1786 3063 contra
1821 3017 2052 3077 dialoqum
2085 3018 2278 3078 Georqio

111 3087 321 3148 Beniqno
357 3088 645 3147 asscriptum
686 3085 851 3147 (super
893 3102 987 3149 qua
1035 3086 1317 3147 temporibus
1364 3088 1452 3132 illis
1486 3086 1601 3134 nihil
1630 3103 1835 3149 unquam
1883 3091 2132 3149 cogitatum
2163 3089 2279 3150 fuit)

110 3162 265 3215 estate
301 3173 426 3205 nunc
461 3160 698 3218 preterita
732 3171 1009 3219 responsum
1041 3172 1141 3206 esse
1178 3159 1440 3215 videretur,
1487 3161 1715 3219 simplices
1754 3166 1802 3206 et
1846 3161 1985 3208 bonos
2019 3164 2143 3208 viros
2182 3165 2280 3207 tam

55 3244 98 3278 ⁴0
113 3229 300 3277 subdolo
337 3243 396 3276 ac
428 3230 587 3276 subtili
620 3229 916 3290 vaframento
943 3233 1216 3291 insipienter
1238 3231 1515 3277 seducendo.
1589 3232 1750 3292 Neque
1780 3232 1866 3278 hoc
1903 3235 2022 3279 satis
2055 3233 2166 3294 fuit,
2198 3234 2284 3280 sed

23 3315 25 3317 ’
111 3306 275 3349 vetera
307 3304 449 3348 etiam
486 3302 589 3359 illa,
626 3302 684 3348 de
719 3303 881 3362 quibus
918 3304 1052 3349 modo
1089 3303 1221 3358 dixi,
1268 3304 1418 3348 minus
1448 3303 1629 3362 inteqre
1661 3305 1887 3363 impressa
1923 3310 2060 3364 sunt,
2095 3307 2281 3352 clausu·

113 3374 206 3420 lam
241 3374 363 3420 illius
396 3373 532 3420 libelli
559 3374 750 3433 finalem
783 3375 993 3420 studiose
1028 3374 1310 3421 subticendo.
1385 3374 1484 3419 Nec
1518 3375 1627 3419 item
1662 3374 1749 3422 hoc
1789 3377 1990 3424 secundo
2019 3378 2168 3424 solum
2205 3378 2276 3437 of-

109 3445 351 3506 fendimur
386 3446 607 3503 crimine,
650 3446 736 3491 sed
771 3447 1010 3506 plerisque
1050 3461 1145 3505 pro
1177 3449 1326 3505 parte
1371 3450 1534 3491 nostra
1581 3448 2001 3508 impuqnationibus
2045 3452 2093 3495 in
2121 3448 2281 3509 forma

114 3517 269 3565 debita
291 3516 440 3573 Rome
468 3531 498 3562 a
522 3517 651 3563 nobis
678 3516 908 3563 adversus
933 3517 1214 3577 Capnionem
1241 3518 1438 3577 leyitime
1472 3516 1706 3575 exhibitis,
1746 3521 1792 3565 in
1827 3520 1916 3567 hoc
1951 3521 2094 3567 libello
2128 3522 2284 3580 inepte

58 3591 451 3651 upraetermissis
490 3590 689 3649 optimos
722 3602 924 3651 quosque
964 3584 1028 3651 (id
1057 3590 1180 3650 quod
1204 3589 1390 3650 factum
1424 3602 1517 3635 non
1553 3590 1781 3651 oportuit)
1816 3608 1846 3639 a
1884 3594 1957 3639 via
1993 3594 2207 3639 veritatis
2238 3594 2282 3637 in

228 3744 247 3771 ⁹
275 3740 548 3796 libellulum]
580 3742 611 3783 i.
634 3756 674 3784 e.
698 3743 776 3796 qui
797 3743 1045 3797 inscriptus
1069 3742 1308 3786 ‘Defensio
1330 3757 1453 3787 nova
1472 3745 1659 3787 Ioannis
1681 3746 1908 3788 Reuchlin
1932 3760 1986 3788 ex
2007 3746 2117 3786 urbo
2139 3746 2284 3786 Roma

120 3811 286 3866 allata,
318 3816 413 3869 idq3
446 3815 608 3870 paucis
642 3814 814 3856 abhinc
844 3814 1021 3855 diebus'
1055 3815 1267 3869 epistolis
1299 3816 1435 3857 trium
1468 3817 1717 3859 illustrium
1748 3818 1947 3859 virorum
1980 3818 2038 3858 ad
2060 3818 2281 3857 Herman-

47 3936 50 3938 η
117 3897 224 3928 num
244 3886 471 3929 Comitem
490 3887 773 3930 Nuenarium
803 3883 971 3940 (Indic.
995 3886 1304 3942 bibliograph.
1327 3888 1520 3931 Hutten.
1543 3903 1587 3942 p.
1609 3885 1687 3929 28*
1709 3902 1775 3941 sq.
1798 3902 1919 3932 num.
1943 3888 2094 3929 XIIII.
2118 3886 2283 3937 3.4.5.)

76 3986 77 3989 η
120 3956 327 4000 adiectus
357 3962 440 4001 est.

1770 4037 1915 4114 ⁸28*
