<?xml version="1.0" encoding="UTF-8"?>
<!DOCTYPE html PUBLIC "-//W3C//DTD XHTML 1.0 Transitional//EN"
    "http://www.w3.org/TR/xhtml1/DTD/xhtml1-transitional.dtd">
<html xmlns="http://www.w3.org/1999/xhtml" xml:lang="en" lang="en">
 <head>
  <title>
</title>
<meta http-equiv="Content-Type" content="text/html;charset=utf-8" />
  <meta name='ocr-system' content='tesseract 3.04.00' />
  <meta name='ocr-capabilities' content='ocr_page ocr_carea ocr_par ocr_line ocrx_word'/>
</head>
<body>
  <div class='ocr_page' id='page_1' title='image "./supoperaquaerepe01huttuoft_0493.png"; bbox 0 0 2456 4264; ppageno 0'>
   <div class='ocr_carea' id='block_1_1' title="bbox 342 263 2264 323">
    <p class='ocr_par' dir='ltr' id='par_1_1' title="bbox 342 263 2264 323">
     <span class='ocr_line' id='line_1_1' title="bbox 342 263 2264 323; baseline -0.001 -3"><span class='ocrx_word' id='word_1_1' title='bbox 342 290 513 321; x_wconf 77' lang='lat' dir='ltr'>ORATIO</span> <span class='ocrx_word' id='word_1_2' title='bbox 535 291 768 321; x_wconf 75' lang='lat' dir='ltr'><strong>FVNEBRIS</strong></span> <span class='ocrx_word' id='word_1_3' title='bbox 792 291 842 320; x_wconf 81' lang='lat' dir='ltr'>IN</span> <span class='ocrx_word' id='word_1_4' title='bbox 864 290 1052 321; x_wconf 70' lang='lat' dir='ltr'>LAVDEM</span> <span class='ocrx_word' id='word_1_5' title='bbox 1073 290 1265 320; x_wconf 80' lang='lat' dir='ltr'>IOANNIS</span> <span class='ocrx_word' id='word_1_6' title='bbox 1288 290 1519 319; x_wconf 75' lang='lat' dir='ltr'>CERDOMS</span> <span class='ocrx_word' id='word_1_7' title='bbox 1542 290 1578 320; x_wconf 85' lang='lat' dir='ltr'>S.</span> <span class='ocrx_word' id='word_1_8' title='bbox 1602 289 1900 320; x_wconf 78' lang='lat' dir='ltr'><strong>VADEMEGVM.</strong></span> <span class='ocrx_word' id='word_1_9' title='bbox 1921 290 2023 318; x_wconf 79' lang='lat' dir='ltr'>E&#39;rc.</span> <span class='ocrx_word' id='word_1_10' title='bbox 2141 263 2264 323; x_wconf 79' lang='grc'>453</span> 
     </span>
    </p>
   </div>
   <div class='ocr_carea' id='block_1_2' title="bbox 46 423 2321 1707">
    <p class='ocr_par' dir='ltr' id='par_1_2' title="bbox 46 423 2321 1707">
     <span class='ocr_line' id='line_1_2' title="bbox 103 423 2266 487; baseline -0.002 -12"><span class='ocrx_word' id='word_1_11' title='bbox 103 427 264 475; x_wconf 87' lang='lat' dir='ltr'>orandi</span> <span class='ocrx_word' id='word_1_12' title='bbox 299 431 348 473; x_wconf 88' lang='lat' dir='ltr'>et</span> <span class='ocrx_word' id='word_1_13' title='bbox 382 425 583 473; x_wconf 87' lang='lat' dir='ltr'>dicendi:</span> <span class='ocrx_word' id='word_1_14' title='bbox 633 439 768 487; x_wconf 90' lang='lat' dir='ltr'>quam</span> <span class='ocrx_word' id='word_1_15' title='bbox 806 426 1058 473; x_wconf 89' lang='lat' dir='ltr'>orationem</span> <span class='ocrx_word' id='word_1_16' title='bbox 1095 430 1286 487; x_wconf 91' lang='lat' dir='ltr'>propter</span> <span class='ocrx_word' id='word_1_17' title='bbox 1324 438 1479 472; x_wconf 93' lang='lat' dir='ltr'>omnes</span> <span class='ocrx_word' id='word_1_18' title='bbox 1516 423 1665 471; x_wconf 90' lang='lat' dir='ltr'>bonos</span> <span class='ocrx_word' id='word_1_19' title='bbox 1703 425 1848 476; x_wconf 91' lang='lat' dir='ltr'>viros,</span> <span class='ocrx_word' id='word_1_20' title='bbox 1899 425 1976 486; x_wconf 93' lang='lat' dir='ltr'>qui</span> <span class='ocrx_word' id='word_1_21' title='bbox 2023 425 2070 471; x_wconf 92' lang='lat' dir='ltr'>in</span> <span class='ocrx_word' id='word_1_22' title='bbox 2107 438 2266 472; x_wconf 91' lang='lat' dir='ltr'>eorum</span> 
     </span>
     <span class='ocr_line' id='line_1_3' title="bbox 105 495 2263 562; baseline -0.002 -14"><span class='ocrx_word' id='word_1_23' title='bbox 105 499 319 562; x_wconf 89' lang='lat' dir='ltr'>opinione</span> <span class='ocrx_word' id='word_1_24' title='bbox 356 503 466 544; x_wconf 91' lang='lat' dir='ltr'>sunt</span> <span class='ocrx_word' id='word_1_25' title='bbox 500 496 635 544; x_wconf 91' lang='lat' dir='ltr'>validi</span> <span class='ocrx_word' id='word_1_26' title='bbox 673 504 719 544; x_wconf 91' lang='lat' dir='ltr'>et</span> <span class='ocrx_word' id='word_1_27' title='bbox 757 503 1018 544; x_wconf 83' lang='lat' dir='ltr'><strong>constantes</strong></span> <span class='ocrx_word' id='word_1_28' title='bbox 1055 502 1374 559; x_wconf 83' lang='lat' dir='ltr'>permanentes</span> <span class='ocrx_word' id='word_1_29' title='bbox 1413 504 1459 543; x_wconf 91' lang='lat' dir='ltr'>et</span> <span class='ocrx_word' id='word_1_30' title='bbox 1494 496 1699 544; x_wconf 91' lang='lat' dir='ltr'>volentes</span> <span class='ocrx_word' id='word_1_31' title='bbox 1739 495 1911 543; x_wconf 92' lang='lat' dir='ltr'>salvare</span> <span class='ocrx_word' id='word_1_32' title='bbox 1948 510 2117 547; x_wconf 68' lang='lat' dir='ltr'>eorum,</span> <span class='ocrx_word' id='word_1_33' title='bbox 2153 498 2263 550; x_wconf 91' lang='lat' dir='ltr'>vias,</span> 
     </span>
     <span class='ocr_line' id='line_1_4' title="bbox 103 568 2266 632; baseline -0.001 -15"><span class='ocrx_word' id='word_1_34' title='bbox 103 571 159 618; x_wconf 87' lang='lat' dir='ltr'>ad</span> <span class='ocrx_word' id='word_1_35' title='bbox 194 568 541 632; x_wconf 89' lang='lat' dir='ltr'>imprimendum</span> <span class='ocrx_word' id='word_1_36' title='bbox 580 568 704 620; x_wconf 89' lang='lat' dir='ltr'>dedi,</span> <span class='ocrx_word' id='word_1_37' title='bbox 753 575 800 616; x_wconf 90' lang='lat' dir='ltr'>et</span> <span class='ocrx_word' id='word_1_38' title='bbox 836 568 947 622; x_wconf 90' lang='lat' dir='ltr'>tibi,</span> <span class='ocrx_word' id='word_1_39' title='bbox 997 570 1075 630; x_wconf 90' lang='lat' dir='ltr'>qui</span> <span class='ocrx_word' id='word_1_40' title='bbox 1113 581 1301 630; x_wconf 87' lang='lat' dir='ltr'>semper·</span> <span class='ocrx_word' id='word_1_41' title='bbox 1327 568 1532 616; x_wconf 83' lang='lat' dir='ltr'>defendis</span> <span class='ocrx_word' id='word_1_42' title='bbox 1571 570 1779 630; x_wconf 90' lang='lat' dir='ltr'>antiquas</span> <span class='ocrx_word' id='word_1_43' title='bbox 1815 581 1972 615; x_wconf 90' lang='lat' dir='ltr'>voces:</span> <span class='ocrx_word' id='word_1_44' title='bbox 2017 583 2109 616; x_wconf 90' lang='lat' dir='ltr'>non</span> <span class='ocrx_word' id='word_1_45' title='bbox 2146 569 2266 615; x_wconf 89' lang='lat' dir='ltr'>enim</span> 
     </span>
     <span class='ocr_line' id='line_1_5' title="bbox 103 635 2266 703; baseline -0.001 -15"><span class='ocrx_word' id='word_1_46' title='bbox 103 641 186 688; x_wconf 91' lang='lat' dir='ltr'>tibi</span> <span class='ocrx_word' id='word_1_47' title='bbox 221 641 374 703; x_wconf 91' lang='lat' dir='ltr'>placet</span> <span class='ocrx_word' id='word_1_48' title='bbox 410 640 560 687; x_wconf 86' lang='lat' dir='ltr'>dicere</span> <span class='ocrx_word' id='word_1_49' title='bbox 599 642 718 687; x_wconf 90' lang='lat' dir='ltr'>sicut</span> <span class='ocrx_word' id='word_1_50' title='bbox 752 639 909 687; x_wconf 90' lang='lat' dir='ltr'>dicunt</span> <span class='ocrx_word' id='word_1_51' title='bbox 946 641 1051 687; x_wconf 91' lang='lat' dir='ltr'>novi</span> <span class='ocrx_word' id='word_1_52' title='bbox 1090 635 1376 701; x_wconf 89' lang='lat' dir='ltr'>‘paracletus&#39;</span> <span class='ocrx_word' id='word_1_53' title='bbox 1417 640 1498 687; x_wconf 93' lang='lat' dir='ltr'>sed</span> <span class='ocrx_word' id='word_1_54' title='bbox 1547 640 1848 701; x_wconf 82' lang='lat' dir='ltr'>‘paraclytus’,</span> <span class='ocrx_word' id='word_1_55' title='bbox 1898 654 1989 687; x_wconf 90' lang='lat' dir='ltr'>non</span> <span class='ocrx_word' id='word_1_56' title='bbox 2036 639 2266 702; x_wconf 87' lang='lat' dir='ltr'>‘dyalecti-</span> 
     </span>
     <span class='ocr_line' id='line_1_6' title="bbox 52 711 2267 768; baseline -0.001 -7"><span class='ocrx_word' id='word_1_57' title='bbox 52 735 74 768; x_wconf 78' lang='lat'><strong>5</strong></span> <span class='ocrx_word' id='word_1_58' title='bbox 103 714 215 761; x_wconf 90' lang='lat' dir='ltr'>cam’</span> <span class='ocrx_word' id='word_1_59' title='bbox 263 712 343 759; x_wconf 90' lang='lat' dir='ltr'>sed</span> <span class='ocrx_word' id='word_1_60' title='bbox 391 711 714 764; x_wconf 85' lang='lat' dir='ltr'>‘dialecticam&#39;,</span> <span class='ocrx_word' id='word_1_61' title='bbox 760 726 852 759; x_wconf 91' lang='lat' dir='ltr'>non</span> <span class='ocrx_word' id='word_1_62' title='bbox 900 712 1255 759; x_wconf 89' lang='lat' dir='ltr'>‘conterraneus&#39;</span> <span class='ocrx_word' id='word_1_63' title='bbox 1304 712 1382 757; x_wconf 89' lang='lat' dir='ltr'>sed</span> <span class='ocrx_word' id='word_1_64' title='bbox 1430 711 1785 763; x_wconf 84' lang='lat' dir='ltr'>‘lantsmannus’,</span> <span class='ocrx_word' id='word_1_65' title='bbox 1840 725 1931 758; x_wconf 89' lang='lat' dir='ltr'>non</span> <span class='ocrx_word' id='word_1_66' title='bbox 1982 713 2141 759; x_wconf 85' lang='lat' dir='ltr'>‘anser’</span> <span class='ocrx_word' id='word_1_67' title='bbox 2187 712 2267 758; x_wconf 90' lang='lat' dir='ltr'>sed</span> 
     </span>
     <span class='ocr_line' id='line_1_7' title="bbox 105 778 2266 841; baseline -0.001 -9"><span class='ocrx_word' id='word_1_68' title='bbox 105 784 258 837; x_wconf 89' lang='lat' dir='ltr'>‘auca’,</span> <span class='ocrx_word' id='word_1_69' title='bbox 295 798 387 831; x_wconf 92' lang='lat' dir='ltr'>non</span> <span class='ocrx_word' id='word_1_70' title='bbox 425 782 749 831; x_wconf 87' lang='lat' dir='ltr'>‘carbonarius’</span> <span class='ocrx_word' id='word_1_71' title='bbox 786 783 867 831; x_wconf 88' lang='lat' dir='ltr'>sed</span> <span class='ocrx_word' id='word_1_72' title='bbox 905 782 1150 835; x_wconf 88' lang='lat' dir='ltr'>‘kolarius’,</span> <span class='ocrx_word' id='word_1_73' title='bbox 1199 797 1290 829; x_wconf 92' lang='lat' dir='ltr'>non</span> <span class='ocrx_word' id='word_1_74' title='bbox 1330 778 1507 841; x_wconf 77' lang='lat' dir='ltr'>‘scriba’</span> <span class='ocrx_word' id='word_1_75' title='bbox 1547 783 1626 829; x_wconf 90' lang='lat' dir='ltr'>sed</span> <span class='ocrx_word' id='word_1_76' title='bbox 1664 778 1889 834; x_wconf 91' lang='lat' dir='ltr'>‘stilatus’‚</span> <span class='ocrx_word' id='word_1_77' title='bbox 1938 798 2031 830; x_wconf 92' lang='lat' dir='ltr'>non</span> <span class='ocrx_word' id='word_1_78' title='bbox 2069 784 2266 830; x_wconf 89' lang='lat' dir='ltr'>‘cantha-</span> 
     </span>
     <span class='ocr_line' id='line_1_8' title="bbox 104 849 2267 917; baseline -0 -14"><span class='ocrx_word' id='word_1_79' title='bbox 104 857 198 903; x_wconf 89' lang='lat' dir='ltr'>rus’</span> <span class='ocrx_word' id='word_1_80' title='bbox 235 856 315 902; x_wconf 89' lang='lat' dir='ltr'>sed</span> <span class='ocrx_word' id='word_1_81' title='bbox 353 855 610 907; x_wconf 89' lang='lat' dir='ltr'>‘candalus’,</span> <span class='ocrx_word' id='word_1_82' title='bbox 649 869 739 901; x_wconf 92' lang='lat' dir='ltr'>non</span> <span class='ocrx_word' id='word_1_83' title='bbox 778 854 906 901; x_wconf 86' lang='lat' dir='ltr'>‘iuris</span> <span class='ocrx_word' id='word_1_84' title='bbox 943 856 1134 917; x_wconf 91' lang='lat' dir='ltr'>peritus&#39;</span> <span class='ocrx_word' id='word_1_85' title='bbox 1173 854 1251 900; x_wconf 90' lang='lat' dir='ltr'>sed</span> <span class='ocrx_word' id='word_1_86' title='bbox 1291 854 1494 906; x_wconf 89' lang='lat' dir='ltr'>‘iurista&#39;,</span> <span class='ocrx_word' id='word_1_87' title='bbox 1543 868 1633 901; x_wconf 89' lang='lat' dir='ltr'>non</span> <span class='ocrx_word' id='word_1_88' title='bbox 1675 849 1921 915; x_wconf 90' lang='lat' dir='ltr'>‘capitium’</span> <span class='ocrx_word' id='word_1_89' title='bbox 1961 855 2038 901; x_wconf 87' lang='lat' dir='ltr'>sed</span> <span class='ocrx_word' id='word_1_90' title='bbox 2077 849 2267 915; x_wconf 83' lang='lat' dir='ltr'>‘gloria&#39;,</span> 
     </span>
     <span class='ocr_line' id='line_1_9' title="bbox 102 921 2269 990; baseline -0.001 -15"><span class='ocrx_word' id='word_1_91' title='bbox 102 941 195 990; x_wconf 75' lang='lat' dir='ltr'>non</span> <span class='ocrx_word' id='word_1_92' title='bbox 233 927 483 990; x_wconf 83' lang='lat' dir='ltr'>‘registum’</span> <span class='ocrx_word' id='word_1_93' title='bbox 522 927 601 974; x_wconf 90' lang='lat' dir='ltr'>sed</span> <span class='ocrx_word' id='word_1_94' title='bbox 639 926 929 988; x_wconf 86' lang='lat' dir='ltr'>‘registrum’,</span> <span class='ocrx_word' id='word_1_95' title='bbox 967 940 1059 974; x_wconf 90' lang='lat' dir='ltr'>non</span> <span class='ocrx_word' id='word_1_96' title='bbox 1098 934 1253 987; x_wconf 85' lang='lat' dir='ltr'>‘eques</span> <span class='ocrx_word' id='word_1_97' title='bbox 1291 926 1370 972; x_wconf 92' lang='lat' dir='ltr'>sed</span> <span class='ocrx_word' id='word_1_98' title='bbox 1407 925 1662 977; x_wconf 89' lang='lat' dir='ltr'>‘reuterus’‚</span> <span class='ocrx_word' id='word_1_99' title='bbox 1701 939 1794 971; x_wconf 91' lang='lat' dir='ltr'>non</span> <span class='ocrx_word' id='word_1_100' title='bbox 1832 921 2010 972; x_wconf 87' lang='lat' dir='ltr'>‘cicada’</span> <span class='ocrx_word' id='word_1_101' title='bbox 2038 926 2116 973; x_wconf 93' lang='lat' dir='ltr'>sed</span> <span class='ocrx_word' id='word_1_102' title='bbox 2146 926 2269 986; x_wconf 84' lang='lat' dir='ltr'>‘gril-</span> 
     </span>
     <span class='ocr_line' id='line_1_10' title="bbox 103 989 2269 1060; baseline -0.001 -14"><span class='ocrx_word' id='word_1_103' title='bbox 103 989 208 1052; x_wconf 88' lang='lat' dir='ltr'>lus&#39;,</span> <span class='ocrx_word' id='word_1_104' title='bbox 256 1005 303 1046; x_wconf 91' lang='lat' dir='ltr'>et</span> <span class='ocrx_word' id='word_1_105' title='bbox 334 998 521 1046; x_wconf 78' lang='lat' dir='ltr'>multos</span> <span class='ocrx_word' id='word_1_106' title='bbox 567 998 681 1044; x_wconf 86' lang='lat' dir='ltr'>tales</span> <span class='ocrx_word' id='word_1_107' title='bbox 728 1011 912 1045; x_wconf 88' lang='lat' dir='ltr'>errores</span> <span class='ocrx_word' id='word_1_108' title='bbox 950 1010 1130 1060; x_wconf 85' lang='lat' dir='ltr'>semper</span> <span class='ocrx_word' id='word_1_109' title='bbox 1167 996 1347 1044; x_wconf 91' lang='lat' dir='ltr'>laboras</span> <span class='ocrx_word' id='word_1_110' title='bbox 1386 997 1638 1058; x_wconf 83' lang='lat' dir='ltr'>extirpare:</span> <span class='ocrx_word' id='word_1_111' title='bbox 1689 1002 1970 1059; x_wconf 89' lang='lat' dir='ltr'>quapropter</span> <span class='ocrx_word' id='word_1_112' title='bbox 2006 997 2095 1044; x_wconf 94' lang='lat' dir='ltr'>hoc</span> <span class='ocrx_word' id='word_1_113' title='bbox 2131 996 2269 1044; x_wconf 87' lang='lat' dir='ltr'>Vade-</span> 
     </span>
     <span class='ocr_line' id='line_1_11' title="bbox 48 1069 708 1122; baseline -0.008 -1"><span class='ocrx_word' id='word_1_114' title='bbox 48 1086 90 1122; x_wconf 81' lang='grc' dir='ltr'>ιο</span> <span class='ocrx_word' id='word_1_115' title='bbox 105 1085 284 1119; x_wconf 89' lang='lat' dir='ltr'>mecum</span> <span class='ocrx_word' id='word_1_116' title='bbox 319 1069 402 1118; x_wconf 88' lang='lat' dir='ltr'>tibi</span> <span class='ocrx_word' id='word_1_117' title='bbox 438 1070 546 1117; x_wconf 88' lang='lat' dir='ltr'>dare</span> <span class='ocrx_word' id='word_1_118' title='bbox 581 1069 708 1122; x_wconf 91' lang='lat' dir='ltr'>volo,</span> 
     </span>
     <span class='ocr_line' id='line_1_12' title="bbox 269 1138 1771 1202; baseline -0.003 -13"><span class='ocrx_word' id='word_1_119' title='bbox 269 1155 274 1166; x_wconf 95' lang='grc'><em>·</em></span> <span class='ocrx_word' id='word_1_120' title='bbox 547 1139 688 1198; x_wconf 84' lang='lat' dir='ltr'>Quem</span> <span class='ocrx_word' id='word_1_121' title='bbox 723 1147 900 1188; x_wconf 90' lang='lat' dir='ltr'>veteres</span> <span class='ocrx_word' id='word_1_122' title='bbox 936 1141 1048 1188; x_wconf 93' lang='lat' dir='ltr'>socii</span> <span class='ocrx_word' id='word_1_123' title='bbox 1082 1138 1328 1190; x_wconf 90' lang='lat' dir='ltr'>noluerunt</span> <span class='ocrx_word' id='word_1_124' title='bbox 1363 1138 1559 1202; x_wconf 89' lang='lat' dir='ltr'>pandere</span> <span class='ocrx_word' id='word_1_125' title='bbox 1596 1139 1771 1191; x_wconf 87' lang='lat' dir='ltr'>charis,</span> 
     </span>
     <span class='ocr_line' id='line_1_13' title="bbox 102 1212 216 1270; baseline -0.009 -9"><span class='ocrx_word' id='word_1_126' title='bbox 102 1212 216 1270; x_wconf 80' lang='lat' dir='ltr'>Quia</span> 
     </span>
     <span class='ocr_line' id='line_1_14' title="bbox 546 1281 1742 1345; baseline -0.003 -13"><span class='ocrx_word' id='word_1_127' title='bbox 546 1284 667 1332; x_wconf 94' lang='lat' dir='ltr'>hunc</span> <span class='ocrx_word' id='word_1_128' title='bbox 703 1289 878 1330; x_wconf 90' lang='lat' dir='ltr'>veteres</span> <span class='ocrx_word' id='word_1_129' title='bbox 917 1283 1025 1330; x_wconf 92' lang='lat' dir='ltr'>olim</span> <span class='ocrx_word' id='word_1_130' title='bbox 1061 1281 1298 1345; x_wconf 84' lang='lat' dir='ltr'>pulchram</span> <span class='ocrx_word' id='word_1_131' title='bbox 1337 1282 1490 1329; x_wconf 85' lang='lat' dir='ltr'>dixere</span> <span class='ocrx_word' id='word_1_132' title='bbox 1525 1281 1742 1344; x_wconf 82' lang='lat' dir='ltr'>figuram,</span> 
     </span>
     <span class='ocr_line' id='line_1_15' title="bbox 103 1353 2321 1417; baseline -0.002 -13"><span class='ocrx_word' id='word_1_133' title='bbox 103 1356 295 1405; x_wconf 84' lang='lat' dir='ltr'>defende</span> <span class='ocrx_word' id='word_1_134' title='bbox 331 1357 421 1404; x_wconf 89' lang='lat' dir='ltr'>hoc</span> <span class='ocrx_word' id='word_1_135' title='bbox 456 1370 558 1404; x_wconf 89' lang='lat' dir='ltr'>cum</span> <span class='ocrx_word' id='word_1_136' title='bbox 599 1357 688 1403; x_wconf 91' lang='lat' dir='ltr'>tuis</span> <span class='ocrx_word' id='word_1_137' title='bbox 727 1355 1021 1417; x_wconf 90' lang='lat' dir='ltr'>complicibus</span> <span class='ocrx_word' id='word_1_138' title='bbox 1060 1360 1105 1401; x_wconf 90' lang='lat' dir='ltr'>et</span> <span class='ocrx_word' id='word_1_139' title='bbox 1142 1354 1409 1402; x_wconf 87' lang='lat' dir='ltr'>sociissimis</span> <span class='ocrx_word' id='word_1_140' title='bbox 1446 1354 1625 1406; x_wconf 87' lang='lat' dir='ltr'>amicis,</span> <span class='ocrx_word' id='word_1_141' title='bbox 1674 1360 1721 1400; x_wconf 92' lang='lat' dir='ltr'>et</span> <span class='ocrx_word' id='word_1_142' title='bbox 1767 1353 1888 1417; x_wconf 75' lang='lat' dir='ltr'>dicas</span> <span class='ocrx_word' id='word_1_143' title='bbox 1935 1359 1988 1400; x_wconf 90' lang='lat' dir='ltr'>ut</span> <span class='ocrx_word' id='word_1_144' title='bbox 2032 1367 2134 1401; x_wconf 86' lang='lat' dir='ltr'>eum</span> <span class='ocrx_word' id='word_1_145' title='bbox 2174 1368 2269 1401; x_wconf 91' lang='lat' dir='ltr'>mo·</span> <span class='ocrx_word' id='word_1_146' title='bbox 2319 1382 2321 1384; x_wconf 91' lang='lat'><em>-</em></span> 
     </span>
     <span class='ocr_line' id='line_1_16' title="bbox 46 1424 2268 1487; baseline -0.003 -10"><span class='ocrx_word' id='word_1_147' title='bbox 46 1429 210 1477; x_wconf 72' lang='lat' dir='ltr'>1⁵dum</span> <span class='ocrx_word' id='word_1_148' title='bbox 247 1434 431 1476; x_wconf 89' lang='lat' dir='ltr'>servant</span> <span class='ocrx_word' id='word_1_149' title='bbox 476 1434 522 1474; x_wconf 89' lang='lat' dir='ltr'>et</span> <span class='ocrx_word' id='word_1_150' title='bbox 566 1442 660 1474; x_wconf 93' lang='lat' dir='ltr'>non</span> <span class='ocrx_word' id='word_1_151' title='bbox 694 1425 864 1473; x_wconf 91' lang='lat' dir='ltr'>Erasmi</span> <span class='ocrx_word' id='word_1_152' title='bbox 903 1425 972 1472; x_wconf 90' lang='lat' dir='ltr'>vel</span> <span class='ocrx_word' id='word_1_153' title='bbox 1009 1425 1225 1473; x_wconf 92' lang='lat' dir='ltr'>Reuchlin</span> <span class='ocrx_word' id='word_1_154' title='bbox 1264 1426 1331 1472; x_wconf 90' lang='lat' dir='ltr'>vel</span> <span class='ocrx_word' id='word_1_155' title='bbox 1369 1425 1631 1472; x_wconf 84' lang='lat' dir='ltr'>Ciceronem</span> <span class='ocrx_word' id='word_1_156' title='bbox 1675 1427 1921 1487; x_wconf 83' lang='lat' dir='ltr'>accipiant,</span> <span class='ocrx_word' id='word_1_157' title='bbox 1971 1424 2083 1482; x_wconf 85' lang='lat' dir='ltr'>Quia</span> <span class='ocrx_word' id='word_1_158' title='bbox 2123 1426 2268 1472; x_wconf 89' lang='lat' dir='ltr'>omnis</span> 
     </span>
     <span class='ocr_line' id='line_1_17' title="bbox 101 1497 2269 1562; baseline -0.002 -15"><span class='ocrx_word' id='word_1_159' title='bbox 101 1501 303 1553; x_wconf 84' lang='lat' dir='ltr'>novitas,</span> <span class='ocrx_word' id='word_1_160' title='bbox 342 1507 395 1546; x_wconf 90' lang='lat' dir='ltr'>ut</span> <span class='ocrx_word' id='word_1_161' title='bbox 428 1499 593 1562; x_wconf 74' lang='lat' dir='ltr'>iuriste</span> <span class='ocrx_word' id='word_1_162' title='bbox 631 1499 808 1551; x_wconf 90' lang='lat' dir='ltr'>dicunt,</span> <span class='ocrx_word' id='word_1_163' title='bbox 849 1504 919 1544; x_wconf 92' lang='lat' dir='ltr'>est</span> <span class='ocrx_word' id='word_1_164' title='bbox 956 1498 1127 1550; x_wconf 90' lang='lat' dir='ltr'>odiosa,</span> <span class='ocrx_word' id='word_1_165' title='bbox 1205 1497 1310 1545; x_wconf 87' lang='lat' dir='ltr'>Vale</span> <span class='ocrx_word' id='word_1_166' title='bbox 1349 1512 1460 1559; x_wconf 82' lang='lat' dir='ltr'>ergo</span> <span class='ocrx_word' id='word_1_167' title='bbox 1499 1504 1546 1545; x_wconf 90' lang='lat' dir='ltr'>et</span> <span class='ocrx_word' id='word_1_168' title='bbox 1584 1498 1835 1544; x_wconf 89' lang='lat' dir='ltr'>orationem</span> <span class='ocrx_word' id='word_1_169' title='bbox 1876 1511 1984 1559; x_wconf 75' lang='lat' dir='ltr'>sepe</span> <span class='ocrx_word' id='word_1_170' title='bbox 2021 1497 2123 1559; x_wconf 82' lang='lat' dir='ltr'>lege</span> <span class='ocrx_word' id='word_1_171' title='bbox 2150 1511 2269 1543; x_wconf 90' lang='lat' dir='ltr'>eam-</span> 
     </span>
     <span class='ocr_line' id='line_1_18' title="bbox 101 1568 2269 1634; baseline -0.002 -15"><span class='ocrx_word' id='word_1_172' title='bbox 101 1586 191 1634; x_wconf 92' lang='lat' dir='ltr'>que</span> <span class='ocrx_word' id='word_1_173' title='bbox 226 1571 462 1633; x_wconf 85' lang='lat' dir='ltr'>legendam</span> <span class='ocrx_word' id='word_1_174' title='bbox 499 1572 697 1634; x_wconf 85' lang='lat' dir='ltr'>antiquis</span> <span class='ocrx_word' id='word_1_175' title='bbox 743 1570 974 1617; x_wconf 90' lang='lat' dir='ltr'>modernis</span> <span class='ocrx_word' id='word_1_176' title='bbox 1013 1569 1082 1616; x_wconf 91' lang='lat' dir='ltr'>da.</span> <span class='ocrx_word' id='word_1_177' title='bbox 1156 1570 1317 1617; x_wconf 91' lang='lat' dir='ltr'>Datum</span> <span class='ocrx_word' id='word_1_178' title='bbox 1354 1570 1401 1617; x_wconf 91' lang='lat' dir='ltr'>in</span> <span class='ocrx_word' id='word_1_179' title='bbox 1448 1570 1582 1616; x_wconf 90' lang='lat' dir='ltr'>domo</span> <span class='ocrx_word' id='word_1_180' title='bbox 1631 1584 1730 1617; x_wconf 90' lang='lat' dir='ltr'>mea</span> <span class='ocrx_word' id='word_1_181' title='bbox 1770 1582 1847 1616; x_wconf 62' lang='lat' dir='ltr'>sn.</span> <span class='ocrx_word' id='word_1_182' title='bbox 1888 1569 1999 1630; x_wconf 92' lang='lat' dir='ltr'>Iunij</span> <span class='ocrx_word' id='word_1_183' title='bbox 2047 1569 2151 1616; x_wconf 93' lang='lat' dir='ltr'>dum</span> <span class='ocrx_word' id='word_1_184' title='bbox 2192 1568 2269 1615; x_wconf 94' lang='lat' dir='ltr'>Sol</span> 
     </span>
     <span class='ocr_line' id='line_1_19' title="bbox 101 1641 1652 1707; baseline -0.003 -16"><span class='ocrx_word' id='word_1_185' title='bbox 101 1643 253 1692; x_wconf 83' lang='lat' dir='ltr'>coibat</span> <span class='ocrx_word' id='word_1_186' title='bbox 289 1658 391 1692; x_wconf 89' lang='lat' dir='ltr'>cum</span> <span class='ocrx_word' id='word_1_187' title='bbox 427 1643 552 1690; x_wconf 90' lang='lat' dir='ltr'>Luna</span> <span class='ocrx_word' id='word_1_188' title='bbox 589 1643 684 1689; x_wconf 91' lang='lat' dir='ltr'>sive</span> <span class='ocrx_word' id='word_1_189' title='bbox 721 1644 767 1688; x_wconf 91' lang='lat' dir='ltr'>in</span> <span class='ocrx_word' id='word_1_190' title='bbox 806 1642 1162 1707; x_wconf 85' lang='lat' dir='ltr'>Coniunctione,</span> <span class='ocrx_word' id='word_1_191' title='bbox 1201 1641 1247 1688; x_wconf 90' lang='lat' dir='ltr'>id</span> <span class='ocrx_word' id='word_1_192' title='bbox 1284 1647 1355 1689; x_wconf 90' lang='lat' dir='ltr'>est</span> <span class='ocrx_word' id='word_1_193' title='bbox 1391 1641 1652 1689; x_wconf 91' lang='lat' dir='ltr'>Nouilunio.</span> 
     </span>
    </p>
   </div>
   <div class='ocr_carea' id='block_1_3' title="bbox 41 1835 1989 2163">
    <p class='ocr_par' dir='ltr' id='par_1_3' title="bbox 41 1835 1989 2163">
     <span class='ocr_line' id='line_1_20' title="bbox 778 1835 1677 1891; baseline 0.002 -1"><span class='ocrx_word' id='word_1_194' title='bbox 778 1836 1069 1890; x_wconf 85' lang='lat' dir='ltr'>Ioannes</span> <span class='ocrx_word' id='word_1_195' title='bbox 1107 1835 1590 1891; x_wconf 86' lang='lat' dir='ltr'>Dormisecure</span> <span class='ocrx_word' id='word_1_196' title='bbox 1674 1857 1677 1861; x_wconf 92' lang='lat'>·</span> 
     </span>
     <span class='ocr_line' id='line_1_21' title="bbox 41 1921 1498 1993; baseline 0.001 -19"><span class='ocrx_word' id='word_1_197' title='bbox 41 1940 86 1974; x_wconf 84' lang='lat'>20</span> <span class='ocrx_word' id='word_1_198' title='bbox 255 1975 258 1978; x_wconf 77' lang='grc'>,</span> <span class='ocrx_word' id='word_1_199' title='bbox 867 1922 1031 1976; x_wconf 84' lang='lat' dir='ltr'>Petro</span> <span class='ocrx_word' id='word_1_200' title='bbox 1068 1921 1498 1993; x_wconf 83' lang='lat' dir='ltr'>Tardesurgerio</span> 
     </span>
     <span class='ocr_line' id='line_1_22' title="bbox 813 2014 1556 2076; baseline 0.003 -16"><span class='ocrx_word' id='word_1_201' title='bbox 813 2027 930 2076; x_wconf 73' lang='lat' dir='ltr'>nove</span> <span class='ocrx_word' id='word_1_202' title='bbox 965 2014 1207 2061; x_wconf 87' lang='lat' dir='ltr'>latinitatis</span> <span class='ocrx_word' id='word_1_203' title='bbox 1243 2014 1556 2062; x_wconf 91' lang='lat' dir='ltr'>inimicissimo</span> 
     </span>
     <span class='ocr_line' id='line_1_23' title="bbox 390 2099 1989 2163; baseline -0.001 -15"><span class='ocrx_word' id='word_1_204' title='bbox 390 2100 501 2148; x_wconf 88' lang='lat' dir='ltr'>dicit</span> <span class='ocrx_word' id='word_1_205' title='bbox 538 2106 609 2148; x_wconf 91' lang='lat' dir='ltr'>tot</span> <span class='ocrx_word' id='word_1_206' title='bbox 646 2099 816 2147; x_wconf 87' lang='lat' dir='ltr'>salutes</span> <span class='ocrx_word' id='word_1_207' title='bbox 855 2106 971 2163; x_wconf 92' lang='lat' dir='ltr'>quot</span> <span class='ocrx_word' id='word_1_208' title='bbox 1008 2106 1117 2147; x_wconf 93' lang='lat' dir='ltr'>sunt</span> <span class='ocrx_word' id='word_1_209' title='bbox 1154 2114 1291 2160; x_wconf 89' lang='lat' dir='ltr'>grana</span> <span class='ocrx_word' id='word_1_210' title='bbox 1330 2099 1545 2146; x_wconf 85' lang='lat' dir='ltr'>frumenti</span> <span class='ocrx_word' id='word_1_211' title='bbox 1583 2102 1629 2146; x_wconf 90' lang='lat' dir='ltr'>in</span> <span class='ocrx_word' id='word_1_212' title='bbox 1669 2105 1767 2147; x_wconf 92' lang='lat' dir='ltr'>toto</span> <span class='ocrx_word' id='word_1_213' title='bbox 1806 2099 1989 2147; x_wconf 87' lang='lat' dir='ltr'>mundo.</span> 
     </span>
    </p>
   </div>
   <div class='ocr_carea' id='block_1_4' title="bbox 239 2214 2269 2279">
    <p class='ocr_par' dir='ltr' id='par_1_4' title="bbox 239 2214 2269 2279">
     <span class='ocr_line' id='line_1_24' title="bbox 239 2214 2269 2279; baseline -0.001 -17"><span class='ocrx_word' id='word_1_214' title='bbox 239 2215 351 2263; x_wconf 88' lang='lat' dir='ltr'>Cum</span> <span class='ocrx_word' id='word_1_215' title='bbox 396 2217 574 2279; x_wconf 84' lang='lat' dir='ltr'>igitur,</span> <span class='ocrx_word' id='word_1_216' title='bbox 622 2215 755 2263; x_wconf 91' lang='lat' dir='ltr'>Petre</span> <span class='ocrx_word' id='word_1_217' title='bbox 803 2214 1086 2266; x_wconf 87' lang='lat' dir='ltr'>dulcissime,</span> <span class='ocrx_word' id='word_1_218' title='bbox 1135 2221 1238 2261; x_wconf 92' lang='lat' dir='ltr'>ante</span> <span class='ocrx_word' id='word_1_219' title='bbox 1276 2221 1458 2262; x_wconf 90' lang='lat' dir='ltr'>centum</span> <span class='ocrx_word' id='word_1_220' title='bbox 1497 2229 1639 2262; x_wconf 88' lang='lat' dir='ltr'>annos</span> <span class='ocrx_word' id='word_1_221' title='bbox 1677 2220 1724 2261; x_wconf 94' lang='lat' dir='ltr'>et</span> <span class='ocrx_word' id='word_1_222' title='bbox 1760 2214 1880 2261; x_wconf 89' lang='lat' dir='ltr'>ultra</span> <span class='ocrx_word' id='word_1_223' title='bbox 1916 2214 2047 2261; x_wconf 92' lang='lat' dir='ltr'>multi</span> <span class='ocrx_word' id='word_1_224' title='bbox 2086 2220 2131 2261; x_wconf 89' lang='lat' dir='ltr'>et</span> <span class='ocrx_word' id='word_1_225' title='bbox 2167 2214 2269 2277; x_wconf 92' lang='lat' dir='ltr'>plu-</span> 
     </span>
    </p>
   </div>
   <div class='ocr_carea' id='block_1_5' title="bbox 7 2285 2268 2353">
    <p class='ocr_par' dir='ltr' id='par_1_5' title="bbox 7 2285 2268 2353">
     <span class='ocr_line' id='line_1_25' title="bbox 7 2285 2268 2353; baseline -0.002 -17"><span class='ocrx_word' id='word_1_226' title='bbox 7 2292 15 2300; x_wconf 86' lang='lat'><strong>‘</strong></span> <span class='ocrx_word' id='word_1_227' title='bbox 100 2289 203 2345; x_wconf 86' lang='lat' dir='ltr'>rimi</span> <span class='ocrx_word' id='word_1_228' title='bbox 237 2302 421 2353; x_wconf 84' lang='lat' dir='ltr'>semper</span> <span class='ocrx_word' id='word_1_229' title='bbox 457 2287 645 2335; x_wconf 81' lang='lat' dir='ltr'>fuerunt</span> <span class='ocrx_word' id='word_1_230' title='bbox 681 2289 727 2335; x_wconf 92' lang='lat' dir='ltr'>in</span> <span class='ocrx_word' id='word_1_231' title='bbox 764 2293 864 2334; x_wconf 92' lang='lat' dir='ltr'>toto</span> <span class='ocrx_word' id='word_1_232' title='bbox 905 2286 1016 2334; x_wconf 89' lang='lat' dir='ltr'>orbe</span> <span class='ocrx_word' id='word_1_233' title='bbox 1053 2285 1270 2334; x_wconf 89' lang='lat' dir='ltr'>Doctores</span> <span class='ocrx_word' id='word_1_234' title='bbox 1309 2285 1675 2333; x_wconf 84' lang='lat' dir='ltr'>excellentissimi</span> <span class='ocrx_word' id='word_1_235' title='bbox 1715 2286 1792 2347; x_wconf 90' lang='lat' dir='ltr'>qui</span> <span class='ocrx_word' id='word_1_236' title='bbox 1830 2286 2017 2333; x_wconf 84' lang='lat' dir='ltr'>fuerunt</span> <span class='ocrx_word' id='word_1_237' title='bbox 2054 2285 2268 2348; x_wconf 81' lang='lat' dir='ltr'>profundi</span> 
     </span>
    </p>
   </div>
   <div class='ocr_carea' id='block_1_6' title="bbox 44 2357 2270 2780">
    <p class='ocr_par' dir='ltr' id='par_1_6' title="bbox 44 2357 2270 2780">
     <span class='ocr_line' id='line_1_26' title="bbox 44 2357 2270 2422; baseline 0 -18"><span class='ocrx_word' id='word_1_238' title='bbox 44 2361 150 2408; x_wconf 65' lang='lat' dir='ltr'>eain</span> <span class='ocrx_word' id='word_1_239' title='bbox 187 2361 308 2408; x_wconf 90' lang='lat' dir='ltr'>omni</span> <span class='ocrx_word' id='word_1_240' title='bbox 347 2358 495 2408; x_wconf 89' lang='lat' dir='ltr'>scibili</span> <span class='ocrx_word' id='word_1_241' title='bbox 532 2366 579 2407; x_wconf 92' lang='lat' dir='ltr'>et</span> <span class='ocrx_word' id='word_1_242' title='bbox 616 2359 848 2422; x_wconf 91' lang='lat' dir='ltr'>disputare</span> <span class='ocrx_word' id='word_1_243' title='bbox 886 2364 1139 2420; x_wconf 89' lang='lat' dir='ltr'>potuerunt</span> <span class='ocrx_word' id='word_1_244' title='bbox 1175 2359 1230 2404; x_wconf 90' lang='lat' dir='ltr'>de</span> <span class='ocrx_word' id='word_1_245' title='bbox 1267 2373 1534 2420; x_wconf 88' lang='lat' dir='ltr'>quacunque</span> <span class='ocrx_word' id='word_1_246' title='bbox 1571 2359 1760 2405; x_wconf 91' lang='lat' dir='ltr'>materia</span> <span class='ocrx_word' id='word_1_247' title='bbox 1785 2357 1875 2404; x_wconf 92' lang='lat' dir='ltr'>illis</span> <span class='ocrx_word' id='word_1_248' title='bbox 1900 2360 2154 2420; x_wconf 91' lang='lat' dir='ltr'>proposita,</span> <span class='ocrx_word' id='word_1_249' title='bbox 2191 2371 2270 2404; x_wconf 93' lang='lat' dir='ltr'>ne-</span> 
     </span>
     <span class='ocr_line' id='line_1_27' title="bbox 100 2429 2270 2494; baseline -0.001 -15"><span class='ocrx_word' id='word_1_250' title='bbox 100 2445 189 2494; x_wconf 90' lang='lat' dir='ltr'>que</span> <span class='ocrx_word' id='word_1_251' title='bbox 225 2438 379 2479; x_wconf 90' lang='lat' dir='ltr'>tamen</span> <span class='ocrx_word' id='word_1_252' title='bbox 415 2437 679 2478; x_wconf 86' lang='lat' dir='ltr'>amaverunt</span> <span class='ocrx_word' id='word_1_253' title='bbox 715 2429 843 2477; x_wconf 89' lang='lat' dir='ltr'>illum</span> <span class='ocrx_word' id='word_1_254' title='bbox 880 2445 1046 2477; x_wconf 91' lang='lat' dir='ltr'>novum</span> <span class='ocrx_word' id='word_1_255' title='bbox 1084 2430 1266 2477; x_wconf 90' lang='lat' dir='ltr'>modum</span> <span class='ocrx_word' id='word_1_256' title='bbox 1303 2430 1517 2492; x_wconf 89' lang='lat' dir='ltr'>loquendi</span> <span class='ocrx_word' id='word_1_257' title='bbox 1557 2429 1635 2491; x_wconf 90' lang='lat' dir='ltr'>qui</span> <span class='ocrx_word' id='word_1_258' title='bbox 1673 2436 1743 2476; x_wconf 90' lang='lat' dir='ltr'>est</span> <span class='ocrx_word' id='word_1_259' title='bbox 1779 2444 1831 2476; x_wconf 90' lang='lat' dir='ltr'>ex</span> <span class='ocrx_word' id='word_1_260' title='bbox 1878 2429 2074 2477; x_wconf 88' lang='lat' dir='ltr'>mirabili</span> <span class='ocrx_word' id='word_1_261' title='bbox 2119 2429 2270 2476; x_wconf 82' lang='lat' dir='ltr'>latini·</span> 
     </span>
     <span class='ocr_line' id='line_1_28' title="bbox 101 2500 2266 2566; baseline -0.001 -16"><span class='ocrx_word' id='word_1_262' title='bbox 101 2509 192 2551; x_wconf 90' lang='lat' dir='ltr'>tate</span> <span class='ocrx_word' id='word_1_263' title='bbox 229 2503 528 2566; x_wconf 89' lang='lat' dir='ltr'>compilatus,</span> <span class='ocrx_word' id='word_1_264' title='bbox 566 2509 619 2549; x_wconf 90' lang='lat' dir='ltr'>ut</span> <span class='ocrx_word' id='word_1_265' title='bbox 656 2503 789 2550; x_wconf 92' lang='lat' dir='ltr'>docet</span> <span class='ocrx_word' id='word_1_266' title='bbox 825 2501 1059 2565; x_wconf 87' lang='lat' dir='ltr'>dyabolica</span> <span class='ocrx_word' id='word_1_267' title='bbox 1096 2502 1273 2563; x_wconf 89' lang='lat' dir='ltr'>poetria</span> <span class='ocrx_word' id='word_1_268' title='bbox 1312 2509 1358 2548; x_wconf 92' lang='lat' dir='ltr'>et</span> <span class='ocrx_word' id='word_1_269' title='bbox 1384 2500 1685 2548; x_wconf 87' lang='lat' dir='ltr'>Rhetoricalis</span> <span class='ocrx_word' id='word_1_270' title='bbox 1723 2502 1936 2549; x_wconf 88' lang='lat' dir='ltr'>scicntia:</span> <span class='ocrx_word' id='word_1_271' title='bbox 1977 2515 2118 2563; x_wconf 89' lang='lat' dir='ltr'>quare</span> <span class='ocrx_word' id='word_1_272' title='bbox 2154 2515 2266 2561; x_wconf 83' lang='lat' dir='ltr'>ergo</span> 
     </span>
     <span class='ocr_line' id='line_1_29' title="bbox 98 2573 2266 2637; baseline -0.001 -14"><span class='ocrx_word' id='word_1_273' title='bbox 98 2589 184 2623; x_wconf 85' lang='lat' dir='ltr'>nos</span> <span class='ocrx_word' id='word_1_274' title='bbox 230 2575 499 2623; x_wconf 86' lang='lat' dir='ltr'>deberemus</span> <span class='ocrx_word' id='word_1_275' title='bbox 546 2575 745 2627; x_wconf 89' lang='lat' dir='ltr'>discere,</span> <span class='ocrx_word' id='word_1_276' title='bbox 798 2573 874 2637; x_wconf 94' lang='lat' dir='ltr'>qui</span> <span class='ocrx_word' id='word_1_277' title='bbox 924 2588 1015 2620; x_wconf 91' lang='lat' dir='ltr'>non</span> <span class='ocrx_word' id='word_1_278' title='bbox 1066 2588 1222 2620; x_wconf 92' lang='lat' dir='ltr'>sumus</span> <span class='ocrx_word' id='word_1_279' title='bbox 1268 2580 1358 2620; x_wconf 89' lang='lat' dir='ltr'>tam</span> <span class='ocrx_word' id='word_1_280' title='bbox 1402 2574 1525 2621; x_wconf 90' lang='lat' dir='ltr'>docti</span> <span class='ocrx_word' id='word_1_281' title='bbox 1565 2580 1611 2620; x_wconf 91' lang='lat' dir='ltr'>et</span> <span class='ocrx_word' id='word_1_282' title='bbox 1651 2580 1738 2620; x_wconf 90' lang='lat' dir='ltr'>tam</span> <span class='ocrx_word' id='word_1_283' title='bbox 1779 2573 2043 2636; x_wconf 85' lang='lat' dir='ltr'>speculativi</span> <span class='ocrx_word' id='word_1_284' title='bbox 2080 2573 2266 2634; x_wconf 86' lang='lat' dir='ltr'>ingenio</span> 
     </span>
     <span class='ocr_line' id='line_1_30' title="bbox 99 2644 2266 2710; baseline -0.002 -16"><span class='ocrx_word' id='word_1_285' title='bbox 99 2647 219 2694; x_wconf 84' lang='lat' dir='ltr'>sicut</span> <span class='ocrx_word' id='word_1_286' title='bbox 262 2647 613 2710; x_wconf 74' lang='lat' dir='ltr'>predecessores</span> <span class='ocrx_word' id='word_1_287' title='bbox 658 2648 806 2693; x_wconf 86' lang='lat' dir='ltr'>nostri</span> <span class='ocrx_word' id='word_1_288' title='bbox 853 2646 931 2707; x_wconf 90' lang='lat' dir='ltr'>qui</span> <span class='ocrx_word' id='word_1_289' title='bbox 983 2652 1342 2707; x_wconf 89' lang='lat' dir='ltr'>composuerunt</span> <span class='ocrx_word' id='word_1_290' title='bbox 1388 2651 1480 2692; x_wconf 89' lang='lat' dir='ltr'>tam</span> <span class='ocrx_word' id='word_1_291' title='bbox 1526 2645 1697 2692; x_wconf 90' lang='lat' dir='ltr'>multos</span> <span class='ocrx_word' id='word_1_292' title='bbox 1743 2644 1886 2692; x_wconf 89' lang='lat' dir='ltr'>libros</span> <span class='ocrx_word' id='word_1_293' title='bbox 1943 2645 1997 2691; x_wconf 88' lang='lat' dir='ltr'>de</span> <span class='ocrx_word' id='word_1_294' title='bbox 2056 2644 2266 2691; x_wconf 85' lang='lat' dir='ltr'>omnihus</span> 
     </span>
     <span class='ocr_line' id='line_1_31' title="bbox 45 2715 2267 2780; baseline -0 -17"><span class='ocrx_word' id='word_1_295' title='bbox 45 2720 325 2772; x_wconf 75' lang='lat' dir='ltr'>aoscientiis,</span> <span class='ocrx_word' id='word_1_296' title='bbox 363 2733 480 2780; x_wconf 92' lang='lat' dir='ltr'>quos</span> <span class='ocrx_word' id='word_1_297' title='bbox 508 2732 641 2765; x_wconf 89' lang='lat' dir='ltr'>nemo</span> <span class='ocrx_word' id='word_1_298' title='bbox 680 2720 765 2764; x_wconf 91' lang='lat' dir='ltr'>iam</span> <span class='ocrx_word' id='word_1_299' title='bbox 803 2724 961 2779; x_wconf 89' lang='lat' dir='ltr'>potest</span> <span class='ocrx_word' id='word_1_300' title='bbox 996 2717 1196 2764; x_wconf 81' lang='lat' dir='ltr'>imitari?</span> <span class='ocrx_word' id='word_1_301' title='bbox 1234 2718 1394 2765; x_wconf 88' lang='lat' dir='ltr'>Dicunt</span> <span class='ocrx_word' id='word_1_302' title='bbox 1429 2731 1540 2778; x_wconf 83' lang='lat' dir='ltr'>ergo</span> <span class='ocrx_word' id='word_1_303' title='bbox 1579 2716 1645 2763; x_wconf 91' lang='lat' dir='ltr'>illi</span> <span class='ocrx_word' id='word_1_304' title='bbox 1682 2719 1785 2763; x_wconf 91' lang='lat' dir='ltr'>novi</span> <span class='ocrx_word' id='word_1_305' title='bbox 1824 2717 2030 2779; x_wconf 73' lang='lat' dir='ltr'>latiniste</span> <span class='ocrx_word' id='word_1_306' title='bbox 2070 2715 2191 2777; x_wconf 88' lang='lat' dir='ltr'>quod</span> <span class='ocrx_word' id='word_1_307' title='bbox 2230 2717 2267 2762; x_wconf 91' lang='lat' dir='ltr'>si</span> 
     </span>
    </p>
   </div>
   <div class='ocr_carea' id='block_1_7' title="bbox 100 2787 2337 2852">
    <p class='ocr_par' dir='ltr' id='par_1_7' title="bbox 100 2787 2337 2852">
     <span class='ocr_line' id='line_1_32' title="bbox 100 2787 2337 2852; baseline -0.001 -16"><span class='ocrx_word' id='word_1_308' title='bbox 100 2789 307 2838; x_wconf 88' lang='lat' dir='ltr'>volumus</span> <span class='ocrx_word' id='word_1_309' title='bbox 344 2789 441 2837; x_wconf 84' lang='lat' dir='ltr'>fieri</span> <span class='ocrx_word' id='word_1_310' title='bbox 479 2791 684 2852; x_wconf 81' lang='lat' dir='ltr'>Magistri</span> <span class='ocrx_word' id='word_1_311' title='bbox 723 2790 768 2835; x_wconf 92' lang='lat' dir='ltr'>in</span> <span class='ocrx_word' id='word_1_312' title='bbox 807 2796 982 2851; x_wconf 88' lang='lat' dir='ltr'>septem</span> <span class='ocrx_word' id='word_1_313' title='bbox 1020 2789 1196 2837; x_wconf 87' lang='lat' dir='ltr'>artibus</span> <span class='ocrx_word' id='word_1_314' title='bbox 1235 2788 1498 2837; x_wconf 87' lang='lat' dir='ltr'>liberalibus</span> <span class='ocrx_word' id='word_1_315' title='bbox 1537 2795 1582 2835; x_wconf 89' lang='lat' dir='ltr'>et</span> <span class='ocrx_word' id='word_1_316' title='bbox 1621 2790 1764 2835; x_wconf 87' lang='lat' dir='ltr'>totius</span> <span class='ocrx_word' id='word_1_317' title='bbox 1802 2787 2119 2850; x_wconf 75' lang='lat' dir='ltr'>philosophie,</span> <span class='ocrx_word' id='word_1_318' title='bbox 2162 2794 2269 2834; x_wconf 88' lang='lat' dir='ltr'>tunc</span> <span class='ocrx_word' id='word_1_319' title='bbox 2334 2822 2337 2824; x_wconf 83' lang='grc'>-</span> 
     </span>
    </p>
   </div>
   <div class='ocr_carea' id='block_1_8' title="bbox 45 2861 2269 3283">
    <p class='ocr_par' dir='ltr' id='par_1_8' title="bbox 45 2861 2269 3283">
     <span class='ocr_line' id='line_1_33' title="bbox 99 2861 2266 2924; baseline -0.002 -14"><span class='ocrx_word' id='word_1_320' title='bbox 99 2861 371 2910; x_wconf 85' lang='lat' dir='ltr'>deberemus</span> <span class='ocrx_word' id='word_1_321' title='bbox 407 2863 559 2910; x_wconf 81' lang='lat' dir='ltr'>etiam·</span> <span class='ocrx_word' id='word_1_322' title='bbox 581 2861 704 2924; x_wconf 86' lang='lat' dir='ltr'>qnod</span> <span class='ocrx_word' id='word_1_323' title='bbox 741 2867 812 2908; x_wconf 92' lang='lat' dir='ltr'>est</span> <span class='ocrx_word' id='word_1_324' title='bbox 849 2874 1058 2914; x_wconf 88' lang='lat' dir='ltr'>necesse,</span> <span class='ocrx_word' id='word_1_325' title='bbox 1112 2861 1229 2908; x_wconf 90' lang='lat' dir='ltr'>scire</span> <span class='ocrx_word' id='word_1_326' title='bbox 1267 2861 1556 2908; x_wconf 87' lang='lat' dir='ltr'>Rethoricam</span> <span class='ocrx_word' id='word_1_327' title='bbox 1605 2874 1694 2922; x_wconf 77' lang='lat' dir='ltr'>que</span> <span class='ocrx_word' id='word_1_328' title='bbox 1744 2875 1831 2907; x_wconf 91' lang='lat' dir='ltr'>una</span> <span class='ocrx_word' id='word_1_329' title='bbox 1881 2865 1952 2906; x_wconf 89' lang='lat' dir='ltr'>est</span> <span class='ocrx_word' id='word_1_330' title='bbox 1989 2873 2039 2905; x_wconf 84' lang='lat' dir='ltr'>ex</span> <span class='ocrx_word' id='word_1_331' title='bbox 2078 2865 2266 2920; x_wconf 87' lang='lat' dir='ltr'>septem,</span> 
     </span>
     <span class='ocr_line' id='line_1_34' title="bbox 99 2931 2269 2994; baseline -0.002 -13"><span class='ocrx_word' id='word_1_332' title='bbox 99 2940 147 2981; x_wconf 87' lang='lat' dir='ltr'>et</span> <span class='ocrx_word' id='word_1_333' title='bbox 182 2933 317 2982; x_wconf 84' lang='lat' dir='ltr'>docet</span> <span class='ocrx_word' id='word_1_334' title='bbox 352 2941 512 2981; x_wconf 87' lang='lat' dir='ltr'>ornate</span> <span class='ocrx_word' id='word_1_335' title='bbox 549 2939 593 2979; x_wconf 91' lang='lat' dir='ltr'>et</span> <span class='ocrx_word' id='word_1_336' title='bbox 629 2946 832 2994; x_wconf 82' lang='lat' dir='ltr'>congrue</span> <span class='ocrx_word' id='word_1_337' title='bbox 868 2932 1011 2994; x_wconf 91' lang='lat' dir='ltr'>loqui.</span> <span class='ocrx_word' id='word_1_338' title='bbox 1084 2932 1177 2979; x_wconf 87' lang='lat' dir='ltr'>Illis</span> <span class='ocrx_word' id='word_1_339' title='bbox 1216 2934 1281 2979; x_wconf 92' lang='lat' dir='ltr'>sic</span> <span class='ocrx_word' id='word_1_340' title='bbox 1317 2939 1388 2979; x_wconf 86' lang='lat' dir='ltr'>est</span> <span class='ocrx_word' id='word_1_341' title='bbox 1426 2932 1788 2994; x_wconf 85' lang='lat' dir='ltr'>respondendum</span> <span class='ocrx_word' id='word_1_342' title='bbox 1816 2931 2054 2978; x_wconf 88' lang='lat' dir='ltr'>Solutione</span> <span class='ocrx_word' id='word_1_343' title='bbox 2081 2944 2169 2993; x_wconf 74' lang='lat' dir='ltr'>que</span> <span class='ocrx_word' id='word_1_344' title='bbox 2197 2936 2269 2977; x_wconf 91' lang='lat' dir='ltr'>est</span> 
     </span>
     <span class='ocr_line' id='line_1_35' title="bbox 100 3000 2268 3066; baseline -0.002 -13"><span class='ocrx_word' id='word_1_345' title='bbox 100 3005 228 3054; x_wconf 84' lang='lat' dir='ltr'>talis:</span> <span class='ocrx_word' id='word_1_346' title='bbox 275 3006 473 3053; x_wconf 86' lang='lat' dir='ltr'>Dicimus</span> <span class='ocrx_word' id='word_1_347' title='bbox 521 3005 681 3066; x_wconf 90' lang='lat' dir='ltr'>utique</span> <span class='ocrx_word' id='word_1_348' title='bbox 729 3004 852 3066; x_wconf 91' lang='lat' dir='ltr'>quod</span> <span class='ocrx_word' id='word_1_349' title='bbox 890 3018 1045 3051; x_wconf 91' lang='lat' dir='ltr'>sumus</span> <span class='ocrx_word' id='word_1_350' title='bbox 1083 3004 1310 3065; x_wconf 83' lang='lat' dir='ltr'>Magistri,</span> <span class='ocrx_word' id='word_1_351' title='bbox 1360 3004 1467 3052; x_wconf 92' lang='lat' dir='ltr'>licet</span> <span class='ocrx_word' id='word_1_352' title='bbox 1505 3004 1701 3065; x_wconf 84' lang='lat' dir='ltr'>indigni,</span> <span class='ocrx_word' id='word_1_353' title='bbox 1758 3000 1817 3065; x_wconf 92' lang='lat' dir='ltr'>(et</span> <span class='ocrx_word' id='word_1_354' title='bbox 1866 3003 1954 3049; x_wconf 90' lang='lat' dir='ltr'>hoc</span> <span class='ocrx_word' id='word_1_355' title='bbox 1998 3003 2167 3049; x_wconf 90' lang='lat' dir='ltr'>dictum</span> <span class='ocrx_word' id='word_1_356' title='bbox 2208 3001 2268 3048; x_wconf 92' lang='lat' dir='ltr'>sit</span> 
     </span>
     <span class='ocr_line' id='line_1_36' title="bbox 45 3071 2267 3138; baseline -0.001 -17"><span class='ocrx_word' id='word_1_357' title='bbox 45 3085 243 3126; x_wconf 67' lang='lat' dir='ltr'>abcausa</span> <span class='ocrx_word' id='word_1_358' title='bbox 278 3076 550 3124; x_wconf 89' lang='lat' dir='ltr'>humilitatis</span> <span class='ocrx_word' id='word_1_359' title='bbox 587 3084 634 3123; x_wconf 90' lang='lat' dir='ltr'>et</span> <span class='ocrx_word' id='word_1_360' title='bbox 669 3076 956 3124; x_wconf 87' lang='lat' dir='ltr'>discretionis</span> <span class='ocrx_word' id='word_1_361' title='bbox 994 3071 1170 3138; x_wconf 80' lang='lat' dir='ltr'>nostre)</span> <span class='ocrx_word' id='word_1_362' title='bbox 1215 3090 1468 3138; x_wconf 84' lang='lat' dir='ltr'>possumus</span> <span class='ocrx_word' id='word_1_363' title='bbox 1506 3082 1654 3122; x_wconf 89' lang='lat' dir='ltr'>tamen</span> <span class='ocrx_word' id='word_1_364' title='bbox 1693 3077 1825 3122; x_wconf 86' lang='lat' dir='ltr'>ctiam</span> <span class='ocrx_word' id='word_1_365' title='bbox 1865 3076 1982 3121; x_wconf 90' lang='lat' dir='ltr'>scire</span> <span class='ocrx_word' id='word_1_366' title='bbox 2020 3081 2066 3120; x_wconf 84' lang='lat' dir='ltr'>ct</span> <span class='ocrx_word' id='word_1_367' title='bbox 2103 3074 2267 3120; x_wconf 88' lang='lat' dir='ltr'>docere</span> 
     </span>
     <span class='ocr_line' id='line_1_37' title="bbox 99 3144 2267 3211; baseline -0.002 -15"><span class='ocrx_word' id='word_1_368' title='bbox 99 3148 215 3196; x_wconf 87' lang='lat' dir='ltr'>alios</span> <span class='ocrx_word' id='word_1_369' title='bbox 260 3155 479 3211; x_wconf 68' lang='lat' dir='ltr'>precepta</span> <span class='ocrx_word' id='word_1_370' title='bbox 513 3147 816 3195; x_wconf 90' lang='lat' dir='ltr'>Rhetoricalia</span> <span class='ocrx_word' id='word_1_371' title='bbox 862 3147 1035 3210; x_wconf 87' lang='lat' dir='ltr'>absque</span> <span class='ocrx_word' id='word_1_372' title='bbox 1083 3147 1276 3195; x_wconf 85' lang='lat' dir='ltr'>mirabili</span> <span class='ocrx_word' id='word_1_373' title='bbox 1326 3148 1484 3200; x_wconf 87' lang='lat' dir='ltr'>latino,</span> <span class='ocrx_word' id='word_1_374' title='bbox 1533 3154 1585 3194; x_wconf 91' lang='lat' dir='ltr'>ut</span> <span class='ocrx_word' id='word_1_375' title='bbox 1634 3147 1740 3194; x_wconf 83' lang='lat' dir='ltr'>fecit</span> <span class='ocrx_word' id='word_1_376' title='bbox 1777 3146 1964 3193; x_wconf 88' lang='lat' dir='ltr'>Carolus</span> <span class='ocrx_word' id='word_1_377' title='bbox 2003 3152 2048 3191; x_wconf 91' lang='lat' dir='ltr'>et</span> <span class='ocrx_word' id='word_1_378' title='bbox 2085 3144 2267 3192; x_wconf 90' lang='lat' dir='ltr'>Samuel</span> 
     </span>
     <span class='ocr_line' id='line_1_38' title="bbox 100 3216 2265 3283; baseline -0.003 -14"><span class='ocrx_word' id='word_1_379' title='bbox 100 3226 147 3269; x_wconf 82' lang='lat' dir='ltr'>et</span> <span class='ocrx_word' id='word_1_380' title='bbox 182 3220 439 3283; x_wconf 84' lang='lat' dir='ltr'>Stephanus</span> <span class='ocrx_word' id='word_1_381' title='bbox 475 3218 652 3268; x_wconf 86' lang='lat' dir='ltr'>Fliscus</span> <span class='ocrx_word' id='word_1_382' title='bbox 689 3227 736 3267; x_wconf 89' lang='lat' dir='ltr'>et</span> <span class='ocrx_word' id='word_1_383' title='bbox 772 3219 846 3267; x_wconf 89' lang='lat' dir='ltr'>alii</span> <span class='ocrx_word' id='word_1_384' title='bbox 883 3219 1014 3267; x_wconf 91' lang='lat' dir='ltr'>multi</span> <span class='ocrx_word' id='word_1_385' title='bbox 1051 3219 1135 3266; x_wconf 92' lang='lat' dir='ltr'>viri</span> <span class='ocrx_word' id='word_1_386' title='bbox 1174 3218 1558 3267; x_wconf 88' lang='lat' dir='ltr'>doctrinosissimi</span> <span class='ocrx_word' id='word_1_387' title='bbox 1597 3225 1642 3265; x_wconf 87' lang='lat' dir='ltr'>et</span> <span class='ocrx_word' id='word_1_388' title='bbox 1679 3219 1755 3281; x_wconf 91' lang='lat' dir='ltr'>qui</span> <span class='ocrx_word' id='word_1_389' title='bbox 1796 3218 1982 3265; x_wconf 89' lang='lat' dir='ltr'>suerunt</span> <span class='ocrx_word' id='word_1_390' title='bbox 2030 3216 2265 3264; x_wconf 89' lang='lat' dir='ltr'>christiani</span> 
     </span>
    </p>
   </div>
   <div class='ocr_carea' id='block_1_9' title="bbox 99 3318 439 3328">
    <p class='ocr_par' dir='ltr' id='par_1_9' title="bbox 99 3318 439 3328">
     <span class='ocr_line' id='line_1_39' title="bbox 99 3318 439 3328; baseline 0 936"><span class='ocrx_word' id='word_1_391' title='bbox 99 3318 439 3328; x_wconf 95' lang='lat' dir='ltr'> </span> 
     </span>
    </p>
   </div>
   <div class='ocr_carea' id='block_1_10' title="bbox 98 3368 2263 3856">
    <p class='ocr_par' dir='ltr' id='par_1_10' title="bbox 98 3368 2263 3570">
     <span class='ocr_line' id='line_1_40' title="bbox 172 3368 2261 3430; baseline -0.003 -12"><span class='ocrx_word' id='word_1_392' title='bbox 172 3383 178 3388; x_wconf 85' lang='lat'>&#39;</span> <span class='ocrx_word' id='word_1_393' title='bbox 213 3373 226 3402; x_wconf 93' lang='lat'><strong>¹</strong></span> <span class='ocrx_word' id='word_1_394' title='bbox 261 3371 375 3430; x_wconf 67' lang='lat' dir='ltr'>eon]</span> <span class='ocrx_word' id='word_1_395' title='bbox 410 3386 510 3416; x_wconf 83' lang='lat' dir='ltr'>sua.</span> <span class='ocrx_word' id='word_1_396' title='bbox 605 3371 623 3398; x_wconf 80' lang='lat'>³</span> <span class='ocrx_word' id='word_1_397' title='bbox 651 3370 755 3427; x_wconf 80' lang='lat' dir='ltr'>tibi]</span> <span class='ocrx_word' id='word_1_398' title='bbox 788 3372 894 3414; x_wconf 86' lang='lat' dir='ltr'>dedi</span> <span class='ocrx_word' id='word_1_399' title='bbox 924 3374 1148 3426; x_wconf 80' lang='lat' dir='ltr'>repetitum</span> <span class='ocrx_word' id='word_1_400' title='bbox 1177 3373 1515 3427; x_wconf 70' lang='lat' dir='ltr'>subintelliyitur.</span> <span class='ocrx_word' id='word_1_401' title='bbox 1634 3372 1650 3397; x_wconf 68' lang='grc' dir='ltr'><strong>θ</strong></span> <span class='ocrx_word' id='word_1_402' title='bbox 1680 3374 1914 3425; x_wconf 82' lang='lat' dir='ltr'>regestum</span> <span class='ocrx_word' id='word_1_403' title='bbox 2031 3368 2063 3397; x_wconf 85' lang='lat'>¹¹</span> <span class='ocrx_word' id='word_1_404' title='bbox 2097 3369 2202 3421; x_wconf 81' lang='lat' dir='ltr'>Quae</span> <span class='ocrx_word' id='word_1_405' title='bbox 2233 3400 2261 3410; x_wconf 92' lang='lat'>..</span> 
     </span>
     <span class='ocr_line' id='line_1_41' title="bbox 100 3439 2263 3498; baseline -0.004 -9"><span class='ocrx_word' id='word_1_406' title='bbox 100 3446 239 3490; x_wconf 77' lang='lat' dir='ltr'>sociis</span> <span class='ocrx_word' id='word_1_407' title='bbox 267 3444 490 3487; x_wconf 82' lang='lat' dir='ltr'>nolebant</span> <span class='ocrx_word' id='word_1_408' title='bbox 510 3446 637 3487; x_wconf 75' lang='lat' dir='ltr'>estin</span> <span class='ocrx_word' id='word_1_409' title='bbox 661 3445 907 3486; x_wconf 78' lang='lat' dir='ltr'>Alexandri</span> <span class='ocrx_word' id='word_1_410' title='bbox 928 3445 1039 3486; x_wconf 82' lang='lat' dir='ltr'>Galli</span> <span class='ocrx_word' id='word_1_411' title='bbox 1054 3458 1226 3498; x_wconf 66' lang='lat' dir='ltr'>gramm.</span> <span class='ocrx_word' id='word_1_412' title='bbox 1251 3445 1286 3486; x_wconf 90' lang='lat' dir='ltr'>I.</span> <span class='ocrx_word' id='word_1_413' title='bbox 1311 3444 1351 3485; x_wconf 87' lang='grc'>4.</span> <span class='ocrx_word' id='word_1_414' title='bbox 1387 3442 1457 3486; x_wconf 87' lang='lat' dir='ltr'>Cf.</span> <span class='ocrx_word' id='word_1_415' title='bbox 1481 3456 1618 3498; x_wconf 83' lang='lat' dir='ltr'>supra</span> <span class='ocrx_word' id='word_1_416' title='bbox 1649 3444 1764 3498; x_wconf 86' lang='lat' dir='ltr'>Epp.</span> <span class='ocrx_word' id='word_1_417' title='bbox 1791 3442 1843 3484; x_wconf 93' lang='lat' dir='ltr'>O.</span> <span class='ocrx_word' id='word_1_418' title='bbox 1867 3442 1987 3485; x_wconf 89' lang='lat' dir='ltr'><strong>V.11.</strong></span> <span class='ocrx_word' id='word_1_419' title='bbox 2012 3442 2082 3483; x_wconf 84' lang='lat'>42.</span> <span class='ocrx_word' id='word_1_420' title='bbox 2146 3439 2180 3467; x_wconf 84' lang='lat'>¹³</span> <span class='ocrx_word' id='word_1_421' title='bbox 2209 3442 2263 3482; x_wconf 82' lang='lat' dir='ltr'>si-</span> 
     </span>
     <span class='ocr_line' id='line_1_42' title="bbox 98 3514 1397 3570; baseline -0.001 -10"><span class='ocrx_word' id='word_1_422' title='bbox 98 3519 205 3561; x_wconf 70' lang='lat' dir='ltr'>mins</span> <span class='ocrx_word' id='word_1_423' title='bbox 231 3530 379 3560; x_wconf 70' lang='lat' dir='ltr'>versus</span> <span class='ocrx_word' id='word_1_424' title='bbox 408 3515 509 3570; x_wconf 82' lang='lat' dir='ltr'>(sed</span> <span class='ocrx_word' id='word_1_425' title='bbox 541 3529 632 3558; x_wconf 88' lang='lat' dir='ltr'>non</span> <span class='ocrx_word' id='word_1_426' title='bbox 661 3515 956 3568; x_wconf 59' lang='lat' dir='ltr'>Alexandrffl)</span> <span class='ocrx_word' id='word_1_427' title='bbox 1048 3514 1080 3542; x_wconf 73' lang='lat'>¹⁸</span> <span class='ocrx_word' id='word_1_428' title='bbox 1110 3514 1333 3560; x_wconf 73' lang='grc' dir='ltr'><strong>ἱῐῐοηὶῑιιίσ.</strong></span> <span class='ocrx_word' id='word_1_429' title='bbox 1360 3517 1397 3559; x_wconf 91' lang='grc'>1.</span> 
     </span>
    </p>

    <p class='ocr_par' dir='ltr' id='par_1_11' title="bbox 102 3580 2261 3856">
     <span class='ocr_line' id='line_1_43' title="bbox 211 3580 2261 3644; baseline -0.004 -13"><span class='ocrx_word' id='word_1_430' title='bbox 211 3587 249 3615; x_wconf 69' lang='lat'>⁸⁵</span> <span class='ocrx_word' id='word_1_431' title='bbox 269 3587 465 3644; x_wconf 81' lang='lat' dir='ltr'>possums</span> <span class='ocrx_word' id='word_1_432' title='bbox 487 3591 526 3630; x_wconf 88' lang='lat'>1.</span> <span class='ocrx_word' id='word_1_433' title='bbox 586 3586 623 3613; x_wconf 75' lang='lat'>³⁶</span> <span class='ocrx_word' id='word_1_434' title='bbox 645 3585 853 3641; x_wconf 79' lang='lat' dir='ltr'>Carolus]</span> <span class='ocrx_word' id='word_1_435' title='bbox 876 3587 1154 3629; x_wconf 82' lang='lat' dir='ltr'>Mannekcn.</span> <span class='ocrx_word' id='word_1_436' title='bbox 1188 3586 1259 3628; x_wconf 85' lang='lat' dir='ltr'>Cf.</span> <span class='ocrx_word' id='word_1_437' title='bbox 1286 3586 1343 3628; x_wconf 85' lang='lat' dir='ltr'>ad</span> <span class='ocrx_word' id='word_1_438' title='bbox 1364 3586 1480 3640; x_wconf 86' lang='lat' dir='ltr'>Epp.</span> <span class='ocrx_word' id='word_1_439' title='bbox 1506 3584 1965 3639; x_wconf 69' lang='lat' dir='ltr'>0.v.1.7,p.12.v.8.</span> <span class='ocrx_word' id='word_1_440' title='bbox 2056 3580 2261 3636; x_wconf 76' lang='lat' dir='ltr'>Samuel]</span> 
     </span>
     <span class='ocr_line' id='line_1_44' title="bbox 102 3653 2260 3713; baseline -0.004 -11"><span class='ocrx_word' id='word_1_441' title='bbox 102 3659 157 3702; x_wconf 83' lang='lat' dir='ltr'>de</span> <span class='ocrx_word' id='word_1_442' title='bbox 185 3662 344 3703; x_wconf 77' lang='lat' dir='ltr'>Monte</span> <span class='ocrx_word' id='word_1_443' title='bbox 376 3659 537 3711; x_wconf 81' lang='lat' dir='ltr'>rutilo,</span> <span class='ocrx_word' id='word_1_444' title='bbox 581 3662 743 3713; x_wconf 81' lang='lat' dir='ltr'>poeta,</span> <span class='ocrx_word' id='word_1_445' title='bbox 778 3658 834 3700; x_wconf 85' lang='lat' dir='ltr'>de</span> <span class='ocrx_word' id='word_1_446' title='bbox 867 3672 953 3713; x_wconf 88' lang='lat' dir='ltr'>quo</span> <span class='ocrx_word' id='word_1_447' title='bbox 987 3660 1033 3699; x_wconf 90' lang='lat' dir='ltr'>in</span> <span class='ocrx_word' id='word_1_448' title='bbox 1068 3659 1180 3713; x_wconf 64' lang='lat' dir='ltr'>lcpp.</span> <span class='ocrx_word' id='word_1_449' title='bbox 1205 3659 1260 3699; x_wconf 87' lang='lat' dir='ltr'>O.</span> <span class='ocrx_word' id='word_1_450' title='bbox 1283 3658 1355 3708; x_wconf 67' lang='lat' dir='ltr'>V„</span> <span class='ocrx_word' id='word_1_451' title='bbox 1388 3657 1463 3699; x_wconf 91' lang='lat' dir='ltr'>hic</span> <span class='ocrx_word' id='word_1_452' title='bbox 1495 3670 1582 3698; x_wconf 88' lang='lat' dir='ltr'>non</span> <span class='ocrx_word' id='word_1_453' title='bbox 1615 3657 1866 3709; x_wconf 79' lang='lat' dir='ltr'>indicatur,</span> <span class='ocrx_word' id='word_1_454' title='bbox 1902 3659 2033 3711; x_wconf 84' lang='lat' dir='ltr'>puto,</span> <span class='ocrx_word' id='word_1_455' title='bbox 2066 3654 2147 3696; x_wconf 90' lang='lat' dir='ltr'>sed</span> <span class='ocrx_word' id='word_1_456' title='bbox 2178 3653 2260 3694; x_wconf 80' lang='lat' dir='ltr'>Sa-</span> 
     </span>
     <span class='ocr_line' id='line_1_45' title="bbox 102 3724 2258 3783; baseline -0.005 -9"><span class='ocrx_word' id='word_1_457' title='bbox 102 3731 221 3775; x_wconf 84' lang='lat' dir='ltr'>muel</span> <span class='ocrx_word' id='word_1_458' title='bbox 252 3731 543 3775; x_wconf 82' lang='lat' dir='ltr'>Cassinensis</span> <span class='ocrx_word' id='word_1_459' title='bbox 574 3743 610 3771; x_wconf 85' lang='lat' dir='ltr'>s.</span> <span class='ocrx_word' id='word_1_460' title='bbox 635 3729 690 3771; x_wconf 88' lang='lat' dir='ltr'>de</span> <span class='ocrx_word' id='word_1_461' title='bbox 723 3729 951 3782; x_wconf 76' lang='lat' dir='ltr'>cassinis,</span> <span class='ocrx_word' id='word_1_462' title='bbox 986 3730 1079 3771; x_wconf 90' lang='lat' dir='ltr'>ord.</span> <span class='ocrx_word' id='word_1_463' title='bbox 1103 3731 1327 3771; x_wconf 87' lang='lat' dir='ltr'>Minorum</span> <span class='ocrx_word' id='word_1_464' title='bbox 1358 3743 1452 3783; x_wconf 84' lang='lat' dir='ltr'>reg.</span> <span class='ocrx_word' id='word_1_465' title='bbox 1487 3730 1666 3771; x_wconf 85' lang='lat' dir='ltr'>observ.</span> <span class='ocrx_word' id='word_1_466' title='bbox 1689 3729 1939 3783; x_wconf 80' lang='lat' dir='ltr'>provinciae</span> <span class='ocrx_word' id='word_1_467' title='bbox 1971 3728 2149 3777; x_wconf 83' lang='lat' dir='ltr'>Ianuae,</span> <span class='ocrx_word' id='word_1_468' title='bbox 2185 3724 2258 3776; x_wconf 87' lang='lat' dir='ltr'>qui</span> 
     </span>
     <span class='ocr_line' id='line_1_46' title="bbox 103 3794 2256 3856; baseline -0.004 -11"><span class='ocrx_word' id='word_1_469' title='bbox 103 3807 299 3846; x_wconf 83' lang='lat' dir='ltr'>exeunte</span> <span class='ocrx_word' id='word_1_470' title='bbox 329 3817 437 3845; x_wconf 81' lang='lat' dir='ltr'>saec.</span> <span class='ocrx_word' id='word_1_471' title='bbox 460 3802 556 3843; x_wconf 88' lang='lat' dir='ltr'>XV.</span> <span class='ocrx_word' id='word_1_472' title='bbox 581 3805 626 3842; x_wconf 78' lang='lat' dir='ltr'>et</span> <span class='ocrx_word' id='word_1_473' title='bbox 658 3802 843 3842; x_wconf 84' lang='lat' dir='ltr'>incunte</span> <span class='ocrx_word' id='word_1_474' title='bbox 878 3802 997 3843; x_wconf 86' lang='lat' dir='ltr'><strong>xvl.</strong></span> <span class='ocrx_word' id='word_1_475' title='bbox 1023 3802 1210 3856; x_wconf 82' lang='lat' dir='ltr'>scripsit</span> <span class='ocrx_word' id='word_1_476' title='bbox 1240 3802 1505 3856; x_wconf 80' lang='lat' dir='ltr'>isagogicos</span> <span class='ocrx_word' id='word_1_477' title='bbox 1536 3800 1677 3843; x_wconf 84' lang='lat' dir='ltr'>libros</span> <span class='ocrx_word' id='word_1_478' title='bbox 1708 3799 1948 3855; x_wconf 80' lang='lat' dir='ltr'>logicales,</span> <span class='ocrx_word' id='word_1_479' title='bbox 1983 3794 2256 3851; x_wconf 81' lang='lat' dir='ltr'>physicales.</span> 
     </span>
    </p>
   </div>
   <div class='ocr_carea' id='block_1_11' title="bbox 21 3860 2256 4000">
    <p class='ocr_par' dir='ltr' id='par_1_12' title="bbox 21 3860 2256 4000">
     <span class='ocr_line' id='line_1_47' title="bbox 21 3860 2256 3930; baseline -0.007 -13"><span class='ocrx_word' id='word_1_480' title='bbox 21 3860 29 3898; x_wconf 45' lang='grc' dir='ltr'>Ρ</span> <span class='ocrx_word' id='word_1_481' title='bbox 103 3875 378 3928; x_wconf 64' lang='grc' dir='ltr'><strong>εοοῒίοτίοοε,</strong></span> <span class='ocrx_word' id='word_1_482' title='bbox 401 3887 512 3930; x_wconf 89' lang='lat' dir='ltr'>quos</span> <span class='ocrx_word' id='word_1_483' title='bbox 532 3872 624 3914; x_wconf 88' lang='lat' dir='ltr'>vid.</span> <span class='ocrx_word' id='word_1_484' title='bbox 646 3886 720 3927; x_wconf 82' lang='lat' dir='ltr'>ap.</span> <span class='ocrx_word' id='word_1_485' title='bbox 744 3874 928 3915; x_wconf 84' lang='lat' dir='ltr'>Fabric.</span> <span class='ocrx_word' id='word_1_486' title='bbox 950 3873 1068 3915; x_wconf 88' lang='lat' dir='ltr'>Bibl.</span> <span class='ocrx_word' id='word_1_487' title='bbox 1094 3874 1198 3915; x_wconf 83' lang='lat' dir='ltr'>Lat.</span> <span class='ocrx_word' id='word_1_488' title='bbox 1222 3871 1338 3914; x_wconf 86' lang='lat' dir='ltr'>med.</span> <span class='ocrx_word' id='word_1_489' title='bbox 1364 3876 1411 3914; x_wconf 82' lang='lat' dir='ltr'>et</span> <span class='ocrx_word' id='word_1_490' title='bbox 1431 3872 1514 3913; x_wconf 89' lang='lat' dir='ltr'>inf.</span> <span class='ocrx_word' id='word_1_491' title='bbox 1539 3876 1614 3913; x_wconf 76' lang='lat' dir='ltr'>act.</span> <span class='ocrx_word' id='word_1_492' title='bbox 1636 3872 1714 3914; x_wconf 90' lang='lat' dir='ltr'>VI.</span> <span class='ocrx_word' id='word_1_493' title='bbox 1737 3886 1780 3925; x_wconf 88' lang='lat' dir='ltr'>p.</span> <span class='ocrx_word' id='word_1_494' title='bbox 1802 3869 1897 3910; x_wconf 81' lang='lat'>417.</span> <span class='ocrx_word' id='word_1_495' title='bbox 1931 3867 2054 3907; x_wconf 81' lang='lat' dir='ltr'>Hain</span> <span class='ocrx_word' id='word_1_496' title='bbox 2077 3861 2256 3905; x_wconf 72' lang='lat' dir='ltr'>n.456s&#39;›.</span> 
     </span>
     <span class='ocr_line' id='line_1_48' title="bbox 24 3937 2103 4000; baseline -0.003 -13"><span class='ocrx_word' id='word_1_497' title='bbox 24 3939 28 3956; x_wconf 75' lang='lat'>¹</span> <span class='ocrx_word' id='word_1_498' title='bbox 105 3944 279 3989; x_wconf 61' lang='lat' dir='ltr'><strong>...456st</strong></span> <span class='ocrx_word' id='word_1_499' title='bbox 366 3945 402 3972; x_wconf 80' lang='lat'>³⁷</span> <span class='ocrx_word' id='word_1_500' title='bbox 433 3944 632 4000; x_wconf 74' lang='lat' dir='ltr'>Stphan‘)</span> <span class='ocrx_word' id='word_1_501' title='bbox 667 3946 703 3986; x_wconf 86' lang='lat'>1.</span> <span class='ocrx_word' id='word_1_502' title='bbox 734 3945 805 3986; x_wconf 88' lang='lat' dir='ltr'>De</span> <span class='ocrx_word' id='word_1_503' title='bbox 835 3944 922 3987; x_wconf 84' lang='lat' dir='ltr'>hoc</span> <span class='ocrx_word' id='word_1_504' title='bbox 954 3944 1108 3986; x_wconf 79' lang='lat' dir='ltr'>Flisco</span> <span class='ocrx_word' id='word_1_505' title='bbox 1139 3944 1229 3987; x_wconf 79' lang='lat' dir='ltr'>vid.</span> <span class='ocrx_word' id='word_1_506' title='bbox 1255 3944 1314 3986; x_wconf 84' lang='lat' dir='ltr'>ad</span> <span class='ocrx_word' id='word_1_507' title='bbox 1335 3944 1450 3998; x_wconf 79' lang='lat' dir='ltr'>Epp.</span> <span class='ocrx_word' id='word_1_508' title='bbox 1476 3943 1529 3985; x_wconf 86' lang='lat' dir='ltr'>O.</span> <span class='ocrx_word' id='word_1_509' title='bbox 1552 3943 1605 3983; x_wconf 92' lang='lat' dir='ltr'>V.</span> <span class='ocrx_word' id='word_1_510' title='bbox 1631 3942 1691 3983; x_wconf 87' lang='grc' dir='ltr'>ΙΙ.</span> <span class='ocrx_word' id='word_1_511' title='bbox 1714 3940 1782 3981; x_wconf 80' lang='grc'>68.</span> <span class='ocrx_word' id='word_1_512' title='bbox 1807 3954 1849 3994; x_wconf 88' lang='lat' dir='ltr'>p.</span> <span class='ocrx_word' id='word_1_513' title='bbox 1873 3937 1970 3979; x_wconf 72' lang='lat'>296.</span> <span class='ocrx_word' id='word_1_514' title='bbox 1992 3951 2033 3978; x_wconf 88' lang='lat' dir='ltr'>v.</span> <span class='ocrx_word' id='word_1_515' title='bbox 2046 3942 2103 3980; x_wconf 80' lang='lat'>2⁹.</span> 
     </span>
    </p>
   </div>
  </div>
 </body>
</html>
