2456 4264
291 254 409 313 352
754 278 1139 306 LAMENTATIONES
1161 277 1464 306 onscvnonvn
1484 277 1694 305 vmonvu
1718 261 1974 318 [vss'rmu-zs}

287 425 376 460 nec
411 411 666 468 medicum,
708 422 799 456 nec
825 412 1076 456 oratorem
1101 420 1322 468 unquam
1348 408 1668 467 reperiemus.
1747 406 2031 455 Mercurius
2067 407 2238 466 itaque
2261 407 2423 454 cuius·

284 495 403 542 libet
439 497 517 542 rei
548 494 811 541 simulator
848 505 910 539 ac
947 492 1301 550 dissimulator,
1344 497 1390 538 et
1427 491 1632 538 deorum
1671 490 1749 548 (ut
1773 491 2015 552 diximus)
2054 492 2288 538 instinctu
2302 504 2422 551 per-

280 593 456 639 peram
483 580 670 636 missus,
712 577 912 624 cuidam
939 576 1149 624 obscuro
1176 576 1509 633 Reuclzliniste
1551 570 1684 641 [(cui
1708 572 1989 623 Ollilambio
2025 589 2200 624 nomen
2197 569 2250 641 J]
2291 576 2422 622 mira

284 664 502 722 quadam
548 662 780 709 claritate
824 662 876 708 in
920 662 1106 709 somnis
1160 662 1420 722 apparuit.
1500 658 1596 716 Oui
1640 659 1949 708 Mercurium
2003 673 2172 708 rerum
2228 661 2424 708 omnino

283 747 530 804 celestium
567 747 761 794 nescius
798 746 993 805 videnS,
1034 746 1214 793 mirum
1251 747 1302 793 in
1339 745 1537 792 modum
1574 744 1864 803 exhorruit,
1905 749 2244 805 steteruntque
2281 745 2423 803 007776
2439 756 2456 788 ⁵

285 832 362 889 (ut
409 831 652 890 Viryilius
688 832 761 878 ait
796 832 848 878 in
887 831 1056 891 tertio)
1095 835 1142 878 et
1177 843 1276 878 vose
1304 828 1552 888 faucibus
1587 829 1728 887 hesit.
1802 827 1869 876 At
1905 829 2194 878 Mercurius
2237 830 2326 890 qui
2358 843 2424 877 ex

281 917 510 977 supernis
545 915 743 963 sedibus
780 916 948 963 dulcia
983 928 1147 963 secum
1183 915 1284 962 liba
1321 915 1628 974 contulerat,
1669 914 1748 961 illi
1779 915 2059 974 770770977770
2094 927 2265 962 novem
2303 916 2424 976 offe-

282 1014 411 1061 rens,
454 1015 547 1060 que
584 1001 731 1060 7777790
769 1005 1013 1048 vocantur
1036 999 1308 1047 basensclte
1332 999 1540 1058 lcoclien,
1587 995 1844 1058 ‘Comede',
1885 980 2061 1058 inquit,
2106 997 2420 1058 ‘Ollilambie,

282 1092 329 1134 ct
362 1099 551 1146 970336,
594 1086 828 1145 quoniam
863 1085 1080 1144 9707777773
1117 1084 1208 1131 7707
1242 1084 1409 1131 07717776
1445 1087 1605 1131 763707
1641 1085 1741 1131 via.
1817 1083 1947 1131 Mox
1987 1082 2299 1132 Ollilambius
2335 1097 2422 1131 an-

275 1172 441 1230 96777777
466 1184 568 1218 6336
592 1172 800 1218 credens
825 1175 874 1217 et
895 1184 947 1217 se
972 1171 1185 1217 alterum
1212 1169 1426 1227 Heliam,
1474 1167 1734 1225 ‘Quorsum
1745 1164 1783 1216 ?’
1822 1169 1911 1217 ait.
1972 1168 2071 1217 “In
2095 1165 2300 1228 celum’',
2341 1178 2453 1235 rea-1

281 1257 483 1316 spondit
533 1256 831 1303 Mercurius.
914 1255 1082 1302 ‘Recte
1121 1250 1335 1312 factum’
1382 1253 1643 1301 subiunxit
1682 1251 2016 1312 Ollilambius,
2072 1255 2140 1302 ‘ut
2183 1254 2289 1302 illic
2334 1255 2420 1302 im-

272 1342 442 1402 pleam
479 1345 683 1388 mentem
710 1341 799 1400 qui
819 1339 903 1387 liic
928 1340 1099 1400 repleo
1125 1344 1360 1386 ventrem.
1416 1338 1528 1386 Iam
1563 1339 1723 1386 sentio
1759 1338 1896 1386 Iovis
1931 1338 2298 1398 0677797777076777.
2356 1339 2422 1386 alt

281 1427 367 1473 vix
404 1427 604 1473 tandem
641 1426 774 1472 sensi
807 1425 1028 1483 stolidus,
1070 1424 1190 1470 06776
1226 1427 1471 1484 operatur
1508 1424 1628 1471 deus
1664 1428 1793 1483 tuus,
1834 1408 2143 1484 meque'non
2180 1424 2424 1471 immerito

280 1511 591 1570 766097703677
629 1510 839 1556 07777677777
875 1522 1017 1556 37777777
1066 1514 1113 1556 67
1149 1508 1609 1557 Reuclzlinistarum
1657 1509 1871 1556 omnium
1899 1509 2186 1570 primatem.
2250 1507 2304 1569 xO
2333 1507 2421 1567 sa-

279 1601 408 1643 ctum
445 1595 600 1642 bene!
637 1594 748 1641 Iam
786 1606 878 1652 690
916 1594 1106 1641 nullam
1147 1594 1360 1654 amplius
1397 1594 1735 1652 infirmitatem
1772 1595 1945 1653 senti0,
1987 1595 2059 1641 ita
2095 1607 2172 1641 me
2208 1598 2320 1642 tuus
2344 1603 2454 1652 66-ι

279 1681 414 1728 lestis
450 1680 662 1727 oblectat
697 1678 849 1726 cibus.
926 1678 1200 1739 Disputare
1237 1683 1401 1725 tamen
1438 1683 1596 1726 tecum
1633 1691 1732 1726 non
1759 1691 1979 1740 possum,
2021 1678 2263 1738 Mercuri,
2305 1691 2421 1738 quo-

280 1766 415 1812 niam
453 1766 526 1812 ita
563 1777 670 1812 sum
708 1764 982 1811 eoeltaustus
1019 1764 1186 1810 multis
1222 1764 1322 1810 iam
1351 1764 1556 1824 pridem
1594 1768 1644 1811 et
1679 1763 2056 1822 infirmitatibus
2092 1767 2141 1811 et
2174 1761 2418 1811 miseriis’.

419 1854 793 1894 MERCVRIVS.
871 1848 937 1895 Et
971 1853 1025 1895 tu
1061 1849 1292 1895 miserias
1327 1849 1615 1907 sustinuisti,
1661 1846 1963 1908 Ollilambie,
2004 1849 2138 1896 inter
2170 1861 2424 1909 9077607763

277 1941 325 1982 67
359 1934 737 1996 sycophantas?

420 2022 781 2064 OLLILAMBI
786 2022 871 2063 VS.
954 2017 1030 2066 Tu
1077 2031 1109 2064 a
1158 2019 1250 2065 deo
1295 2020 1470 2067 missus
1515 2023 1563 2066 et
1610 2018 1702 2077 hec
1746 2019 1990 2079 iqnoras?
2052 2018 2127 2067 Tu
2174 2020 2264 2080 qui
2303 2028 2456 2080 pre-2

275 2106 425 2152 terita
451 2117 550 2152 non
576 2105 719 2163 nosti,
761 2104 887 2164 quid
915 2102 954 2162 s
949 2108 1103 2152 utura
1131 2103 1460 2164 prediceres?
1497 2102 1557 2151 Si
1588 2116 1682 2164 690
1719 2104 1771 2152 777
1809 2103 1944 2152 hunc
1980 2117 2135 2165 usque
2171 2104 2300 2152 diem
2327 2104 2424 2153 diis

274 2194 597 2238 conversatus
625 2187 838 2247 fuissem
874 2194 928 2237 ut
965 2194 1018 2237 tu
1053 2191 1304 2251 ceterique
1341 2203 1537 2250 07777763,
1580 2190 1702 2238 deus
1738 2202 1842 2237 esse
1877 2190 2063 2238 vellem.

415 2279 597 2323 MERG.
658 2275 821 2322 Parce
867 2288 1014 2335 queso
1061 2275 1237 2322 7767073.
1314 2274 1568 2335 Scriptum
1617 2279 1692 2322 est
1747 2275 1875 2322 enim
1935 2274 2029 2322 ‘Ne
2072 2275 2195 2335 quid
2240 2273 2417 2323 nimis'.

277 2360 451 2408 Nonne
487 2360 558 2407 ad
590 2360 757 2423 lyram
794 2360 1040 2408 Hesiodus
1076 2361 1258 2408 cecinit

614 2443 856 2507 ‘Optimus
891 2450 965 2493 est
1000 2446 1192 2493 1707777777
1225 2446 1393 2505 linque
1429 2445 1697 2493 thesaurus
1731 2449 1780 2492 et
1814 2446 1992 2505 77796773
2430 2453 2456 2499 2¹

606 2532 782 2591 970770
819 2545 913 2591 que
940 2532 1122 2591 parcis
1158 2535 1419 2578 mensurat
1452 2531 1654 2590 singula
1690 2528 1899 2578 verbis'?

417 2621 617 2661 OLLIL.
652 2615 877 2664 Pulchra
915 2617 1004 2663 illa
1039 2620 1153 2664 sunt
1188 2616 1439 2664 carmina.
2086 2667 2089 2671 ,

418 2706 596 2745 ΜΕΗΟ.
656 2701 811 2749 Recte
845 2702 1019 2762 sentis,
1062 2706 1110 2748 et
1144 2701 1280 2749 170776
1318 2701 1376 2748 00
1413 2713 1519 2748 76777
1557 2705 1693 2748 7770777
1731 2701 1980 2748 insaniam
2018 2700 2225 2760 depone.
2301 2699 2423 2748 Noli

274 2799 664 2846 unumquemque
699 2787 918 2834 moribus
953 2787 1049 2834 tuis
1084 2787 1344 2846 estimare,
1395 2785 1577 2833 Desine
1620 2785 1791 2834 morbo
1838 2786 1930 2833 isto
1958 2785 2294 2846 procacitatis
2328 2778 2413 2844 uti,⁴

274 2871 456 2918 Desine
492 2872 620 2918 alios
652 2884 748 2931 per
784 2872 1144 2932 impudentiam
1181 2872 1442 2919 lacessere.
1518 2871 1702 2919 talibus
1738 2871 1866 2918 enim
1904 2870 2064 2918 verbis
2100 2870 2190 2918 7707
2224 2871 2276 2918 777
2301 2869 2456 2928 celis*

275 2958 461 3004 amicos
488 2969 690 3015 parare
725 2969 825 3003 non
854 2961 1027 3017 potes,
1079 2957 1266 3003 videris
1312 2957 1537 3004 inimicos
1572 2956 1712 3004 velle.
1790 2955 1954 3003 Cesset
1989 2956 2254 3003 altercatio
2290 2956 2419 3002 inter

275 3054 389 3099 nos,
444 3040 571 3097 Quin
609 3047 661 3089 tu
696 3055 797 3089 uno
834 3042 982 3089 verbo
1020 3042 1129 3098 dic,
1181 3041 1316 3089 unde
1351 3042 1443 3089 7707
1476 3047 1577 3089 70777
1624 3054 1831 3100 97006777
1868 3054 1931 3088 06
1962 3042 2121 3102 plane
2158 3050 2416 3087 onerosam
2439 3027 2451 3057 '¹

273 3126 609 3182 infirmitatem
646 3128 951 3187 conceperis.

416 3214 615 3254 OLLIL.
674 3211 757 3258 Ea:
794 3213 951 3259 variis
987 3217 1033 3259 et
1068 3211 1422 3272 multiplicibus
1457 3211 1638 3258 eduliis
1665 3212 1786 3271 plus
1820 3223 1946 3271 equo
1982 3210 2205 3271 sumptis.

169 3297 253 3350 biij
418 3299 596 3341 MERG.
660 3295 809 3351 Quem
845 3297 1006 3345 67077777
1044 3298 1205 3344 indies
1230 3291 1250 3362 ΙΙ
1277 3297 1528 3344 comedis?
2426 3301 2456 3338 ⁸¹

417 3383 615 3422 OLLIL.
673 3380 830 3427 Pelles
866 3383 1130 3429 anserinas
1166 3385 1214 3428 et
1250 3382 1383 3429 colla
1421 3393 1667 3443 caporum
1703 3385 1859 3440 tosta,
1902 3379 2125 3440 buculas,
2166 3381 2412 3441 iuuencos,

273 3466 514 3520 7777777763,
557 3464 816 3524 perdices,
862 3466 1167 3526 phasianos,
1219 3460 1525 3524 coturnices,
1577 3466 1775 3523 turdos,
1830 3466 2076 3523 ficedulas
2121 3470 2168 3512 et
2202 3462 2419 3526 plurimi
2436 3455 2456 3500 s·

274 3547 473 3594 omnino
496 3548 695 3605 96776773
721 3550 878 3597 avitia
903 3552 1213 3611 molliterque
1237 3564 1300 3598 ac
1323 3551 1542 3598 studiose
1577 3553 1725 3597 tosta.
1800 3549 1892 3607 1766
1925 3549 2233 3597 stomachum
2256 3560 2412 3597 meum

383 3685 401 3712 ‘¹
433 3690 642 3741 apparat.
665 3688 702 3726 1.
817 3687 834 3711 ⁶
864 3670 1033 3740 x'sgilius
1057 3692 1096 3728 2.
1120 3689 1234 3729 Aen.
1256 3690 1340 3730 III.
1363 3688 1431 3729 48.
1549 3689 1567 3714 ⁷
1597 3689 1822 3742 nonagfta
1850 3688 1921 3728 illi
1951 3693 2066 3730 nou&
2096 3693 2136 3730 2.
2255 3689 2272 3713 ⁸
2302 3688 2410 3728 koe-

274 3751 390 3799 ch‘en
420 3762 462 3799 2.
495 3757 754 3811 (Holandice
783 3761 1018 3810 scriptum.)
1050 3761 1308 3799 Basiliensia
1339 3760 1434 3798 liba.
1523 3758 1558 3783 ²³³
1590 3761 1696 3799 Hes.
1723 3760 1807 3812 Op.
1833 3763 1878 3798 et
1910 3760 1950 3799 d.
1976 3759 2071 3800 719.
2095 3773 2160 3813 sq.
2196 3753 2412 3813 Γλώσσης

271 3843 342 3886 rot
364 3821 608 3884 θησαυρὸς
630 3821 681 3870 ἐν
701 3820 1029 3881 ἀνθρώποισιν
1051 3822 1237 3881 ἄριστος
1259 3827 1510 3881 Φειδωλῆς,
1534 3829 1727 3883 πλείστη
1750 3824 1804 3870 δὲ
1827 3822 1959 3883 χάρις
1979 3824 2102 3871 κατὰ
2122 3825 2294 3884 μέτρον
2315 3822 2409 3871 ἰού-

272 3914 370 3958 σης.
447 3899 483 3926 ³⁶
515 3900 758 3942 ancerinas
789 3901 882 3940 1.2.
