2456 4264
221 308 387 342 1100ss
406 308 744 340 nocns‘rutrnn
765 310 827 340 AD
846 311 1034 341 Lamum
1056 311 1209 342 PAPAu
1227 312 1288 341 ΕΤ
1308 311 1684 344 quAEmuAnvu
1706 314 1802 343 nss’.
1823 313 2067 345 RPISTOLA.
2102 289 2223 348 423

23 440 46 488 ’2'
118 451 122 454 ’
144 459 161 490 ·,
189 475 193 482 .
205 443 434 493 dhacem
465 442 690 490 hommem
721 442 940 504 (quisquis
972 444 1123 505 fuerit
1152 447 1234 506 qui
1263 447 1349 492 sub
1383 449 1564 494 nomine
1591 448 1834 494 Nazareni
1861 449 2054 510 teymine
2074 460 2126 496 se
2147 447 2225 496 ob-

24 517 38 553 ,’
109 519 119 535 ⁵
251 515 443 564 ueritati
471 513 699 570 catholice
727 515 841 574 fidei
866 508 876 581 Ι
907 529 1049 573 cause
1082 520 1246 573 nostre
1281 522 1328 565 et
1363 519 1490 565 nobis
1507 518 1656 580 fuisse
1679 521 1907 578 iniurium,
1944 520 2209 580 Capnionis
2223 514 2336 572 aiijb

24 587 45 648 Ἰ
95 588 117 604 ¹·
163 614 170 618 .
184 585 328 638 ficta
362 586 544 631 minime
576 598 937 646 eaeamurcasse,
981 600 1272 649 nequaquam
1308 603 1600 651 expurqasse
1638 606 1669 637 a
1703 592 1939 648 sordibus,
1984 595 2114 638 certe
2148 593 2230 652 qui

118 660 136 670 ²
344 659 538 703 erratus
572 659 653 703 via:
676 659 838 718 ylomis
878 654 945 721 (ut
975 658 1128 720 aiunt)
1166 664 1253 706 aut
1286 663 1444 722 caliqas
1479 664 1526 708 in
1571 662 1733 723 hyeme
1775 664 2043 723 cooperuit,
2092 664 2225 709 immo

124 784 134 792 .
154 792 159 794 .
239 755 245 764 ·
279 729 317 768 ”s
360 728 547 775 involvit
578 730 792 776 tenebris.
865 730 969 776 Par
996 732 1177 778 omnino
1213 737 1321 778 erat
1355 734 1599 780 ostendere
1621 734 1743 780 hunc
1762 733 2027 794 falsitatum
2051 734 2222 794 confla-

237 812 358 856 ..nec
403 813 546 846 unum
575 801 757 860 quidem
792 814 818 847 e
850 803 1026 848 nostris
1069 800 1177 863 (que
1207 807 1254 849 in
1285 808 1452 850 errata
1487 806 1836 851 construximus
1865 803 2224 865 Capnionistica)

98 867 103 870 ’
152 876 170 881 ”
197 899 201 904 -
240 894 272 911 «n
324 871 366 918 is
401 871 690 931 enodavisse,
723 876 775 919 at
806 877 935 919 novis
970 885 1139 920 revera
1173 876 1324 934 ipsum
1357 877 1610 921 irretivi’sse
1639 877 1831 935 laqueis.
1902 876 2222 926 Pet-suadebat

242 962 246 971 ,
276 968 281 976 ·
316 943 395 988 lis
428 943 637 1003 equitas,
683 957 773 1004 quo
808 948 1045 991 ostensum
1079 946 1273 1004 bemus,
1309 947 1530 1006 quomodo
1565 948 1718 993 nullas
1753 947 1965 993 meditati
1994 947 2224 1007 fuerimus

127 1013 132 1018 “
173 1020 177 1029 ²
224 1038 228 1049 „
265 1050 279 1069 ‚
312 1013 399 1060 sed
433 1026 535 1060 eam
573 1016 753 1062 molitos
789 1008 885 1062 nos'
905 1015 1056 1076 fuisse
1090 1016 1337 1064 adversum
1373 1017 1620 1077 Capnionis
1652 1030 1842 1064 errores
1877 1031 2049 1074 arcem,
2085 1032 2222 1078 quam

41 1125 43 1129 .
301 1089 459 1132 tensus
485 1090 840 1147 propuynator,
889 1100 976 1134 nec
992 1088 1141 1148 plane
1172 1088 1433 1148 ylomerat'a
1467 1091 1565 1135 eius
1599 1088 1766 1135 cohors
1801 1092 1928 1145 tota,
1969 1091 2106 1135 immo
2139 1102 2229 1143 nec,

2 1186 3 1190 =
27 1214 35 1222 ,Ἴ
110 1157 116 1162 “
174 1215 178 1219 η
201 1182 237 1202 «ῳ
303 1158 547 1205 universus
581 1157 842 1218 infrinyere
861 1160 1057 1217 poterit,
1093 1162 1148 1205 ut
1175 1160 1378 1219 reliquos
1395 1159 1630 1219 faciamus
1653 1161 1753 1205 illos
1776 1162 1973 1206 inermes
2002 1161 2222 1220 piymeos,

266 1224 412 1279 solius
441 1229 597 1288 infime
623 1231 746 1276 artis
773 1230 1038 1286 dicacitate,
1074 1234 1122 1275 et
1156 1231 1461 1277 maledicendi
1491 1233 1624 1291 copia
1660 1231 1912 1291 confidunt.
1987 1230 2222 1287 Quantum

124 1306 132 1314 ·
183 1295 186 1298 ”
247 1311 407 1361 super
439 1300 554 1346 inito
579 1313 664 1348 nos
686 1302 948 1360 penituerit
983 1301 1130 1347 duello
1156 1303 1365 1361 preliove
1389 1316 1484 1362 pro
1518 1303 1692 1348 christo
1739 1307 1907 1348 contra
1949 1305 1994 1349 ei
2026 1303 2223 1348 iniurias

2 1421 5 1427 ,
126 1364 163 1384 '⁸'
234 1399 258 1422 μ
292 1385 320 1418 o
351 1369 616 1431 falsitates,
667 1371 911 1419 Sanctitas
952 1385 1011 1418 ac
1047 1374 1264 1419 maiestas
1309 1377 1464 1429 vestre
1510 1376 1681 1434 optime
1725 1378 1926 1431 norunt,
1978 1375 2222 1433 quinimmo

129 1460 203 1509 *2
193 1439 242 1449 ”
334 1490 337 1493 .
435 1461 439 1467 ’
480 1444 724 1491 consciunt
754 1444 1071 1504 yloriosissimi
1096 1442 1287 1502 francie
1321 1458 1380 1490 ac
1424 1444 1746 1505 hispaniarum
1780 1458 1938 1506 reyes,
1981 1445 2117 1491 Novit
2150 1445 2220 1490 id-

0 1550 2 1553 >
121 1508 133 1526 ³
218 1484 608 1566 &attissimus
646 1515 874 1575 princeps
918 1514 1127 1562 Ioachim
1173 1516 1610 1577 Brandeburqensis
1648 1518 1819 1562 elector
1857 1518 1986 1562 sacri
2030 1518 2221 1575 imperii,

183 1585 397 1654 laudes
421 1587 507 1648 qui
536 1587 656 1633 satis
690 1588 911 1647 consequi
933 1587 1089 1647 possit
1124 1590 1196 1632 est
1230 1599 1387 1644 nemo,
1434 1587 1488 1634 ob
1524 1589 1574 1634 id
1608 1590 1656 1634 in
1694 1590 1863 1648 primis
1897 1588 2020 1648 quod
2049 1590 2097 1633 in
2128 1587 2222 1647 fide
2275 1619 2279 1623 ·

3 1670 6 1674 ’
215 1656 451 1724 Μ
485 1658 583 1719 fide
613 1659 941 1719 inteyerrimus
987 1659 1384 1718 zelosissimusque
1423 1661 1507 1716 sit,
1555 1659 1717 1720 quibus
1749 1662 1929 1706 cunctis
1962 1660 2117 1719 sepius
2150 1660 2220 1704 in-

0 1754 5 1766 ·
157 1776 169 1787 ,
296 1767 298 1771 s
388 1722 501 1776 totis
522 1731 792 1791 precordiis
822 1730 878 1776 ob
919 1731 1191 1790 sanquinem
1230 1729 1400 1776 chm‘sti
1427 1733 1783 1791 supplicavimus
1823 1727 2223 1791 (quemadmodum

215 1794 234 1831 ἶ
306 1794 651 1864 supplicamus)
693 1815 787 1849 non
832 1814 950 1849 sane
982 1816 1079 1862 pro
1113 1800 1303 1862 favore,
1347 1815 1440 1848 non
1475 1817 1572 1862 pro
1606 1815 1752 1858 cause
1787 1803 2112 1863 suppressione
2154 1797 2225 1862 (id

179 1873 319 1935 ᾔει·
341 1872 525 1934 fecere)
556 1873 644 1920 sed
669 1875 842 1920 iustam
878 1878 924 1919 et
955 1874 1271 1933 equissimam,
1307 1887 1398 1933 que
1427 1888 1521 1934 pro
1557 1875 1771 1920 veritatis
1807 1887 1864 1919 ac
1887 1874 1999 1932 fidei
2030 1885 2088 1918 ac
2112 1871 2223 1918 Iesu

250 1945 344 1992 sit
369 1943 572 2002 honore,
624 1947 882 2006 ffyorosam
913 1949 1055 2005 atque
1088 1945 1436 1991 exactissimam
1482 1946 1776 1991 sententiam.
1849 1944 2055 1991 Noverat
2091 1944 2223 2003 lonqe

207 2014 332 2067 Rc
363 2014 615 2082 Capnionis
645 2029 869 2064 onerosus
903 2017 1198 2074 consolator,
1236 2019 1461 2076 quantum
1497 2017 1605 2063 dum
1642 2016 1728 2072 hec
1763 2017 1933 2062 litteris
1966 2016 2220 2062 committe-

7 2115 15 2146 ς
109 2099 113 2102 “
193 2038 493 2152 mbas
524 2088 798 2136 detraheret
827 2089 1065 2144 veritatis,
1107 2088 1293 2149 quando
1319 2089 1492 2147 optime
1534 2087 1697 2134 habuit
1738 2091 2026 2147 compertum
2073 2082 2220 2148 (dum-

87 2162 106 2172 “
211 2171 400 2211 rorum
434 2158 665 2207 Reuchlin
698 2161 868 2207 smolus
899 2156 992 2222 est)
1028 2173 1117 2219 quo
1145 2163 1292 2218 pacto
1326 2158 1454 2207 nobis
1490 2159 1715 2216 oblatam,
1753 2172 1816 2206 ex
1846 2158 1973 2205 nobis
2001 2160 2218 2218 petitam,

228 2260 241 2270 s
298 2244 391 2280 us
419 2231 515 2280 litis
541 2233 928 2293 compositionem,
962 2243 1236 2292 qenerosam
1265 2231 1360 2277 litis
1381 2231 1683 2291 pendentium
1713 2227 1852 2293 (heus
1878 2231 2012 2277 niinis
2038 2229 2218 2277 diutur-

131 2292 194 2363 “,
221 2269 564 2366 peeliamtes,
607 2305 824 2366 qnaviter
865 2303 1113 2360 callentes,
1154 2316 1248 2350 non
1291 2313 1392 2348 esse
1435 2302 1658 2350 bonorum
1698 2302 2060 2350 christianorum
2105 2300 2223 2346 inire

70 2398 73 2404 ’
211 2373 534 2477 lblsitatibus‚
586 2376 764 2423 christo
810 2378 858 2421 et
905 2374 1247 2422 christianitati
1285 2374 1488 2431 miurus,
1527 2386 1721 2435 pacm,
1765 2385 1912 2434 neque
1947 2383 2086 2433 posse
2117 2372 2228 2431 fieri

89 2435 117 2458 ”
142 2439 146 2441 ’
263 2447 358 2495 ad
389 2446 558 2505 Belial,
594 2451 680 2494 aut
713 2447 807 2493 luci
838 2447 904 2493 ad
938 2446 1156 2493 tenebras
1189 2446 1546 2495 conventionem
1616 2446 1700 2493 Ex
1734 2444 1895 2506 quibus
1926 2442 2131 2491 omnibus
2154 2443 2223 2488 ita

3 2567 14 2575 ,
112 2516 348 2581 mfati
376 2530 538 2566 sumus
571 2531 623 2567 se
650 2518 928 2566 habentibus
964 2517 1131 2578 liquido
1166 2517 1409 2574 clarescit,
1444 2531 1584 2577 quam
1617 2518 1883 2578 nuqaciter‚
1917 2529 2056 2576 quam
2095 2513 2223 2561 deni-

70 2609 72 2613 *
106 2648 109 2649 ⁷
182 2590 435 2642 mune
466 2591 681 2638 inanibus
712 2590 943 2637 extollant
969 2588 1206 2650 speciebus
1237 2588 1352 2635 dicti
1382 2587 1518 2636 libelli
1541 2588 1833 2650 praetores,
1866 2587 1974 2635 dum
1996 2584 2226 2636 Reuchlin

135 2684 137 2688 ¹
192 2683 228 2697 ι’
258 2684 264 2696 ’
301 2675 379 2710 um
412 2664 744 2723 repromittere
777 2674 870 2708 non
903 2664 1127 2709 verentur
1169 2658 1481 2719 trimphum,
1528 2660 1583 2707 ob
1629 2661 1780 2707 trinos
1824 2670 1850 2704 e
1894 2658 1992 2715 celo
2034 2659 2082 2704 in
2124 2657 2224 2704 eius

34 2725 384 2802 mem
418 2734 639 2782 demissos
689 2733 878 2790 heroes,
932 2733 1018 2793 qui
1054 2732 1123 2778 nil
1167 2734 1324 2791 utique
1369 2730 1457 2778 sibi
1494 2732 1823 2787 contulerunt,
1862 2731 2025 2791 potius
2066 2732 2222 2776 autem

36 2796 389 2889 mes
417 2806 616 2852 amicum
651 2805 829 2852 erratis
857 2806 956 2851 eius
980 2815 1170 2851 errores
1191 2802 1573 2862 superaddidere.
1612 2803 1662 2850 id
1683 2802 1806 2863 quod
1836 2800 2033 2848 veridice
2065 2802 2220 2847 osten-

218 2887 394 2927 ms.
467 2877 744 2937 Eapropter
791 2888 870 2923 eos
912 2887 938 2922 e
982 2874 1082 2931 celo
1126 2874 1347 2923 demissos
1390 2888 1484 2922 nan
1526 2886 1628 2921 esse
1658 2874 1822 2934 palam
1858 2874 2060 2919 constat.
2115 2869 2222 2916 hinc

217 2949 456 3006 amnuit,
491 2949 649 3009 quisve
681 2959 759 2994 eos
791 2947 991 3004 miserit,
1034 2946 1126 3006 ipsi
1150 2946 1368 2994 viderint.
1442 2942 1486 2994 (Ι
1532 2945 1858 2993 Verumtamen
1892 2943 1950 2991 de
1982 2942 2106 2991 hisce
2139 2940 2218 2988 he-

33 3017 224 3082 m
245 3020 489 3081 operosius
511 3030 778 3081 parumper
815 3022 870 3065 ut
904 3028 1161 3065 sermonem
1192 3016 1449 3079 faciamus,
1488 3029 1566 3063 res
1600 3021 1765 3064 nostra
1800 3013 2051 3076 efflayitat.
2127 3012 2220 3060 No-

35 3089 278 3191 μοι
307 3102 495 3152 nanque
534 3103 672 3152 quem
709 3093 953 3137 recensent
993 3088 1202 3145 heroem,
1242 3088 1422 3149 pluries
1456 3087 1637 3144 Rhome
1677 3100 1780 3134 cum
1810 3098 2046 3147 propense
2082 3098 2219 3145 roya-

210 3165 313 3210 tmn
341 3163 578 3210 instanter
610 3163 860 3223 requisitus
888 3174 980 3221 pro
1011 3159 1400 3208 communicandis
1429 3159 1502 3207 his
1538 3172 1628 3220 que
1657 3172 1750 3220 pro
1786 3157 2018 3218 Capnione
2051 3156 2219 3216 coeqis-

11 3161 173 3320 a,
212 3235 262 3281 et
303 3232 392 3281 hoc
428 3235 523 3281 sive
556 3245 651 3295 per
693 3234 903 3292 scripta,
945 3233 1041 3278 sive
1077 3243 1169 3291 per
1203 3232 1349 3279 vivum
1381 3242 1663 3287 sentiment,
1704 3228 1866 3277 abnuit
1902 3229 1976 3275 ille
2006 3238 2220 3288 prorsus,

202 3315 287 3352 ens
318 3316 372 3351 se
403 3305 624 3352 nonnulla
652 3303 832 3366 quidem
867 3303 1125 3363 consuisse,
1154 3302 1240 3350 sed
1274 3303 1404 3350 ocius
1439 3302 1631 3349 collecta
1669 3299 1919 3348 tradidisse
1941 3300 2049 3361 iqni.
2110 3296 2221 3355 Quis

268 3389 363 3423 non
404 3375 569 3422 viderit
613 3379 842 3436 quantum
889 3376 1080 3427 victorie
1122 3372 1262 3420 huius
1297 3372 1451 3420 herois
1487 3386 1624 3420 arma
1662 3372 1888 3433 Capnioni
1920 3371 2219 3431 promittant,

111 3438 123 3450 ⁶
193 3447 314 3508 ionis
346 3445 614 3494 devoravit?
651 3446 784 3504 Quod
816 3447 860 3492 si
886 3438 897 3511 Ι
929 3445 1083 3492 adhuc
1119 3445 1197 3491 ida
1233 3448 1319 3492 aut
1354 3444 1448 3492 alia
1477 3443 1615 3492 huius
1639 3442 1793 3491 herois
1816 3443 1910 3490 sint
1933 3441 2328 3503 patrocinia‚aiiij

151 3518 301 3569 liccem
331 3518 566 3577 prodeant
603 3522 746 3577 atque
774 3517 1002 3563 edantur.-
1037 3514 1262 3563 videbitur
1293 3515 1421 3563 nobis
1454 3529 1546 3564 non
1581 3514 1751 3571 deesse,
1787 3513 1914 3576 quod
1937 3527 2028 3575 pro
2064 3513 2146 3559 deo
2171 3515 2217 3557 et

162 3590 174 3601 ⁰
226 3593 274 3636 te
306 3589 568 3648 loqwmur.
638 3587 763 3648 quod
802 3589 847 3634 si
878 3586 952 3635 hic
984 3586 1123 3634 heros
1157 3588 1217 3634 sit
1253 3588 1323 3633 vir
1352 3587 1431 3650 ille
1459 3588 1539 3647 qui
1568 3585 1814 3646 facturam
1846 3585 1986 3646 fecit,
2033 3585 2109 3631 cui
2131 3583 2216 3629 ini-

5 3710 13 3720 ,
103 3655 105 3657 ’
135 3710 139 3714 ,
220 3661 435 3707 nascitur
472 3660 668 3720 ‘royasti
702 3671 775 3707 me
815 3660 879 3705 mi
901 3657 1142 3719 Stephane
1176 3660 1282 3705 etc.'
1325 3659 1475 3705 sciant
1521 3658 1738 3719 quoniam
1771 3658 1889 3703 satis
1915 3657 2095 3716 accepit
2139 3664 2214 3699 re-

219 3731 253 3790 ‘,
282 3730 406 3792 quod
439 3733 487 3779 in
520 3730 645 3778 hanc
678 3743 823 3791 usque
856 3729 1021 3778 horam
1058 3743 1188 3786 rome
1220 3730 1351 3791 apud
1383 3729 1783 3778 reverendissimos
1816 3728 2020 3775 dominos
2056 3723 2216 3772 Cardi-

182 3882 222 3913 ⁴⁸
250 3885 476 3928 facturam
508 3882 605 3938 etc.]
629 3884 657 3925 ἰ.
680 3897 718 3925 e.
742 3883 1072 3925 Defensionem
1092 3881 1335 3925 Reuchlini
1358 3894 1457 3936 quae
1481 3886 1552 3924 est
1573 3883 1619 3923 in
1641 3880 1808 3923 libello·
1830 3892 1961 3934 quem
1992 3877 2213 3930 descripsi

68 3953 218 3998 Indis.
239 3955 454 4010 bibliogr.
479 3956 667 3996 Hutten.
691 3967 734 3995 n.
759 3954 909 3995 x1111.
933 3953 973 3995 3.
997 3954 1036 3996 4.
1058 3953 1098 3997 5.
