2456 4264
133 705 208 745 §.20

126 1984 200 2024 §.3.

225 266 343 323 464
901 283 1227 313 nocns‘rRA'rvs
1252 283 1398 313 ovAns
1420 283 1666 313 manoevs.

222 423 265 467 in
304 424 421 467 hunc
458 420 589 464 modo
627 431 780 464 canem
818 416 1082 474 demigravi,
1129 416 1249 475 quod
1297 415 1379 461 su'b
1430 415 1624 460 hominis
1662 414 1813 475 specie
1850 428 1974 462 suem
2011 416 2269 462 immundus
2307 423 2352 462 et

222 493 381 537 lividus
420 504 572 536 canem
610 502 699 532 non
737 488 882 531 minus
922 499 1054 545 quam
1092 492 1141 530 tu
1179 485 1406 530 vivebam?

359 570 746 607 Hocns‘rRATvs.
818 556 957 606 Perii,
996 556 1299 601 imminentem
1336 557 1502 600 misero
1539 562 1730 601 mortem
1755 562 1982 602 ostentum
2007 557 2118 603 illud
2143 557 2351 603 omnibus

222 631 385 692 seculis
424 630 668 675 inauditum
704 626 958 687 portendit;
997 627 1164 672 adeone
1201 626 1371 671 laetitiae
1408 626 1609 672 maximae
1646 627 1908 673 moestitudo
1945 630 2087 674 maior
2112 631 2146 673 it
2171 628 2351 674 comes?

362 712 505 748 LEVS.
577 698 639 744 Ne
679 699 808 752 time,
845 699 1039 758 inquam.
2365 713 2386 744 5

357 782 640 818 LVPOLDVS.
714 769 837 814 Bono
876 770 1022 813 animo
1061 769 1146 818 sis,
1183 774 1312 828 pater
1349 767 1489 813 frater
1524 768 1791 813 reverende:
1829 782 1931 814 nam
1956 768 2131 814 videtur
2155 782 2255 814 esse
2281 783 2352 814 va-

223 851 302 893 tes,
341 844 463 887 utin
487 841 604 886 bello
633 841 823 886 Troiano
863 837 1005 899 equus
1031 838 1230 884 Achillis.
1305 837 1420 894 Quid
1456 840 1494 884 si
1530 839 1678 885 fausta
1714 839 2034 900 fortunataque
2058 839 2351 886 nuntiaturus

218 913 474 958 advenerit?

359 995 504 1031 ans.
576 982 833 1032 Erostrate,
872 987 916 1026 te
954 981 1028 1026 diu
1065 979 1192 1031 novi,
1231 994 1322 1025 non
1361 979 1507 1026 solum
1544 980 1750 1031 nomine,
1791 980 1871 1025 sed
1907 982 2042 1026 etiam
2077 994 2223 1041 nuper
2247 994 2352 1026 con-

222 1055 457 1100 suetudine
494 1053 681 1114 quadam
718 1051 947 1104 familiam
994 1051 1139 1098 audivi
1185 1057 1230 1096 te
1273 1051 1465 1111 plurima
1511 1051 1771 1111 loquentem
1809 1064 1911 1096 cum
1949 1051 2090 1098 sodali
2126 1051 2180 1096 de
2218 1066 2411 1112 supe-10

222 1133 319 1171 rato
368 1117 593 1185 Capnione
638 1130 683 1168 et
730 1124 885 1169 futuro
935 1123 1174 1182 triumpho.
1248 1136 1332 1167 vox
1378 1124 1466 1167 ista
1517 1128 1590 1167 tua
1637 1123 1784 1167 minax
1820 1129 1866 1168 et
1903 1121 2115 1168 subfusca
2150 1122 2354 1168 Erostra-

225 1202 318 1242 tum
355 1197 463 1241 mihi
500 1195 688 1241 indicat:
726 1194 1048 1240 Hochstratum
1085 1194 1201 1238 enim
1238 1207 1321 1238 nos
1359 1192 1523 1238 eruditi
1557 1192 1841 1239 Erostratum
1876 1193 2160 1239 nominamus
2199 1193 2256 1239 ob
2295 1193 2354 1238 si-

223 1267 517 1313 militudinem
553 1266 745 1311 nominis
784 1271 828 1310 et
864 1265 955 1310 rei:
992 1278 1145 1309 verum
1182 1278 1272 1309 non
1310 1278 1508 1323 agnosco
1548 1277 1650 1309 eum
1678 1264 1756 1324 qui
1793 1269 1944 1310 tecum
1981 1270 2066 1310 est.

360 1349 644 1385 LVPOLDVS.
718 1335 823 1382 Sum
869 1336 1011 1381 frater
1056 1334 1309 1395 Lupoldus,
1360 1333 1602 1380 fidissimus
1649 1334 1842 1381 Achates
1891 1335 1995 1381 huic
2040 1335 2227 1385 Aeneae,
2275 1335 2353 1395 qui

221 1409 455 1454 Erostrato
492 1409 604 1454 iuris
643 1413 688 1453 et
723 1408 948 1467 aequitatis
987 1412 1203 1467 quantum
1243 1406 1350 1451 satis
1387 1412 1458 1451 est
1493 1405 1838 1466 inquisitoribus
1875 1406 2094 1453 haereticae
2119 1405 2352 1466 pravitatis
2375 1417 2410 1449 15

221 1479 597 1529 commonefacio,
638 1478 759 1538 quod
798 1485 942 1523 tamen
977 1491 1069 1522 non
1106 1478 1166 1522 ita
1202 1476 1393 1521 multum
1431 1477 1733 1522 necessarium
1771 1482 1840 1523 est
1876 1476 1980 1528 illis,
2018 1476 2239 1536 siquidem
2265 1490 2356 1522 ma-

222 1551 379 1610 gistris
414 1551 754 1600 haereticorum,
805 1548 967 1609 quibus
1015 1548 1135 1608 quod
1170 1546 1279 1593 libet
1314 1547 1419 1594 licet
1455 1549 1771 1608 pronuntiare;
1818 1548 2017 1594 vicissim
2065 1554 2216 1593 autem
2254 1561 2354 1606 quae

221 1622 349 1667 anxie
386 1635 439 1666 ex
474 1622 738 1681 praescripto
777 1621 888 1665 iuris
926 1625 971 1665 et
1006 1618 1277 1664 iudiciorum
1315 1617 1550 1664 observata
1588 1625 1715 1670 sunt,
1764 1618 1903 1664 doceo
1941 1617 2198 1679 petulanter
2233 1617 2355 1664 calu-

220 1692 404 1743 mniari,
451 1692 585 1736 homo
633 1696 853 1751 praeterea
899 1689 1124 1736 confidens
1172 1696 1217 1735 et
1264 1690 1516 1740 animosus,
1564 1689 1641 1750 qui
1687 1689 1800 1735 nihil
1847 1703 1946 1734 sum
1993 1688 2164 1735 veritus
2212 1688 2355 1749 Spiris

219 1769 376 1808 contra
421 1761 592 1807 iudices
638 1761 927 1822 Apostolicos
974 1760 1152 1806 libellos
1202 1761 1402 1805 famosos
1449 1773 1686 1821 spargere,
1735 1759 1868 1806 etiam
1915 1766 2073 1805 contra
2120 1760 2217 1806 eius
2263 1758 2351 1805 loci
2368 1772 2411 1806 20

219 1834 503 1893 episcopum,
552 1846 685 1893 quem
734 1831 896 1893 scripsi
942 1838 986 1877 et
1037 1831 1147 1882 dixi,
1198 1830 1333 1877 etiam
1385 1845 1485 1876 cum
1542 1832 1636 1877 suis
1691 1830 1941 1882 iudicibus,
1996 1832 2199 1891 ineptum
2254 1844 2353 1876 esse

218 1917 421 1964 puerum.
2336 1933 2344 1939 .

355 1987 501 2022 LEVS.
573 1973 778 2034 Egregie.
853 1974 920 2019 Tu
955 1988 1003 2019 es
1042 1975 1129 2018 iste
1164 1973 1307 2018 frater
1340 1972 1595 2034 Lupoldus,
1634 1973 1821 2034 opinor,
1861 1985 1994 2033 quem
2030 1971 2166 2032 vulgo
2203 1972 2356 2018 serunt

215 2046 466 2091 concacatis
505 2046 649 2090 soccis
694 2044 938 2091 foeminalia
974 2043 1091 2090 collo
1131 2044 1443 2105 suspendisse,
1493 2050 1538 2090 et
1586 2050 1735 2090 tamen
1783 2043 1903 2090 haud
1938 2057 2078 2090 vanus
2117 2057 2165 2090 es
2202 2056 2350 2089 rerum

215 2116 516 2168 coniectator;
563 2115 737 2162 etiamsi
782 2130 873 2161 non
912 2116 1017 2166 sim,
1066 2121 1118 2160 ut
1153 2122 1311 2176 putas,
1360 2121 1508 2166 vates,
1555 2121 1677 2161 certe
1715 2115 1883 2161 amicus
1922 2114 2046 2161 vobis
2085 2121 2132 2160 et
2169 2127 2269 2160 esse
2305 2121 2409 2159 et25

214 2187 368 2232 haberi
405 2187 562 2247 cupio,
609 2194 743 2246 atque
788 2188 938 2232 socius
986 2187 1127 2231 futuri
1175 2186 1413 2246 triumphi,
1461 2201 1512 2232 ac
1557 2186 1758 2232 monitor
1794 2185 2107 2244 fidelissimus,
2152 2199 2208 2231 ne
2247 2184 2354 2246 quid

215 2272 294 2318 per
330 2258 551 2303 inscitiam
588 2259 822 2304 omittatur
858 2257 980 2318 quod
1014 2257 1150 2304 faciat
1187 2257 1240 2303 ad
1276 2256 1651 2318 magnificentiam
1689 2256 1946 2319 spectaculi.

353 2341 635 2376 LVPOLDVS.
708 2328 962 2374 Reverende
997 2335 1127 2389 pater
1164 2329 1327 2379 frater,
1376 2330 1582 2389 quisquis
1620 2335 1713 2380 est,
1763 2327 2029 2375 audiendum
2067 2340 2252 2379 censeo,
2294 2328 2352 2372 si·

215 2400 393 2460 quidem
431 2400 626 2445 didicisti
663 2399 895 2460 diligentia
930 2400 1237 2460 inquisitionis
1275 2401 1512 2445 haereseon
1547 2413 1701 2459 magas
1739 2414 1852 2445 anus
1890 2397 2131 2459 aliquando
2166 2412 2249 2459 per
2282 2412 2350 2444 as-

215 2477 421 2531 sumptos
458 2477 583 2516 catos
621 2476 666 2516 et
701 2471 812 2516 feles
849 2470 1050 2522 locutas,
1089 2470 1187 2516 fieri
1224 2471 1357 2518 etiam
1395 2477 1551 2532 potest
1588 2469 1710 2532 quod
1745 2470 1951 2517 Catarina
1991 2469 2070 2516 tibi
2105 2469 2211 2516 olim
2247 2469 2346 2515 ada-
2364 2479 2407 2513 30

326 2692 343 2719 ‘¹
373 2693 556 2735 laeticiae
590 2697 632 2735 3.
720 2693 738 2720 ⁷
769 2707 910 2748 equus
940 2692 1148 2749 Achillis]
1180 2694 1405 2736 Xanthus.
1436 2695 1612 2736 Homer.
1635 2693 1690 2736 Il.
1710 2693 1832 2736 XIX.
1852 2692 1950 2734 404.
1973 2705 2069 2747 sqq.
2163 2692 2348 2734 nuncia-

214 2768 339 2805 turus
370 2767 412 2805 2.
427 2767 468 2805 3.
557 2762 592 2790 ¹4
621 2762 874 2819 Lupoldus,]
903 2765 1031 2806 Idem
1063 2767 1138 2818 qui
1170 2766 1218 2806 in
1247 2765 1446 2819 Dialogo
1478 2778 1595 2808 novo
1628 2768 1674 2806 et
1702 2765 1814 2806 mire
1846 2764 2036 2815 festivo,
2072 2776 2127 2804 ex
2157 2776 2351 2816 quorun-

214 2836 316 2876 dam
345 2836 542 2877 virorum
572 2835 746 2876 salibus
778 2835 978 2876 cribrato
1009 2836 1287 2877 zelosissime
1320 2839 1480 2878 contra
1509 2835 1827 2877 latinizatores
1855 2847 1996 2877 novos
2035 2834 2260 2888 disputat,
2303 2837 2350 2874 et

215 2907 289 2958 qui
317 2907 366 2947 in
396 2906 713 2947 Conciliabulo
744 2905 1143 2960 Theologistarum
1173 2909 1244 2957 ἕξ.
1265 2907 1334 2949 31.
1357 2920 1455 2961 sqq.
1490 2906 1697 2961 ‘recepta
1727 2920 1755 2947 a
1785 2906 2019 2961 'magistris
2058 2906 2134 2958 qui
2165 2905 2350 2945 fuerunt

216 2982 322 3017 ante
343 2979 438 3018 nos‘
470 2981 630 3018 contra
650 2990 792 3019 novas
812 2977 1059 3018 ribaldi-ias
1091 2978 1311 3020 defendit.
1399 2975 1558 3031 fidiss.]
1584 2977 1656 3018 Cf.
1683 2979 1814 3031 Very.
1835 2977 1949 3018 Aen.
1971 2976 2009 3020 I.
2031 2974 2126 3016 188.
2149 2974 2246 3017 312.
2269 2980 2347 3019 etc.

214 3046 248 3073 ¹⁷
277 3049 549 3101 pronficiare
579 3052 623 3090 2.
739 3047 773 3074 ¹⁹
804 3046 963 3102 Spiris]
1003 3049 1114 3089 Post
1150 3049 1386 3102 utriusque
1417 3049 1583 3102 partis,
1623 3045 1869 3089 Reuchlini
1897 3046 2279 3099 Hochstratique,
2321 3058 2348 3086 a

215 3118 399 3159 decreto
436 3119 702 3172 Moguntino
743 3119 801 3160 ad
838 3119 993 3159 sedem
1043 3119 1344 3172 apostolicam
1392 3119 1711 3173 interpositam
1757 3118 2130 3173 provocationem
2164 3117 2261 3157 Leo
2291 3116 2346 3157 X.

216 3201 403 3228 causam
431 3188 539 3229 fidei
570 3190 775 3243 Spirensi
806 3190 1018 3243 episcopo
1051 3190 1249 3244 Georgio
1278 3190 1492 3231 Palatino
1524 3190 1630 3230 duci
1660 3190 1966 3242 commiserat,
1998 3189 2076 3242 qui
2106 3189 2149 3228 ei
2180 3200 2344 3240 cogno-

214 3259 395 3299 scendae
416 3259 634 3300 Thomam
655 3260 1001 3301 Truchsessium
1034 3261 1368 3314 Georgiumque
1400 3260 1852 3314 Schwalbacensem‚
1893 3260 2154 3310 canonicos,
2188 3258 2348 3299 adiun-

216 3330 302 3369 ctis
322 3330 442 3370 Phil.
465 3330 520 3371 de
542 3330 810 3382 Flersheim,
833 3331 930 3380 Ioa.
953 3332 1122 3384 Vigilio
1144 3333 1161 3383 (
1173 3332 1394 3385 Wacker),
1425 3332 1678 3372 Francisco
1701 3331 1755 3372 de
1778 3330 2032 3384 Sickingen
2047 3361 2058 3382 ,
2090 3328 2186 3370 Iod.
2212 3328 2346 3370 Gallo

214 3399 383 3453 (Halm)
415 3404 460 3441 et
487 3400 660 3453 Wolfg.
681 3402 895 3443 Fabricio
928 3401 1154 3455 Capitone
1185 3401 1441 3456 (Ko'pslez‘n),
1472 3402 1701 3456 praefecit.
1761 3401 2018 3443 Secundum
2045 3399 2346 3442 Reuchlinum

213 3471 463 3511 iudicatum
492 3475 538 3510 et
565 3471 870 3513 Hochstratus
901 3473 958 3512 ad
989 3486 1142 3514 omnes
1171 3473 1268 3514 litis
1300 3486 1526 3527 expensas
1557 3473 1770 3514 ferendas
1788 3471 2131 3523 Reuchlinoque
2152 3470 2345 3511 florenos

215 3541 317 3582 CXI
346 3540 610 3582 Rhenenses
639 3543 944 3583 restituendos
983 3544 1224 3584 damnatus
1258 3548 1330 3585 est
1359 3544 1400 3584 d.
1423 3544 1490 3587 24.
1514 3544 1623 3597 Apr.
1648 3556 1690 3584 a.
1716 3542 1839 3583 1514.
1898 3542 2014 3601 Tqm
2041 3540 2345 3582 Hochstratus

213 3625 303 3653 non
333 3611 478 3653 solum
508 3624 596 3651 non
635 3611 869 3664 adquievit
907 3614 989 3653 sed
1026 3614 1312 3654 furibundius
1351 3615 1491 3655 etiam
1529 3614 1762 3654 intumuit:
1804 3612 2162 3654 condemnatorii
2198 3610 2346 3651 libelli

213 3684 434 3736 ignesque
458 3695 485 3722 a
507 3681 851 3722 coloniensibus
872 3688 1104 3735 parantur.
1139 3684 1211 3723 Cf.
1233 3685 1355 3724 infra
1374 3684 1509 3724 huius
1540 3684 1714 3738 dialogi
1733 3685 1798 3734 ἕξ.
1820 3684 1889 3727 26.
1911 3684 2024 3724 Maii
2046 3683 2129 3724 vit.
2151 3681 2343 3722 Reuchl.

213 3768 257 3807 p.
278 3754 348 3794 44.
369 3753 466 3794 412.
488 3766 583 3806 sqq.
615 3754 676 3795 H.
697 3767 732 3795 υ.
754 3754 796 3795 d.
816 3754 964 3793 Hardt
993 3753 1098 3794 hist.
1121 3755 1304 3794 reform.
1327 3754 1386 3795 ΙΙ.
1409 3768 1454 3806 p.
1475 3754 1515 3794 8.
1595 3753 1630 3780 ²¹
1662 3753 1760 3807 epm
1783 3757 1875 3798 1.2.
1951 3750 1989 3779 ²4
2017 3764 2162 3794 vanus
2192 3765 2343 3800 omnes,

214 3827 294 3866 sed
321 3831 458 3865 tamen
485 3825 528 3864 in
557 3823 732 3864 Erratis
760 3823 886 3864 habet
915 3826 964 3864 1:
995 3823 1160 3875 uerius,
1192 3823 1297 3876 lege
1327 3835 1488 3864 uanus.
1579 3821 1644 3877 es]
1678 3828 1724 3864 et
1754 3827 1796 3864 1.
1881 3823 1918 3849 ³⁰
1948 3819 2096 3877 catos]
2130 3823 2162 3864 i.
2185 3836 2224 3866 e.
2247 3826 2342 3864 cat-

211 3899 298 3944 tos,
328 3887 592 3948 αἰλοὺρους,
623 3896 781 3936 Kater.
