2456 4264
391 265 708 295 rnrnmconm
729 265 791 295 An
814 265 1109 295 HERMANNVM
1130 266 1389 296 ancu’nu
1412 267 1578 298 conon.
1603 270 1675 299 ΕΡ.
1699 271 1745 303 D.
1767 270 1811 301 A.
1841 268 1936 303 1516.
2171 253 2250 310 87

71 407 385 460 pwperM,
422 396 754 446 inobedientia
787 397 1089 458 inferiorum
1119 409 1246 456 erqa
1281 398 1590 459 superiores,
1646 409 1693 448 et
1728 404 1883 451 variis
1917 405 2251 457 seditionibus.

80 481 189 531 Non
228 482 430 532 dubium
461 485 582 545 quin
619 484 906 532 huiusmodi
933 484 1092 544 plaqe
1132 482 1334 530 veniant
1376 486 1425 531 et
1460 484 1692 534 oriantur
1725 500 1792 535 ex
1821 490 1920 537 illis
1948 492 2177 551 pessimis
2208 497 2256 540 et

7 610 9 612 ,
77 569 311 616 maximis
328 570 556 631 peccatis
580 567 855 628 Iudeorum
887 573 935 617 et
966 580 1137 616 eorum
1168 565 1324 627 falsis
1349 572 1397 616 et
1423 573 1677 629 perversis
1699 575 1965 635 scripturis
1984 589 2078 636 que
2102 589 2254 636 cause

78 659 194 703 sunt
226 657 442 704 omnium
476 657 740 704 malorum.
816 653 859 702 (Ι
898 653 1057 712 Quam
1093 652 1151 701 ob
1182 665 1390 701 causam
1421 667 1534 703 cum
1571 668 1662 716 eqo
1688 671 1789 718 per
1823 660 1879 708 id
1916 662 2150 722 temporis
2185 670 2252 710 ea:

7 795 12 802 .
43 757 67 789 ⁵
80 740 284 789 consilio
314 741 465 790 etiam
488 741 992 803 prudentissimorum
1027 739 1246 787 virorum
1281 739 1508 788 nonnihil
1539 748 1720 790 contra
1749 743 1916 802 falsos
1945 749 1994 793 et
2026 747 2253 795 scanda-

0 826 27 865 -’
75 825 204 874 iosos
230 824 507 886 Iudeorum
539 827 692 876 libros
727 827 895 876 moliri
927 825 1127 888 vellem,
1160 837 1238 872 me
1275 824 1348 871 ad
1379 825 1754 886 imperatoriam
1791 831 2095 878 maiestatem
2126 845 2251 880 con—

0 913 9 983 f
75 911 189 971 tuli,
238 915 288 960 et
330 924 538 961 causam
585 913 721 963 hanc
759 917 916 974 prout
959 914 1072 959 erat
1111 911 1190 958 rei
1227 909 1412 957 veritas
1447 911 1669 959 eiusdem
1706 915 1964 963 serenitati
1989 918 2248 976 proposui.

0 1014 10 1066 g
74 994 293 1060 Insuper
325 997 422 1047 hoc
457 998 674 1058 Cesarea
711 1000 947 1047 maiestas
982 997 1086 1044 suis
1122 994 1464 1056 imperialibus
1491 996 1708 1056 publicis
1741 999 1995 1048 mandatis
2030 1001 2252 1050 omnibus

0 1071 24 1147 {¹
73 1081 294 1132 Romani
324 1084 529 1146 imperii
553 1084 759 1134 statibus
791 1082 1072 1141 mandavit,
1107 1085 1161 1128 ut
1188 1092 1354 1128 omnes
1380 1082 1576 1130 inutiles
1608 1081 1937 1133 thalmudicos
1958 1085 2110 1134 libros
2140 1099 2251 1135 cum

0 1156 176 1275 iuncis
210 1169 551 1231 appendiciis,
599 1168 654 1218 m
686 1169 968 1227 Christiane
1007 1166 1136 1226 fidei
1165 1164 1486 1227 opprobrium
1531 1172 1581 1215 et
1607 1167 1823 1217 dedecus
1851 1172 2164 1232 compositos,
2217 1184 2250 1218 a

0 1278 22 1315 ;5
72 1252 247 1313 Iudeis
281 1253 510 1304 tollerent
541 1258 593 1304 et
624 1255 1023 1317 supprimerent:
1083 1251 1246 1299 Voluit
1271 1263 1464 1311 quoque
1488 1265 1569 1300 eos
1605 1259 1661 1301 ut
1685 1267 1835 1314 quam
1873 1256 1961 1304 diu
2001 1255 2248 1305 Christia-

0 1343 27 1387 κ
73 1350 191 1388 nam
213 1339 367 1399 fidem
401 1352 502 1389 non
527 1341 909 1403 acceptaverint,
946 1336 1218 1387 secundum
1243 1337 1502 1397 antiquam
1530 1339 1688 1399 leqem
1719 1343 1768 1388 et
1784 1341 2068 1403 prophetas
2089 1343 2251 1391 vivere

0 1405 29 1490 Ξ
73 1424 266 1474 debere.
342 1423 517 1476 Omitto
543 1428 757 1488 reliqua.
799 1423 1077 1474 istiusmodi
1104 1423 1259 1482 iqitur
1292 1422 1585 1471 mandatum
1621 1438 1688 1472 ex
1718 1429 2058 1476 commissione
2095 1427 2249 1486 Cesa—

0 1496 18 1540 ⁷·
71 1523 159 1570 ree
200 1512 474 1560 maiestatis
507 1513 734 1575 primum
767 1507 1150 1569 Franckfordie
1185 1507 1385 1556 honesto
1415 1511 1615 1558 senatui
1659 1511 1835 1569 obtuli,
1886 1513 2021 1574 quod
2062 1526 2249 1574 maqna

0 1586 185 1672 ,luctam
214 1595 515 1647 Reverentia
558 1602 608 1647 et
640 1598 828 1647 honore
861 1597 1216 1656 acceptarunt,
1264 1597 1314 1642 et
1345 1594 1475 1642 sicut
1516 1593 1710 1645 honesti
1752 1602 1801 1645 et
1837 1597 2111 1647 Christiani
2155 1600 2254 1647 viri

69 1682 342 1732 mundum
386 1687 603 1733 tenorem
645 1683 959 1746 imperatorii
1001 1679 1234 1729 mandati
1278 1682 1518 1740 exequuti
1556 1689 1693 1739 sunt,
1743 1683 1812 1731 ita
1859 1685 1994 1744 quod
2021 1698 2088 1732 ex
2125 1699 2249 1747 syn-

70 1769 242 1831 amis
282 1767 558 1828 Iudeorum
612 1782 846 1832 maqnum
907 1767 1150 1817 librorum
1206 1777 1468 1814 numerum
1523 1766 1810 1816 abstulerim
1865 1776 1912 1818 et
1967 1770 2109 1831 apud
2166 1784 2250 1818 se—

0 1854 2 1857 ’
69 1858 242 1902 natum
285 1853 788 1915 Franckfordensem
843 1852 1174 1916 deposuerim.
1250 1850 1314 1898 In
1369 1851 1688 1912 expeditione
1744 1859 1907 1903 autem
1961 1855 2107 1904 huius
2153 1869 2249 1904 ne-

0 1972 1 1988 ,
64 1941 202 2000 900ἱὶ
236 1945 479 2002 venerunt
511 1940 636 1989 mihi
670 1953 704 1988 a
735 1939 1096 2002 qratiosissimo
1133 1937 1332 1985 domino
1379 1949 1485 1984 meo
1534 1937 1731 1986 domino
1775 1938 1941 1988 Uriele
1978 1940 2246 2002 Archiepi—

12 2026 218 2087 „scopo
240 2024 535 2087 Moquntino
565 2027 773 2089 scripta,
815 2029 871 2074 ut
904 2026 956 2073 in
994 2023 1087 2072 hoc
1119 2023 1321 2083 neqocio
1344 2022 1719 2083 supersederem
1752 2028 1802 2072 et
1822 2037 1900 2072 me
1926 2025 1998 2072 ad
2025 2024 2247 2074 Oschen-

13 2125 17 2138 ‚
68 2110 199 2171 bury
220 2110 294 2158 ad
313 2124 457 2160 suam
478 2110 828 2161 Reverentiam
862 2109 1231 2172 quamprimum
1267 2106 1572 2166 conferrem.
1650 2107 1755 2166 Quo
1784 2108 1929 2169 facto
1965 2110 2088 2158 mihi
2109 2110 2247 2158 Neo—

62 2195 207 2258 phito
235 2198 415 2257 presul
446 2197 580 2246 dixit
614 2195 864 2255 ‘Quamvis
901 2196 1158 2256 neqocium
1197 2193 1290 2242 hoc
1326 2194 1378 2241 in
1414 2206 1468 2241 se
1500 2194 1623 2241 satis
1659 2194 1913 2243 laudabile
1958 2208 2021 2243 ac
2070 2195 2247 2244 bonum

68 2282 155 2341 sit,
190 2285 356 2330 tamen
390 2282 682 2330 mandatum
719 2282 829 2330 hoc,
849 2281 1164 2342 imperatoris
1201 2291 1374 2327 veram
1402 2277 1626 2337 formam
1656 2280 1707 2326 in
1735 2293 1787 2327 se
1810 2293 1909 2327 non
1934 2280 2094 2340 habet⁷
2130 2282 2247 2340 quia

69 2368 200 2419 solus
232 2380 324 2428 eqo
355 2380 464 2416 sum
501 2369 553 2416 in
589 2367 683 2417 hoc
716 2367 956 2416 mandato
990 2366 1205 2427 positus,
1253 2368 1463 2426 propter
1504 2363 1640 2424 quod
1674 2365 1872 2424 quidem
1909 2365 2061 2424 Iudei
2091 2378 2248 2426 neqo-

11 2453 202 2502 acium
225 2451 319 2502 hoc
341 2453 593 2515 depellere
607 2451 844 2515 possent’.
884 2451 927 2498 (Ι
947 2451 1186 2510 Preterea
1212 2450 1326 2498 dixi
1341 2462 1418 2497 mc
1437 2449 1685 2498 audivisse
1705 2450 1768 2498 de
1793 2451 2008 2512 quodam
2033 2451 2248 2511 doctore,

68 2538 158 2599 qui
188 2539 534 2588 nominaretur
558 2538 778 2588 Ioannes
814 2537 1080 2600 Reuchlin,
1121 2538 1266 2585 cuius
1301 2535 1425 2583 mihi
1457 2547 1556 2582 non
1591 2540 1717 2583 esset
1746 2538 1948 2585 noticia.
2014 2535 2248 2597 Respon—

69 2623 145 2673 dit
168 2625 350 2687 presul
379 2629 435 2674 ut
465 2625 834 2686 quamprimum
868 2621 1155 2683 conferrem
1192 2635 1269 2670 me
1307 2621 1380 2669 ad
1414 2620 1613 2679 Cesaris
1648 2622 1861 2682 curiam,
1897 2635 1959 2671 ac
1998 2622 2248 2670 dominum

83 2708 325 2759 Victorem
353 2710 470 2760 olim
501 2709 717 2769 Iudeum
753 2709 896 2758 modo
930 2712 1094 2757 autem
1123 2708 1265 2771 apud
1288 2719 1376 2755 nos
1402 2706 1454 2754 in
1483 2705 1675 2754 Christo
1696 2705 1919 2766 feliciter
1944 2707 2248 2768 defunctum,

8 2844 17 2852 ,
69 2794 230 2856 ipsum
253 2808 447 2857 quoque
482 2795 732 2845 doctorem
753 2794 1002 2844 Reuchlin
1037 2799 1086 2843 et
1110 2807 1187 2842 me
1223 2794 1386 2854 ipsum
1425 2791 1587 2840 debito
1618 2792 1795 2841 ordine
1832 2794 2043 2852 Cesaree
2087 2794 2250 2841 maie-

9 2891 56 2939 30
69 2881 214 2930 statis
235 2881 477 2931 mandato
515 2881 727 2930 inscribi
750 2880 996 2941 facerem.
1077 2878 1179 2937 Quo
1197 2878 1344 2940 facto
1367 2877 1786 2940 Archiepiscopus
1812 2880 1916 2941 ipse
1942 2879 2127 2927 adiecit
2147 2892 2252 2927 sese

8 3004 11 3010 .
71 2965 333 3027 (quantum
369 2968 420 3016 ei
445 2967 680 3030 possibile
714 2970 863 3029 esset)
901 2979 978 3016 me
1015 2964 1238 3015 omnibus
1283 2965 1336 3012 in
1380 2963 1528 3012 rebus
1573 2965 1766 3012 auxilio
1812 2964 2069 3023 futurum,
2122 2964 2251 3011 dans

8 3038 14 3123 ξ
70 3049 192 3099 mihi
222 3053 399 3112 maqm'
426 3053 595 3115 precii
624 3065 878 3102 nummum
910 3065 1013 3115 pro
1058 3052 1251 3100 viatic0.
1330 3049 1373 3097 (Ι
1412 3049 1588 3098 Postea
1635 3050 1812 3097 iterum
1841 3049 2107 3111 profectus
2142 3061 2249 3096 sum

7 3148 17 3207 ξ,
70 3134 530 3198 Franckfordiam‚
577 3137 808 3198 reserens
841 3138 934 3197 hec
970 3138 1152 3205 optimo
1181 3137 1380 3184 senatui
1412 3133 1964 3196 Franclcfordensium‚
2011 3134 2250 3195 quomodo

5 3215 22 3301 ᾗ
68 3225 117 3270 et
145 3234 296 3283 quum
326 3224 411 3285 pie
445 3224 498 3272 in
542 3222 643 3273 hac
684 3237 844 3273 causa
881 3223 1160 3286 Episcopus
1196 3216 1548 3287 Moflquntinus
1583 3220 1941 3281 respondisset,
1983 3224 2158 3281 petens
2199 3229 2361 3285 astas)

5 3301 8 3306 ⁸
68 3310 245 3356 senatu
276 3308 491 3358 indicem
526 3309 590 3358 de
625 3310 731 3358 istis
765 3309 906 3359 libris
937 3309 1165 3357 Iudaicis
1199 3319 1320 3368 quos
1358 3299 1704 3368 deposueram
1723 3306 1867 3367 apud
1892 3319 1988 3355 eos.
2031 3305 2086 3353 id
2121 3304 2254 3365 quod

29 3432 39 3435 -
68 3389 200 3442 dicto
227 3393 372 3454 citius
391 3393 734 3456 perfecerunt,
768 3393 1031 3455 offerentes
1054 3395 1204 3442 etiam
1227 3396 1277 3441 et
1298 3393 1422 3440 mihi
1444 3391 1618 3453 quibus
1641 3392 2029 3441 commodissime
2051 3391 2251 3450 sinqula

66 3486 389 3539 mayerem:
445 3479 487 3527 (Ι
512 3479 579 3528 Et
602 3481 687 3528 illo
711 3485 928 3541 tempore
951 3483 1067 3528 erat
1086 3479 1301 3537 Cesarea
1322 3477 1563 3526 Maiestas
1587 3478 1638 3525 in
1663 3475 1831 3534 Italia,
1863 3478 2005 3526 cuius
2030 3475 2250 3523 absentia

20 3596 26 3618 ,-
68 3562 283 3623 oooebar
309 3577 411 3626 per
447 3563 679 3614 Sueviam
708 3565 991 3626 proficisci,
1025 3570 1073 3612 et
1102 3565 1231 3612 inter
1262 3562 1679 3624 proficiscendum
1706 3565 1895 3612 contuli
1914 3576 1990 3611 me
2018 3562 2090 3609 ad
2110 3559 2250 3608 Scut-

68 3648 381 3708 oardianam
415 3651 685 3711 civitatem,
734 3651 786 3698 in
835 3662 938 3711 qua
981 3649 1152 3698 doctor
1198 3650 1282 3697 ille
1333 3647 1581 3697 Reuchlin
1628 3648 1845 3705 habitat,
1895 3650 2059 3696 volens
2095 3645 2157 3693 ab
2193 3656 2248 3691 eo

75 3732 255 3784 audire
284 3739 332 3783 et
365 3737 594 3797 experiri
623 3737 781 3798 ipsius
808 3737 1090 3796 consilium,
1127 3734 1251 3795 quid
1298 3734 1371 3782 ad
1409 3733 1501 3783 hoc
1535 3735 1792 3795 neqocium
1830 3734 2031 3783 diceret.
2113 3728 2249 3777 Tunc

185 3913 278 3943 ²⁰·²¹
313 3919 343 3958 i.
367 3930 406 3958 e.
432 3917 814 3972 Asehaffenburg.
906 3917 943 3944 ²⁸
973 3916 1227 3971 Victorem]
1261 3918 1317 3957 de
1351 3917 1547 3958 Carben.
1635 3914 1669 3941 ³¹
1703 3928 1773 3956 me
1806 3912 1905 3967 (pro
1938 3910 2066 3963 mihi)
2099 3914 2137 3949 1.
