2456 4264
228 212 304 269 64
877 233 1113 261 EPISTOLAE
1138 231 1443 260 OBSCVRORVM
1465 230 1694 259 VIRORVM.

1158 286 1170 301 ἱ

228 380 327 418 vos,
367 363 566 411 luristas
605 362 1034 426 splendidissimos
1077 366 1123 409 et
1160 375 1238 408 me
1277 359 1415 422 quasi
1453 373 1604 407 unum
1644 373 1703 405 ex
1741 357 2094 406 medicinarum
2130 358 2368 421 practica-

229 447 439 501 torihus,
481 446 591 494 licet
628 446 872 511 indignus
949 444 1135 506 Nempe
1174 459 1283 492 cum
1323 443 1583 496 sedissent,
1637 447 1751 490 tunc
1790 441 1871 490 diu
1909 446 2171 491 tacuerunt
2208 456 2369 505 neque

229 531 399 594 aliquis
448 545 503 577 ex
556 528 695 576 nobis
744 528 893 576 voluit
940 528 1156 590 incipere
1204 542 1291 590 pre
1340 526 1546 590 pudore.
1623 530 1739 573 tunc
1787 535 1877 588 ego
1924 525 2166 573 stimulavi
2204 541 2368 574 meum

227 615 501 678 proximum
542 627 904 667 consessorem,
946 611 1076 675 quod
1116 611 1234 659 mihi
1273 611 1331 659 ad
1371 610 1529 658 salvos
1567 609 1685 658 deos
1724 624 1782 657 ex
1823 608 2032 672 abrupto
2071 610 2286 657 occurrit
2324 611 2372 658 in

226 698 505 745 memoriam
520 737 531 754 ,
2387 710 2408 740 5

684 780 973 829 Conticuere
1005 793 1182 827 omnes
1222 778 1488 841 intentique
1528 792 1613 825 ora
1650 777 1910 832 tenebant3

226 881 369 930 quem
410 879 603 914 versum
643 864 802 913 adhuc
839 863 997 912 habeo
1037 863 1085 910 in
1123 863 1308 911 recenti
1348 861 1913 925 considerationesquia
1952 876 2037 910 vos
2076 877 2185 911 cum
2226 878 2373 927 expo-

228 950 389 997 suistis
430 949 568 997 nobis
595 948 844 1011 Virgilium
882 949 929 996 in
957 947 1180 1011 Eneklis,
1220 953 1336 995 tunc
1376 947 1510 1010 pinxi
1549 945 1609 994 ad
1647 944 1784 994 illum
1823 961 2033 1001 versum,
2074 952 2128 995 ut
2165 946 2375 996 facerem

230 1034 346 1082 mihi
384 1033 672 1082 locationem
713 1034 759 1080 in
799 1032 926 1080 libro
967 1048 1075 1081 meo
1114 1032 1384 1080 secundum
1425 1029 1554 1094 quod
1602 1031 1808 1078 iussistis
1851 1045 1966 1087 neS,
2017 1045 2169 1078 unum
2218 1032 2376 1079 virum

232 1118 314 1181 qui
352 1117 497 1166 habet
536 1116 801 1166 claustrum
842 1118 889 1165 in
928 1132 1028 1165 ore.
1106 1117 1184 1165 Sic
1235 1131 1352 1178 ergo
1401 1117 1493 1163 iam
1546 1116 1728 1179 optime
1775 1115 1905 1163 venit
1951 1115 2010 1162 ad
2049 1116 2371 1178 propositum,
2389 1122 2450 1163 mk

235 1217 345 1250 cum
384 1200 462 1249 ille
501 1201 794 1249 scientificus
833 1203 973 1250 etiam
1013 1201 1072 1248 sit
1108 1205 1249 1263 poeta
1288 1205 1340 1249 ut
1378 1201 1468 1263 ipsi
1507 1200 1688 1249 dicunt.
1766 1198 1956 1264 Quippe
1995 1215 2106 1248 cum
2144 1200 2213 1248 sic
2250 1205 2378 1248 tace-

237 1301 400 1334 remus
440 1285 658 1342 invicem‚
698 1286 904 1350 ipsemet
939 1286 1119 1348 incepit
1156 1297 1333 1346 magno
1372 1283 1597 1348 preludio
1624 1285 1979 1334 sermonisare:
2021 1299 2110 1348 ego
2138 1299 2254 1333 vero
2281 1299 2378 1332 non

235 1369 473 1427 intellexi,
515 1368 586 1417 vel
624 1384 721 1416 non
761 1384 869 1417 sum
909 1386 966 1418 ex
1004 1369 1239 1432 legittimo
1277 1368 1421 1417 thoro
1460 1374 1616 1425 natUS,
1656 1369 1856 1418 unicum
1895 1365 2117 1426 verbum,
2156 1370 2266 1433 quia
2293 1369 2378 1418 lia-

234 1454 317 1502 bet
354 1459 449 1502 tam
490 1468 685 1517 parvam
723 1469 919 1502 vocem:
969 1459 1086 1517 puto
1135 1460 1297 1502 autem
1335 1454 1465 1517 quod
1504 1454 1594 1502 suit
1632 1469 1689 1502 ex
1727 1452 1999 1515 theologia:
2050 1459 2097 1501 et
2135 1453 2230 1501 hoc
2268 1453 2382 1502 fecit
2418 1491 2438 1496 .«

235 1544 287 1586 ut
323 1539 476 1602 possit
512 1538 756 1587 attrahere
803 1537 937 1586 illum
986 1539 1273 1602 magistrum
1320 1543 1570 1594 nostrum,
1618 1538 1777 1586 virum
1822 1538 2033 1586 maxime
2079 1537 2379 1602 profundum
2396 1549 2447 1609 περ)

235 1624 281 1670 in
320 1622 586 1685 theologia,
637 1623 717 1686 qui
766 1615 1260 1672 001ῄ300013οᾶοὴ3ῑ
1296 1623 1345 1670 in
1385 1621 1657 1670 collatione.
1733 1622 1959 1680 Quinimo
1999 1637 2111 1671 cum
2149 1623 2380 1673 (inivisset

233 1705 350 1755 illud
387 1706 679 1771 preludium,
719 1711 836 1755 tunc
872 1708 1054 1771 incepit
1092 1708 1322 1770 magister
1359 1712 1526 1756 noster
1566 1707 1815 1769 disputare
1843 1705 2156 1755 subtilissime
2183 1707 2243 1756 de
2270 1712 2381 1756 ente
2427 1720 2443 1750 f

235 1796 282 1839 et
321 1791 551 1848 essencia‚
592 1791 721 1854 quod
760 1805 858 1838 non
900 1806 1023 1854 opus
1062 1797 1133 1839 est
1169 1791 1264 1839 iam
1302 1796 1544 1855 repetere,
1586 1792 1698 1854 quia
1737 1789 1864 1839 bene
1891 1792 2225 1854 pertractastis
2250 1790 2378 1840 illam

233 1877 499 1924 materiam.
574 1874 660 1923 Illo
699 1875 832 1923 finito
870 1876 973 1938 ipse
1011 1876 1266 1939 respondit
1302 1875 1471 1940 paucis
1511 1874 1696 1931 verbis;
1736 1880 1854 1923 tunc
1892 1875 2074 1924 iterum
2113 1891 2283 1925 omnes
2309 1882 2378 1925 ta-

234 1964 455 2009 cuerunt.
532 1958 669 2008 Tunc
708 1973 824 2022 ergo
863 1959 1041 2022 hospes
1079 1965 1246 2009 noster
1284 1961 1366 2024 qui
1406 1966 1478 2009 est
1514 1959 1674 2008 bonus
1711 1960 2002 2017 humanista,
2042 1962 2224 2025 incepit
2262 1976 2437 2026 que-20

233 2044 341 2092 dam
382 2045 545 2092 dicere
585 2059 642 2092 ex
680 2044 893 2108 poetria,
934 2042 1018 2092 ubi
1056 2043 1267 2093 laudavit
1307 2044 1443 2094 valde
1482 2044 1709 2108 Cesarem
1747 2043 1924 2093 Iulium
1962 2047 2011 2094 in
2049 2047 2149 2094 suis
2187 2047 2379 2110 scriptis

234 2134 280 2177 et
318 2129 460 2177 etiam
498 2128 649 2176 factis.
725 2127 947 2192 profecto
987 2145 1098 2177 cum
1136 2130 1230 2179 hoc
1268 2129 1583 2183 audivissem,
1623 2134 1729 2178 erat
1765 2129 1884 2177 mihi
1921 2129 2048 2179 hene
2086 2131 2377 2187 adiuvatum,
2409 2191 2414 2198 „

234 2214 342 2276 quia
381 2211 531 2261 multa
568 2210 663 2274 legi
703 2217 749 2261 et
795 2213 953 2261 audivi
998 2215 1048 2261 in
1076 2215 1232 2277 ,poesi
1280 2229 1306 2261 a
1355 2213 1491 2262 vobis
1529 2213 1644 2262 dum
1685 2213 1752 2262 sui
1802 2215 1851 2262 in
1890 2213 2113 2273 Colonia,
2168 2221 2216 2264 et
2253 2215 2411 2264 dixi:

233 2295 687 2360 ‘Quoniamquidem
723 2297 870 2360 igitur
907 2298 1154 2361 incepistis
1192 2297 1328 2361 loqui
1367 2298 1428 2346 de
1465 2299 1678 2362 poetria,
1731 2313 1828 2346 non
1875 2301 2012 2364 potui
2060 2315 2138 2348 me
2186 2298 2378 2362 longius

234 2379 495 2438 occultare,
537 2385 583 2428 et
621 2380 727 2428 dico
766 2381 1062 2445 simpliciter,
1102 2382 1233 2445 quod
1270 2397 1370 2430 non
1409 2382 1556 2431 credo
1584 2381 1811 2446 Cesarem
1850 2384 2102 2447 scripsisse
2140 2383 2217 2432 illa
2244 2400 2433 2441 com-2}

235 2465 488 2521 mentaria,
529 2470 577 2513 et
615 2464 720 2512 volo
760 2465 941 2514 dictum
979 2481 1143 2515 meum
1181 2466 1420 2515 roborare
1457 2466 1552 2514 hoc
1590 2472 1895 2529 argumente,
1937 2468 2066 2533 quod
2105 2469 2174 2517 sic
2213 2475 2375 2518 sonat:

234 2549 556 2612 „Quicunque
592 2548 740 2597 hahet
776 2550 1033 2612 negocium
1072 2551 1120 2597 in
1159 2566 1306 2599 a1m1s
1333 2556 1380 2599 et
1406 2551 1646 2600 continuis
1672 2549 1951 2610 laborihm,
1991 2552 2070 2601 ille
2096 2568 2194 2601 non
2221 2558 2419 2621 potest

234 2632 432 2680 latinum
472 2633 676 2681 discere
753 2587 866 2683 Sede>
887 2636 955 2683 sic
994 2640 1066 2683 est
1105 2635 1232 2699 quod
1260 2635 1405 2699 Cesar
1444 2650 1638 2698 semper
1677 2635 1766 2685 fuit
1803 2638 1851 2685 in
1890 2636 2029 2687 bellis
2070 2642 2116 2686 et
2154 2628 2422 2687 maximis
2418 2647 2419 2650 ’

232 2715 508 2765 laboribus:
560 2730 677 2779 ergo
715 2733 813 2766 non
851 2719 1006 2782 potuit
1045 2734 1150 2768 esse
1190 2720 1363 2769 doctus
1400 2719 1475 2767 vel
1514 2719 1716 2769 latinum
1756 2720 1958 2770 discere.
2034 2721 2221 2772 Revera
2258 2728 2376 2788 puto

232 2801 378 2863 igitur
415 2815 514 2848 non
551 2800 689 2849 aliter
727 2817 869 2866 quam
910 2803 1039 2867 quod
1065 2803 1323 2853 Suetonius
1360 2804 1554 2866 scripsit
1588 2802 1667 2852 illa
1708 2807 2069 2864 commentaria,
2110 2809 2221 2871 quia
2249 2822 2431 2865 nun-³0

233 2899 376 2947 quam
415 2885 509 2932 vidi
547 2885 785 2948 aliquem,
836 2887 917 2948 qui
965 2889 1118 2950 magis
1157 2887 1359 2937 haberet
1397 2888 1777 2938 consimiliorem
1816 2890 1977 2939 stilum
2018 2892 2182 2955 Cesari
2230 2907 2407 2957 quam-

233 2967 554 3016 Suetonius”.'
627 2969 888 3034 Postquam
926 2972 990 3019 ita
1029 2971 1255 3020 dixissem
1296 2978 1342 3021 et
1378 2973 1527 3022 multa
1566 2973 1657 3023 alia
1698 2974 1842 3023 verba
1869 2991 1961 3039 que
1987 2975 2067 3025 hic
2094 2991 2235 3026 causa
2264 2975 2374 3025 hre-
2409 3034 2417 3044 ὖ

231 3052 384 3100 vitatis
412 3053 594 3111 omitte,
635 3056 743 3118 quia
782 3060 836 3103 ut
861 3056 989 3104 scitis
1017 3072 1071 3104 ex
1100 3058 1297 3121 antiquo
1325 3058 1550 3107 dicterio:
1594 3059 1834 3110 ‘Gaudent
1860 3060 2093 3110 brevitate
2119 3058 2372 3118 moderni’,
2401 3038 2415 3063 ι

232 3141 349 3183 tunc
385 3137 490 3184 risit
526 3137 758 3186 Erasmus
806 3145 852 3187 et
898 3138 1015 3187 nihil
1053 3141 1328 3203 respondit,
1380 3145 1492 3206 quia
1543 3159 1654 3192 eum
1703 3150 1802 3192 tam
1851 3145 2013 3194 subtili
2064 3150 2403 3210 argumenta-.
2454 3166 2456 3204 ρ

232 3220 364 3267 tione
413 3223 651 3283 superavi.
726 3222 787 3271 Et
832 3224 901 3271 sic
946 3224 1247 3286 inposuimus
1295 3227 1441 3275 finem
1489 3227 1732 3276 collationi
1783 3234 1830 3278 et
1884 3228 2019 3278 nolui
2066 3210 2456 3294 questionemss*

232 3318 390 3364 meam
427 3304 474 3350 in
513 3306 748 3355 medicina
785 3321 1089 3372 proponeie,
1140 3311 1250 3372 quia
1288 3312 1404 3360 scivi
1443 3312 1571 3376 quod
1610 3314 1714 3376 ipse
1752 3328 1851 3361 non
1900 3315 2074 3372 sciret,
2125 3330 2236 3363 cum
2275 3328 2372 3362 non

232 3388 379 3435 sciret
417 3387 533 3436 mihi
571 3389 757 3439 solveie
794 3391 910 3440 illud
950 3399 1291 3457 argumentum
1330 3397 1377 3443 in
1415 3397 1565 3460 poesi,
1608 3403 1654 3446 et
1691 3399 1797 3462 ipse
1835 3407 1997 3448 tamen
2036 3405 2163 3449 esset
2198 3403 2370 3463 poeta:
2398 3450 2413 3471 ,

232 3476 279 3519 et
315 3470 423 3520 dico
460 3487 549 3535 pel
588 3474 731 3523 deum
771 3477 898 3540 quod
939 3492 1035 3525 non
1075 3483 1146 3527 est
1182 3484 1281 3527 tam
1330 3480 1534 3529 multum
1587 3488 1640 3530 ut
1687 3482 1853 3530 dicunt
1891 3483 1950 3532 de
2001 3499 2084 3532 eo:
2136 3498 2236 3531 non
2284 3483 2372 3532 scit

231 3553 340 3619 plus
377 3571 522 3619 quam
562 3558 702 3606 etiam
741 3558 862 3609 alius
899 3561 1070 3618 homo;
1118 3564 1167 3610 in
1215 3565 1349 3627 poesi
1396 3563 1521 3613 bene
1561 3566 1777 3614 concedo
1816 3568 1947 3631 quod
1984 3569 2074 3616 scit
2110 3567 2370 3633 pulchrum

345 3753 358 3779 ¹
389 3784 400 3794 .
424 3755 483 3795 Et
501 3757 543 3795 3.
631 3754 649 3780 ³
678 3756 847 3809 pudore
877 3760 984 3798 tune
1008 3760 1050 3799 3.
1138 3758 1155 3784 ⁸
1183 3760 1375 3801 Eneidis
1404 3764 1511 3801 tune
1535 3764 1578 3802 3.
1659 3761 1694 3788 ¹⁰
1723 3776 1799 3804 ore
1831 3763 1893 3804 sie
1918 3768 1961 3807 3.
2048 3763 2083 3791 ¹⁶
2104 3764 2302 3806 finifisset
2324 3766 2365 3805 3.
2449 3727 2456 3871 f

229 3817 266 3848 ⁸⁷
295 3829 433 3878 poeta
462 3835 477 3867 2
501 3828 543 3865 3.
2448 3873 2452 3927 Ι

2446 3930 2451 4150 ἒ
