2456 4264
199 260 307 302 Vlll
663 260 803 289 mnex
825 258 979 287 convii
1002 257 1102 291 QVAE
1125 254 1213 283 noc
1234 251 1473 283 vonvmnss
1496 246 1833 279 connunwrvn.

2230 366 2307 398 Pae

2283 391 2318 409 υ.

199 458 279 507 23.
319 452 520 500 loannes
558 444 861 509 Vickelphius
899 441 1097 491 Ortvino
1136 439 1314 490 Gratio.
1459 429 1769 497 Madepurck.
1829 466 1839 476 .
1918 466 1929 477 .
2005 466 2017 476 .
2095 466 2104 475 .
2138 468 2141 470 .
2179 433 2247 476 35.
2265 431 2321 474 36

338 522 502 569 (li-trini
544 519 763 582 qnmnlam
802 520 1057 577 praeceptor
1094 527 1216 563 eum,
1263 525 1318 556 ne
1365 511 1408 555 in
1455 506 1660 553 adulterii
1707 503 2113 561 fornicationisque

337 599 518 655 peccato
567 594 821 651 perseveret
866 598 1056 645 seseque
1105 589 1339 644 poetarum
1384 579 1576 625 lectione
1624 575 1852 634 corrumpi
1899 573 2110 633 patiatur,

337 665 474 709 amice
512 666 682 710 monet;
723 664 813 703 tum
851 655 1000 701 laudat
1025 653 1255 700 Ortvinum
1280 656 1436 697 contra
1460 647 1750 695 Reuchlinum
1777 643 1998 694 scribere,
2037 641 2114 688 sed

340 747 392 779 ne
419 732 601 777 nimium
626 727 928 789 Pepericorno
954 724 1086 775 fidat,
1122 737 1220 769 cum
1247 723 1390 767 furem
1427 719 1791 781 proditoremque
1829 727 1929 759 esse
1964 712 2114 758 audie-

340 805 420 853 rit,
459 800 661 860 aliusque
698 796 892 844 eiusdem
929 793 1119 841 nominis
1145 791 1343 839 nefarius
1367 790 1544 836 Iudaeus
1571 788 1822 848 baptizatus
1848 783 1970 830 Halis
1994 796 2116 830 com-

340 874 499 919 bustus
535 876 675 921 esset,
715 869 910 914 fraterno
950 865 1096 912 animo
1135 863 1304 909 suadet.

203 976 283 1024 24.
322 966 498 1018 Paulus
534 960 939 1027 Danbengigelius
977 959 1175 1009 Ortvino
1214 957 1392 1008 Gratio.
1536 969 1592 1003 ex
1629 953 1857 1014 Augusta.
1922 987 1935 999 .
2012 989 2022 999 .
2099 988 2110 997 .
2184 955 2250 998 36.
2273 954 2325 996 37

341 1041 494 1087 Fidum
532 1039 849 1100 promissorem
890 1048 936 1080 se
976 1033 1171 1080 seribere
1206 1031 1559 1090 diligentiusque
1609 1025 1903 1087 epistolarum
1940 1027 2117 1070 mutua-

343 1125 439 1158 rum
477 1109 787 1157 commercium
826 1112 1030 1166 expetere
1068 1103 1314 1163 significat,
1361 1098 1589 1146 Reuchlini
1628 1094 1938 1142 Defensionem
1976 1107 2120 1155 nuper

344 1181 610 1243 publicatam
651 1178 980 1226 transmittens,
1030 1188 1158 1235 quam
1197 1187 1296 1219 cum
1335 1172 1434 1233 ipso
1473 1174 1656 1215 auctore
1692 1165 2034 1212 comburendam
2074 1171 2121 1210 et

343 1252 397 1298 ab
435 1251 613 1295 Ortvino
651 1246 927 1294 refutandam
966 1251 1132 1292 censet.
1207 1241 1446 1289 Oculorum
1484 1238 1640 1285 morbo
1676 1237 1888 1284 laborans
1925 1237 2122 1297 scriptor

344 1322 633 1367 alcliimistam
670 1317 974 1377 vagabundum
1012 1329 1094 1375 pro
1132 1313 1301 1359 medico
1341 1310 1535 1357 adhibet.
1611 1322 1680 1354 res
1718 1307 1975 1355 domesticae
2012 1307 2122 1353 satis

343 1393 456 1437 laetae
493 1397 610 1435 sunt.
650 1388 869 1434 exercitus
907 1384 1151 1446 imperialis
1190 1390 1346 1429 contra
1371 1382 1561 1426 Venetos
1598 1392 1678 1440 per
1715 1378 1945 1439 regionem
1970 1378 2123 1437 Augu-

344 1469 512 1507 stanam
553 1461 637 1505 iter
674 1459 842 1504 faciens
880 1455 1161 1502 describitur.
1226 1455 1335 1499 varii
1372 1452 1473 1498 libri
1512 1457 1562 1497 ut
1599 1449 1683 1495 sibi
1723 1449 1959 1495 mittantur
2007 1449 2122 1510 petit

343 1538 514 1577 auctor.

207 1619 287 1669 25.
327 1611 578 1677 Philippus
616 1609 882 1674 Sculptoris
921 1607 1118 1657 Ortvino
1156 1605 1337 1656 Gratio.
1482 1603 1725 1666 (Lipsioeffi
1835 1638 1847 1650 .
1923 1639 1934 1650 .
2011 1639 2022 1650 .
2100 1640 2111 1650 .
2174 1605 2335 1649 37...39

344 1686 454 1731 Olim
493 1699 624 1730 unum
666 1685 735 1730 hic
772 1682 1006 1728 habuimus
1043 1687 1248 1742 poetam,
1288 1677 1489 1728 Samuel,
1538 1691 1657 1723 nunc
1694 1681 1816 1722 certe
1851 1674 2011 1734 viginti
2047 1674 2124 1721 lia-

343 1756 511 1806 bemus,
549 1768 717 1815 eosque
754 1753 898 1803 nobis,
937 1751 1222 1812 antiquorum
1259 1750 1372 1795 viam
1409 1748 1617 1794 euntibus
1653 1745 2011 1798 molestissimos,
2047 1745 2126 1791 do-

344 1834 513 1873 ctorem
550 1831 750 1871 sanctum
787 1830 831 1869 et
855 1822 1150 1868 Alexandrum
1185 1827 1229 1867 et
1262 1821 1545 1866 authenticos
1588 1824 1795 1865 auctores
1838 1822 2127 1864 contemnen-

345 1904 426 1942 tes.
464 1897 524 1941 ita
558 1909 597 1940 e.
624 1909 688 1954 gr.
727 1892 936 1940 vocabula
975 1892 1126 1943 ‘seria‚
1165 1891 1359 1952 patritii,
1398 1905 1582 1944 currus,
1621 1889 1712 1940 ius,
1751 1888 1900 1939 lucar,
1938 1886 2127 1934 mantel-

344 1967 436 2016 lus,
476 1965 771 2014 mechanicus,
809 1963 1093 2014 mensorium,
1131 1962 1400 2023 polyhistor,
1436 1956 1701 2021 Polysenus’
1738 1966 1784 2005 et
1820 1958 1979 2005 similia
2005 1965 2128 2004 recte

343 2041 637 2097 exponentem
677 2035 942 2094 scriptorem
981 2033 1090 2078 nihil
1129 2034 1244 2078 scire
1281 2032 1458 2092 quidam
1496 2031 1618 2082 dixit,
1658 2030 1710 2076 de
1748 2044 1835 2092 qna
1859 2028 2021 2076 iniuria
2059 2029 2129 2075 ‘ad

344 2106 576 2168 privilegia
613 2105 913 2150 universitatis
951 2099 1241 2153 Viennensis',
1280 2102 1355 2148 uhi
1394 2102 1469 2148 ille
1505 2103 1552 2147 in
1589 2101 1855 2162 magistrum
1891 2106 2128 2162 promotus

343 2183 424 2227 est,
452 2178 538 2222 iste
562 2182 695 2236 poeta
721 2174 940 2220 citabitur.
981 2173 1237 2233 Theologos
1264 2173 1456 2219 oderunt
1480 2171 1546 2219 illi
1573 2179 1720 2234 poetae
1740 2170 1994 2223 saeculares,
2015 2186 2129 2233 quo-

344 2262 443 2293 rum
481 2261 596 2291 unus
633 2243 1182 2305 TriumpliumReuchlini
1220 2245 1476 2305 conposuit,
1516 2250 1563 2290 et
1598 2245 1780 2290 iuvenes
1816 2256 1841 2288 a
1877 2242 2010 2289 bonis
2035 2231 2138 2288 stu-¹

345 2318 429 2363 diis
467 2323 511 2362 et
549 2315 759 2376 gradihus
796 2315 1054 2361 academicis
1092 2315 1294 2375 petendis
1331 2314 1599 2361 abstrahunt
1635 2313 1689 2360 ad
1736 2328 1842 2360 suas
1888 2319 2033 2364 artes,
2080 2320 2131 2359 ut

347 2388 400 2433 de
437 2389 617 2437 iuvene,
656 2387 732 2446 qui
756 2386 1001 2431 Philomusi
1038 2386 1284 2446 discipulus
1322 2386 1468 2432 factus
1505 2392 1599 2436 est,
1638 2385 1836 2446 scriptor
1875 2383 2095 2444 queritur.

211 2489 289 2537 26.
329 2483 561 2532 Antonius
597 2480 951 2531 Rubenstadius
989 2480 1186 2530 Ortvino
1225 2482 1404 2530 Grati0.
1548 2479 1928 2530 Franckfordiae.
2028 2520 2039 2530 .
2087 2517 2126 2530 ψ.
2202 2486 2267 2530 39.
2289 2487 2344 2528 40

347 2555 605 2602 Consulitur
630 2555 863 2606 Ortvinus,
903 2561 1066 2600 ‘utrum
1092 2555 1249 2601 doctor
1286 2557 1330 2601 in
1368 2557 1465 2601 iure
1501 2561 1708 2601 teneatur
1742 2555 1891 2601 facere
1927 2567 2133 2601 reveren-

350 2628 452 2671 tiam
480 2625 691 2684 magistro
728 2632 899 2676 nostro,
939 2627 1014 2686 qui
1052 2639 1140 2671 non
1178 2626 1342 2672 incedit
1366 2626 1413 2676 iu
1438 2625 1622 2678 habitu',
1661 2627 1738 2686 qui
1764 2625 1942 2672 habitus
1968 2626 2133 2672 descri-

348 2696 469 2742 bitur
507 2702 552 2741 et
590 2695 812 2755 quomodo
851 2710 996 2756 nuper
1043 2696 1217 2756 quidam
1266 2698 1425 2743 iurista
1461 2696 1643 2742 Petrum
1680 2697 1907 2758 Meyerum
1953 2696 2134 2758 publice

351 2766 523 2811 obviam
548 2766 714 2811 factum
740 2780 830 2811 non
870 2766 1109 2812 salutatum
1135 2767 1411 2827 praeterierit
1435 2774 1658 2814 narratur.
1718 2767 1777 2825 D,e
1815 2781 1948 2814 causa
1967 2773 2133 2814 'contra

352 2835 669 2900 Reuchlinum,
708 2836 792 2882 iam
830 2837 884 2883 ad
921 2844 1228 2896 paupertatem
1267 2838 1518 2890 redactum,
1559 2838 1645 2884 sibi
1684 2837 1874 2884 rescribi
1911 2838 2007 2885 vult
2043 2840 2132 2884 An·

355 2907 518 2952 tonius.

214 2991 295 3040 27.
338 2988 543 3037 loannes
581 2985 849 3037 Stablerius
894 2986 1322 3052 Miltenpurgensis
1370 2989 1569 3044 Ortvino
1616 2990 1797 3042 Gratio.
1943 2991 1993 3039 in
2028 2989 2134 3041 Mil-

545 3056 794 3121 tenpergk.
893 3096 1248 3107 .....
1326 3099 1335 3108 .
1412 3099 1422 3109 .
1500 3099 1510 3109 .
1587 3099 1598 3110 .
1676 3100 1686 3111 .
1763 3100 1774 3110 .
1852 3099 1863 3110 .
1940 3100 1950 3111 .
2116 3100 2127 3110 .
2202 3067 2271 3110 40.
2291 3067 2341 3107 41

352 3131 593 3176 Trecentos
631 3131 826 3176 florenos
864 3146 916 3178 ex
951 3131 1239 3191 indulgentiis
1276 3133 1464 3180 venditis
1502 3134 1822 3195 praedieatores
1869 3142 2135 3196 coegerant;

354 3201 439 3245 hiis
478 3200 599 3245 furto
637 3200 795 3246 ablatis
834 3203 982 3247 utrum
1021 3202 1096 3262 qui
1135 3202 1383 3254 solverant,
1432 3204 1628 3251 absoluti
1675 3207 1767 3252 sint
1802 3220 1944 3254 necne
1981 3206 2136 3269 dispu-

357 3277 488 3316 tatur.
562 3269 793 3316 Reuchlini
841 3273 967 3317 amici
1014 3272 1067 3317 de
1113 3273 1486 3332 praedicatoribus
1523 3290 1727 3323 rumores
1767 3283 2010 3338 spargunt,
2059 3291 2136 3324 eos

356 3339 729 3399 indulgentiarum
776 3341 934 3401 pretiis
981 3342 1031 3387 ad
1082 3342 1205 3388 illum
1243 3343 1600 3392 calumniandum
1639 3347 1898 3408 iudicesque
1934 3362 2136 3395 corrum-

356 3409 525 3470 pendos
562 3409 698 3455 abuti.
737 3411 1053 3470 magistrorum
1092 3412 1380 3472 Moguntinus
1429 3424 1674 3463 conventus
1713 3417 1893 3478 Speculi
1941 3418 2136 3465 ocularis

353 3479 637 3525 comburendi
675 3494 807 3527 causa
834 3481 1033 3533 habitus;
1071 3482 1124 3528 de
1151 3483 1460 3530 Bartholomaei
1486 3486 1656 3533 Zehner
1679 3489 2001 3548 praedicatione
2037 3504 2137 3536 cum

355 3548 667 3596 lteuchlinistae
704 3550 929 3597 cuiusdam
969 3554 1260 3613 responsione
1298 3553 1506 3616 illiusque
1545 3559 1844 3604 excusatione.
2146 3562 2148 3568 ’

215 3649 297 3700 28.
338 3644 587 3695 Conradns
625 3643 1002 3710 Dollcnkopflius
1040 3646 1238 3695 Ortvino
1277 3649 1455 3699 Gratio.
1597 3651 1948 3717 Heidelbergae.
2026 3694 2036 3705 .
2114 3694 2125 3704 .
2189 3662 2348 3705 41...43

355 3719 461 3763 Cum
499 3717 621 3763 laetas
660 3717 762 3763 olim
798 3718 852 3763 de
891 3720 1125 3780 scriptoris
1163 3721 1339 3780 ingenio
1378 3722 1585 3770 Ortvinus
1623 3739 1725 3786 spes
1763 3727 1969 3786 fecisset,
2007 3731 2046 3775 is
2085 3730 2138 3775 de

358 3787 517 3833 studiis
555 3787 649 3833 suis
689 3787 976 3849 theologicis,
1015 3790 1200 3836 maxime
1237 3805 1340 3838 vero
1378 3795 1568 3853 poeticis
1594 3802 1639 3840 et
1665 3796 1970 3844 Ovidianarum
1999 3786 2153 3846 meta-¹

355 3858 662 3918 morphosium
701 3858 863 3911 refert,
905 3860 1329 3922 quadruplicemquc
1365 3864 1592 3909 nominum
1622 3879 1720 3911 esse
1749 3868 2135 3927 significationem.
