2456 4264
233 248 352 307 264
819 270 1055 298 EPISTOLAE
1079 267 1383 297 OBSCVRORVM
1404 267 1612 296 VIBORVM
1635 267 1781 296 NOVAE.

1254 490 1342 549 50.

630 570 680 667 '11
726 608 1104 688 Magister
1150 605 1480 667 Adolfus
1528 604 1949 687 Clingesor

834 720 1164 790 Magistro
1205 719 1489 772 Ortvino
1529 718 1770 771 Gratio

962 821 1174 871 Salutem
1215 819 1474 884 plurimam
1515 819 1646 869 dicit.

376 937 511 985 Sicut
559 951 716 1000 nuper
762 934 1062 985 intellexistis
1100 935 1160 984 de
1199 949 1277 983 me
1316 933 1445 997 quod
1485 931 1644 982 solent
1680 931 1759 981 hic
1797 947 1988 981 mecum
2029 931 2276 995 disputare
2315 931 2416 981 des

234 1020 448 1070 Iohanne
474 1020 711 1070 Reuchlin
739 1029 786 1070 et
823 1036 967 1070 causa
1005 1020 1141 1069 fidei:
1183 1019 1352 1069 Sciatis
1391 1018 1521 1082 quod
1559 1025 1817 1082 postquam
1855 1018 2051 1067 misistis
2088 1016 2205 1066 mihi
2242 1015 2378 1065 illum

234 1103 414 1153 librum
452 1104 679 1154 Iohannis
716 1105 1022 1155 Pfefferkorn
1072 1106 1154 1169 qui
1202 1103 1474 1153 intitulatur
1522 1102 1766 1152 ‘Defensio
1803 1101 2034 1151 Iohannis
2070 1100 2378 1151 Pfefferkorn

237 1197 406 1238 contra
445 1188 683 1246 famosas’,
734 1196 849 1239 tunc
895 1191 956 1239 ivi
1004 1190 1063 1239 ad
1113 1189 1355 1254 quendam
1404 1189 1488 1251 qui
1526 1202 1721 1251 semper
1758 1193 1892 1237 tenet
1928 1188 2048 1236 mihi
2086 1188 2378 1252 oppositum,

240 1279 288 1324 et
324 1275 514 1324 ostendi
553 1276 597 1325 ei
635 1276 682 1324 in
719 1273 803 1324 illo
842 1274 968 1324 libro
1008 1275 1134 1324 circa
1174 1275 1322 1324 finem
1359 1272 1545 1322 scilicet
1577 1272 1617 1322 Ο
1642 1272 1702 1338 ij,
1742 1271 1827 1322 ubi
1864 1274 1935 1321 sic
1972 1271 2203 1322 scribitur
2243 1273 2381 1321 ‘Ante

236 1370 351 1409 .XX.
390 1374 567 1418 annos,
607 1360 647 1408 si
684 1359 811 1409 bene
848 1360 1061 1415 memini,
1102 1358 1245 1408 nobis
1284 1357 1653 1408 Coloniensihus
1689 1373 1716 1406 a
1741 1356 1955 1407 Iohanne
1993 1356 2438 1421 Lichtenbergerw

237 1444 335 1493 sive
371 1444 633 1508 peregrino
661 1444 791 1494 Ruth
828 1445 1082 1501 heremita,
1124 1444 1278 1509 (cuius
1316 1444 1629 1508 prognostica
1655 1442 1901 1507 Moguntie
1939 1448 2037 1491 tam
2062 1441 2208 1491 latine
2235 1455 2381 1505 quam

237 1530 483 1578 teutonice
537 1529 775 1593 impressa
832 1529 959 1595 sunt)
1018 1530 1273 1578 vaticinata
1322 1527 1486 1577 fuisse.
1564 1527 1644 1576 Sic
1695 1529 1822 1578 enim
1872 1527 2042 1576 scribit
2089 1526 2206 1576 solio
2248 1538 2380 1576 .xvt.

239 1613 542 1671 “Attendite,
583 1629 611 1662 o
651 1628 733 1661 vos
760 1613 1042 1676 Philosophi
1070 1613 1406 1668 ColonienseS‚
1447 1627 1508 1662 ne
1546 1612 1647 1675 lupi
1684 1626 1887 1675 rapaces
1913 1613 2159 1661 introeant
2183 1612 2232 1660 in
2260 1609 2383 1661 ovile

240 1703 476 1747 vestrum:
499 1699 619 1747 Nam
640 1699 944 1764 temporibus
971 1699 1142 1748 vestris
1170 1703 1409 1761 exurgent
1434 1712 1555 1746 nova
1583 1703 1630 1746 et
1656 1696 1867 1746 inaudita
1893 1698 1944 1745 in
1971 1696 2188 1746 ecclesiis
2214 1697 2384 1746 vestris

238 1798 330 1846 que
379 1781 667 1846 almipotens
715 1782 960 1832 avertat'’.'
1035 1782 1152 1831 Cum
1192 1781 1273 1831 ille
1310 1781 1530 1844 legisset,
1583 1781 1714 1830 stetit
1751 1780 2112 1839 modicum‚·et
2148 1781 2380 1846 pensavit.
2402 1794 2439 1828 15

238 1866 420 1916 Deinde
448 1867 590 1916 dixit:
643 1867 760 1931 ‘Ego
787 1869 939 1916 miror
966 1867 1215 1916 stultitiam
1242 1866 1622 1930 Theologorum.
1698 1865 1904 1916 Creditis
1931 1867 2060 1932 quod
2090 1882 2266 1924 omnes
2297 1867 2384 1915 ho-

238 1953 396 2000 mines
434 1957 546 2001 sunt
582 1953 757 2014 pueri,
810 1952 940 2015 quod
979 1953 1173 2016 possitis
1213 1953 1282 2001 eis
1326 1950 1626 2016 persuadere
1675 1950 1814 2001 talia?
1862 1951 1959 2001 Sed
1998 1952 2110 2016 quia
2149 1951 2385 2015 Theologi

241 2034 555 2085 Colonienses
593 2036 760 2086 volunt
795 2038 861 2086 ita
901 2035 1102 2086 subtiles
1130 2036 1294 2094 videri,
1335 2051 1425 2101 ego
1453 2036 1708 2086 ostendam
1735 2035 1872 2086 vobis
1901 2051 2046 2086 unam
2072 2035 2382 2101 prophetiam

240 2120 299 2169 de
336 2120 551 2169 Iohanne
588 2120 968 2186 Reuchlin·que
1016 2122 1170 2186 magis
1220 2122 1314 2170 erit
1359 2121 1419 2170 ad
1466 2123 1788 2186 propositum.
1864 2121 1923 2170 Et
1969 2128 2136 2186 postea
2185 2121 2384 2171 demon-

237 2205 402 2255 strabo
442 2205 585 2254 etiam
622 2205 753 2255 illam
792 2207 1099 2271 prophetiam
1148 2221 1292 2269 quam
1341 2205 1409 2255 illi
1456 2214 1668 2270 ponunt,
1717 2206 1846 2271 quod
1895 2212 1967 2256 est
2013 2222 2103 2272 pro
2142 2205 2380 2256 Reuchlin
2398 2217 2439 2252 ²⁰

238 2295 286 2339 et
333 2305 429 2339 non
478 2296 647 2340 contra
696 2307 824 2341 eum.
899 2292 1108 2342 Videatis
1157 2293 1302 2356 igitur
1350 2291 1598 2357 Sophonie
1647 2292 1833 2356 primo,
1888 2291 1975 2341 ubi
2029 2291 2271 2356 propheta
2318 2291 2387 2341 sic

238 2375 377 2424 dicit:
425 2374 520 2432 „Et
568 2378 660 2426 erit
706 2377 754 2426 in
795 2382 1016 2442 tempore
1053 2376 1158 2436 illo,
1209 2376 1468 2426 scrutabor
1505 2375 1812 2426 Hierusalem
1850 2378 1903 2425 in
1939 2376 2155 2426 lucernis
2193 2383 2239 2426 et
2279 2376 2385 2424 visi·

241 2459 352 2509 tabo
390 2475 538 2524 super
576 2461 760 2510 defixos
798 2463 844 2510 in
885 2462 1071 2527 fecibus
1109 2463 1223 2517 suis,
1264 2463 1347 2526 qui
1374 2461 1544 2511 dicunt
1568 2462 1619 2510 in
1660 2461 1893 2512 cordibus
1927 2462 2024 2512 suis
2064 2459 2184 2511 etc.”
2246 2460 2386 2510 Nunc

240 2546 352 2610 quia
399 2560 482 2593 vos
522 2544 834 2597 Colonienses
881 2547 1169 2612 pretenditis
1216 2547 1484 2611 scripturas
1531 2546 1726 2597 trahere
1774 2546 1835 2596 ad
1872 2545 2105 2611 placitum
2143 2551 2385 2596 vestrum:

239 2629 452 2678 Audiatis
479 2631 722 2695 quomodo
763 2633 906 2681 etiam
946 2647 1036 2697 ego
1074 2647 1275 2696 possum
1314 2647 1563 2697 exponere
1599 2631 1746 2682 verba
1783 2631 2039 2697 prophete.
2114 2631 2239 2681 Dicit
2266 2639 2440 2695 ergon,

242 2714 466 2764 dominus
503 2730 592 2778 per
631 2731 685 2765 os
722 2717 989 2783 prophete:
1041 2717 1136 2766 “Et
1173 2718 1266 2767 erit
1303 2718 1351 2766 in
1390 2717 1466 2767 die
1504 2716 1609 2774 illa,
1649 2716 1909 2767 scrutabor
1946 2715 2299 2774 Hierusalem’'‚
2338 2715 2386 2765 id

242 2803 314 2848 est
350 2799 552 2848 visitabo
592 2800 846 2851 ecclesiam
885 2818 1069 2859 meam,
1121 2785 1339 2866 co'gitans
1375 2803 1649 2854 reformare
1698 2817 1830 2859 eam,
1881 2807 1929 2852 et
1972 2800 2144 2851 tollere
2193 2815 2387 2851 errores

241 2883 280 2932 si
317 2891 431 2933 sunt
467 2884 614 2949 aliqui
652 2886 701 2935 in
741 2902 821 2943 ea;
874 2893 921 2937 et
959 2887 1086 2936 “hoc
1124 2888 1298 2936 faciam
1336 2889 1387 2936 in
1424 2885 1782 2944 lucernis'’‚'id
1823 2892 1897 2936 est
1933 2885 2261 2937 mediantibus
2299 2885 2385 2935 do-

243 2969 465 3018 ctissimis
512 2970 647 3028 viriS,
699 2973 825 3021 sicut
872 2979 985 3022 sunt
1029 2974 1078 3021 in
1124 2972 1342 3022 Almania
1382 2972 1615 3021 Erasmus
1652 2971 2011 3022 Roterodamus
2060 2977 2108 3021 et
2144 2966 2386 3021 Iohannes

242 3052 493 3109 Reuchlin,
535 3059 580 3103 et
606 3054 846 3106 Mutianus
871 3057 1042 3107 Ruffus
1082 3063 1129 3126 et
1166 3056 1268 3106 alii:
1310 3063 1391 3106 “et
1426 3056 1628 3106 visitabo
1667 3072 1815 3122 super
1839 3056 2013 3114 viros'',
2053 3057 2099 3106 id
2126 3061 2198 3106 est
2223 3045 2438 3105 Theo-io

244 3135 408 3198 logos,
452 3138 714 3196 “defixos”,
755 3142 801 3190 id
843 3148 916 3191 est
953 3142 1270 3192 obstinaciter
1308 3142 1589 3198 induratos,
1632 3143 1715 3191 “in
1756 3141 1941 3192 fecibus
1979 3140 2123 3198 suis”‚
2165 3141 2210 3190 id
2239 3141 2384 3190 estin

245 3220 451 3283 quadam
490 3223 682 3273 sordida
723 3232 770 3275 et
805 3227 1113 3277 tenebricosa
1152 3233 1198 3276 et
1233 3229 1398 3290 inepta
1436 3226 1726 3290 Theologia‚
1779 3243 1923 3291 quam
1973 3232 2084 3276 ante
2121 3241 2274 3291 pauca
2313 3241 2384 3289 se-

247 3304 351 3353 cula
391 3315 748 3369 usurpaverunt
784 3310 900 3369 sibi,
950 3311 1283 3377 relinquentes
1333 3310 1440 3361 illos
1487 3312 1712 3376 antiquos
1765 3318 1811 3361 et
1856 3311 2074 3361 literatos
2112 3310 2385 3375 Theologos
2453 3374 2456 3390 1

357 3530 375 3556 ²
406 3531 466 3571 M.
491 3534 530 3571 4.
544 3535 582 3573 5.
647 3531 663 3556 3
694 3535 753 3573 Μ.
778 3538 817 3578 5.
884 3535 901 3562 ⁴¹
933 3537 976 3578 S.
1000 3539 1051 3579 P.
1073 3539 1128 3578 D.
1155 3542 1195 3578 4.
1217 3541 1334 3579 omis.
1357 3542 1396 3579 5.
1466 3537 1483 3563 5
1511 3540 1613 3579 Icut
1635 3540 1674 3578 4.
1698 3540 1845 3579 relicto
1867 3541 1958 3579 loco
1980 3536 2038 3591 τῇ
2057 3542 2099 3578 5.
2157 3537 2173 3563 ⁶
2193 3538 2319 3578 Ioau.
2342 3539 2383 3577 5.
2451 3533 2456 3540 ’

246 3602 386 3642 michi
409 3606 450 3642 5.
472 3607 513 3641 et
542 3603 603 3642 sic
631 3606 770 3654 paullo
799 3612 911 3657 post.
972 3606 990 3632 ⁷
1020 3608 1247 3649 Iohannes
1270 3611 1310 3649 4.
1368 3610 1432 3649 Io.
1455 3610 1506 3649 P.
1530 3612 1571 3650 4.
1603 3610 1731 3650 Ioan.
1754 3608 1940 3649 Pfeffer.
1964 3612 2005 3651 5.
2065 3607 2082 3632 ⁹
2114 3608 2151 3648 Ο
2173 3608 2223 3660 ij.
2246 3607 2331 3649 col.
2343 3608 2384 3648 2.

248 3680 292 3714 et
314 3671 422 3724 Oiij.
448 3671 531 3712 col.
557 3671 593 3711 1.
685 3671 719 3697 ¹⁰
752 3673 925 3715 Coloni.
950 3668 990 3716 5.
1098 3679 1161 3718 Io.
1185 3682 1225 3718 5.
1306 3677 1339 3703 ¹²
1371 3677 1477 3732 sint)
1503 3682 1596 3719 4.5.
1698 3678 1730 3704 ¹3
1763 3679 1889 3718 Colo.
1913 3683 1954 3720 5.
2052 3678 2086 3703 ¹⁶
2117 3677 2314 3719 stulticia
2341 3679 2382 3717 5.
2451 3675 2453 3714 Ξ

251 3743 284 3768 ¹⁷
315 3774 324 3783 .
349 3743 439 3783 Sed
461 3745 500 3782 4.
536 3772 545 3782 .
571 3742 618 3793 S3
651 3747 690 3782 5.
788 3743 821 3769 ¹8
854 3744 978 3788 Colo.
1002 3750 1042 3785 5.
1170 3746 1202 3771 ¹9
1233 3749 1296 3788 Io.
1320 3749 1371 3789 R.
1396 3751 1488 3788 45.
1612 3747 1648 3774 ²⁰
1680 3750 1790 3789 Reu.
1815 3753 1855 3789 5.
1952 3748 1985 3774 ²¹
2020 3750 2075 3790 esi
2116 3748 2312 3789 videatis
2343 3748 2382 3788 4.
2450 3777 2453 3784 .

250 3829 271 3854 c
304 3818 344 3856 5.
430 3810 467 3837 ²²
495 3812 683 3853 Ihierus.
706 3817 745 3854 5.
832 3813 868 3839 ²³
903 3815 959 3855 su.
984 3819 1031 3858 ὶέ.
1056 3820 1095 3858 5.
1205 3817 1327 3857 Colo.
1352 3821 1392 3858 5.
1506 3816 1541 3843 ²⁶
1572 3832 1596 3871 q
1620 3821 1661 3861 4.
1694 3833 1717 3859 e
1740 3823 1778 3858 5.
1878 3819 2080 3860 herusale
2103 3821 2142 3858 4.
2175 3819 2319 3860 hieru.
2341 3819 2381 3860 5.

248 3885 283 3910 ²⁷
317 3898 428 3926 erro.
452 3887 492 3924 5.
553 3880 641 3907 ²⁰³⁰
669 3884 733 3927 Io.
757 3885 908 3926 reuch.
933 3889 992 3926 et.
1016 3891 1056 3927 5.
1145 3885 1180 3912 3¹
1213 3887 1357 3928 facib‘.)
1389 3890 1482 3928 4.5.
1571 3886 1608 3912 ³²
1639 3889 1830 3941 quedam
1862 3892 1955 3929 4.5.
