2456 4264
227 254 247 310 ¹
264 253 341 311 86
806 275 1043 304 EPISTOLAE
1066 273 1371 303 OBSCVRORVM
1391 272 1603 302 VIRORVM
1625 271 1774 300 NOVAE.

222 408 551 471 questionem:
593 420 747 468 quare
786 404 1017 466 Magister
1056 402 1286 452 Ortvinus
1324 402 1507 452 faciens
1542 401 1829 464 imprimere
1866 415 2046 450 novum
2072 399 2361 465 Epistulam,

221 490 481 541 intitulavit
519 488 636 538 illud
677 487 923 550 „Epistole
963 487 1299 536 Obscurorum
1338 485 1614 536 Virorum’'.
1690 482 1810 532 Cum
1848 486 1989 534 venia
2026 486 2231 534 istorum
2268 487 2362 536 Do-

222 578 480 629 minorum,
520 573 628 621 dico
667 572 948 635 opinionem
989 586 1171 626 meam,
1213 570 1344 634 quod
1381 569 1609 632 Magister
1637 567 1881 626 OrtvinuS,
1922 570 2004 632 qui
2030 575 2103 618 est
2129 570 2200 617 vir
2227 569 2362 618 valde

218 657 492 724 profundus
530 660 578 705 et
614 654 965 719 speculativus,
1006 654 1209 719 mystice
1246 653 1505 717 appellavit
1542 653 1734 701 Amicos
1772 666 1887 701 suos
1925 651 2172 702 Obscuros
2199 653 2359 702 Viros:

220 744 330 807 quia
376 739 526 790 semel
573 739 668 803 legi
717 754 860 788 unam
909 740 1274 794 auctoritatem,
1324 737 1454 801 quod
1505 736 1680 784 veritas
1728 734 1847 786 latet
1891 737 1941 785 in
1980 736 2228 786 ObscuriS.
2303 738 2398 786 Etr»

220 842 336 890 ergo
376 826 495 875 dixit
531 823 641 873 lob:
694 823 801 879 ‘Qui
851 822 1033 872 revelat
1069 822 1313 887 profunda
1352 821 1412 872 de
1450 819 1699 870 tenebris’.
1773 819 1895 869 Item
1932 820 2118 884 Michee
2155 822 2362 885 septimo

220 911 418 975 legitur:
459 910 595 959 ‘Cum
633 908 808 959 sedero
856 909 905 957 in
952 907 1195 965 tenebriS‚
1245 906 1479 956 Dominus
1515 904 1595 953 lux
1636 919 1744 953 mea
1772 904 1873 953 est'.
1948 903 2008 952 Et
2044 905 2221 954 iterum
2258 904 2360 954 lob.

222 1006 451 1044 xxvl11.:
482 994 727 1043 ‘Trahitur
754 997 913 1042 autem
942 994 1191 1057 Sapientia
1218 991 1278 1040 de
1305 987 1550 1039 Occultis'.
1614 988 1926 1052 Quapropter
1953 987 2178 1052 Virgilius
2216 989 2361 1038 dixit:

221 1080 470 1129 ‘Obscuris
497 1094 609 1128 vera
635 1080 683 1127 in
710 1077 964 1134 obscuris',
992 1078 1118 1125 sicut
1144 1091 1235 1140 ego
1262 1074 1422 1124 audivi
1447 1072 1507 1122 ab
1535 1072 1655 1121 aliis,
1719 1072 1780 1122 Et
1804 1072 1947 1122 datur
1973 1071 2192 1137 intelligi,
2233 1074 2363 1138 quod

220 1165 446 1227 Magister
485 1163 738 1219 OrtvinuS,
787 1168 835 1212 et
881 1163 956 1211 sui
1005 1162 1147 1211 amici
1183 1164 1297 1209 sunt
1334 1157 1477 1214 tales,
1527 1157 1658 1221 quod
1705 1157 1958 1221 inquirunt
2007 1164 2195 1206 secreta
2242 1159 2420 1206 scri-1⁰

219 1254 500 1312 pturarum,
552 1253 601 1297 et
647 1248 899 1296 veritatem
948 1251 995 1295 et
1031 1245 1269 1295 iusticiam
1309 1248 1357 1292 et
1393 1242 1707 1307 sapientiam,
1752 1238 1854 1305 'que
1892 1256 1991 1290 non
2029 1247 2190 1304 potest
2225 1242 2362 1291 intel-

217 1332 299 1396 ligi
337 1332 396 1381 ab
436 1331 664 1380 omnibus
703 1331 792 1379 nisi
831 1330 891 1379 ab
932 1330 1028 1384 his,
1077 1330 1159 1394 qui
1197 1333 1313 1378 sunt
1348 1326 1604 1376 illuminati
1642 1342 1667 1376 a
1706 1325 1920 1375 domino.
1997 1325 2136 1376 Unde
2174 1326 2361 1390 Regum

219 1434 495 1466 cxxxvnr:
549 1417 685 1474 ‘Quia
734 1414 934 1478 tenebre
982 1429 1080 1462 non
1127 1411 1527 1463 obscurabuntur
1565 1427 1591 1460 a
1631 1416 1693 1468 te,
1734 1416 1782 1460 et
1818 1425 1914 1459 nox
1953 1410 2079 1459 sicut
2116 1410 2220 1459 dies
2255 1410 2362 1460 illu·

217 1500 498 1549 minabitur.
574 1501 700 1549 sicut
746 1499 950 1563 tenebre
988 1499 1117 1554 eiuS,
1167 1499 1231 1546 ita
1280 1502 1328 1546 et
1373 1495 1539 1549 lumen
1580 1495 1717 1546 eius'.
1794 1495 2056 1559 Postquam
2096 1494 2207 1544 talia
2246 1495 2364 1544 dixit

215 1585 463 1649 predictus
500 1584 770 1647 religiosus,
810 1599 980 1633 omnes
1005 1587 1329 1646 respexerunt
1353 1596 1431 1631 me
1457 1581 1497 1630 si
1523 1595 1679 1629 essem
1706 1584 1978 1628 contentus.
2054 1579 2158 1643 Ego
2197 1585 2358 1629 autem
2380 1587 2420 1622 ¹⁶

219 1670 422 1731 cogitavi
471 1669 696 1732 desuper.
773 1668 912 1717 'l'unc
960 1668 1050 1715 fuit
1098 1666 1167 1715 ibi
1214 1664 1532 1718 Bernhardus
1583 1663 1730 1719 Gelff,
1780 1663 2011 1726 Magister
2058 1662 2360 1722 ParisiensiS,

217 1754 298 1817 qui
337 1758 410 1802 est
445 1752 660 1809 IuveniS,
710 1752 796 1801 sed
836 1751 978 1801 audio
1018 1751 1148 1815 quod
1190 1749 1338 1799 habet
1373 1748 1558 1798 honum
1596 1747 1873 1812 ingenium,
1925 1752 1972 1796 et
2010 1746 2147 1797 valde
2184 1747 2360 1805 studet,

216 1843 263 1886 et
301 1836 427 1886 bene
466 1836 658 1899 proficit
698 1837 745 1884 in
784 1835 987 1891 artibus
1028 1841 1075 1884 et
1113 1836 1257 1884 etiam
1295 1835 1347 1882 in
1386 1832 1652 1895 Theologia
1689 1831 1838 1881 habet
1865 1830 2046 1881 bonum
2075 1831 2361 1882 fundamen·
2431 1859 2456 1899 g

214 1927 333 1970 tum.
407 1920 516 1983 lpse
553 1934 692 1968 more
729 1918 871 1968 solito
910 1934 1110 1968 movens
1147 1922 1295 1982 caput
1330 1916 1583 1972 hincinde,
1632 1922 1681 1965 et
1716 1916 1884 1965 videns
1921 1917 2181 1966 austeriter
2219 1917 2360 1966 dixit:

216 1993 429 2059 Scitote,
470 2004 653 2052 domini
689 2005 801 2061 mei,
841 2004 972 2067 quod
1011 2009 1082 2052 est
1118 2017 1294 2066 magna
1333 2008 1380 2051 et
1415 1998 1715 2050 rationabilis
1752 2016 1913 2058 causa,
1953 2001 2086 2064 quod
2123 2003 2355 2065 magister
2374 2010 2418 2044 2⁰

215 2088 443 2137 Ortvinus
481 2086 696 2152 appellat
733 2088 916 2137 amicos
954 2103 1069 2137 suos
1108 2087 1359 2137 Obscuros
1396 2085 1565 2135 Viros:
1606 2085 1721 2135 facit
1757 2086 1887 2135 enim
1926 2090 2130 2149 propter
2166 2085 2360 2135 humili·
2443 2073 2445 2075 ¹

212 2178 376 2222 tatem.
455 2171 697 2228 Quoniam
736 2173 864 2222 sicut
908 2174 1115 2236 potestis
1161 2172 1312 2229 scire,
1362 2171 1581 2236 quamvis
1629 2170 1773 2220 etiam
1819 2184 1919 2219 non
1965 2171 2169 2234 potestis
2217 2171 2359 2228 scire,

214 2258 296 2306 sed
347 2257 731 2321 presumendum
779 2263 875 2314 est,
925 2257 1055 2321 quod
1102 2257 1257 2313 scitiS‚
1315 2254 1561 2322 quomodo
1611 2258 1722 2304 ante
1767 2260 1868 2304 tres
1916 2268 2071 2303 annos
2118 2254 2359 2304 lohannes

213 2340 452 2390 Reuchlin
492 2341 675 2390 faciens
711 2341 996 2405 imprimere
1034 2338 1310 2405 Epistolare¹
1344 2340 1626 2389 Amicorum
1673 2354 1901 2395 suorum,
1950 2337 2207 2388 intitulavit
2242 2337 2357 2388 illud

215 2424 443 2489 ‘Epistole
495 2426 752 2475 Clarorum
809 2423 1069 2475 Virorum'.
1147 2424 1287 2482 Quod
1346 2423 1677 2489 consyderans
1724 2423 1954 2487 Magister
2002 2422 2254 2479 Ortvinus,
2312 2428 2359 2472 et
2374 2435 2416 2468 2⁵

214 2508 420 2559 multum
469 2511 679 2574 desuper
731 2511 1004 2574 pensitanS,
1057 2509 1177 2558 dixit
1224 2508 1283 2558 ad
1332 2509 1674 2572 semetipsum:
1725 2507 1872 2557 ‘Ecce
1918 2506 2161 2558 Reuchlin
2208 2508 2360 2557 credit

214 2594 344 2659 quod
384 2610 526 2643 nemo
565 2593 714 2644 habet
750 2595 944 2644 Amicos
982 2594 1076 2643 nisi
1112 2595 1242 2658 ipse:
1283 2593 1410 2652 Quid
1450 2591 1550 2642 vult
1587 2592 1772 2649 facere,
1813 2593 1853 2641 si
1880 2606 1971 2655 ego
1998 2591 2202 2641 ostendo
2229 2591 2359 2657 quod

213 2677 370 2726 babeo
410 2678 552 2727 etiam
591 2680 799 2735 amicos,
839 2683 887 2728 et
922 2677 1050 2728 bene
1088 2677 1335 2741 digniores
1373 2692 1518 2741 quam
1557 2677 1674 2740 ipse,
1714 2682 1762 2727 et
1797 2678 2006 2726 scientes
2045 2677 2206 2726 facere
2244 2676 2358 2726 Car-

214 2763 392 2810 minam
442 2768 490 2811 et
537 2763 822 2812 dictaminas
867 2761 1096 2812 meliores
1141 2777 1289 2826 quam
1336 2762 1411 2811 sui
1448 2760 1642 2811 Amici?'
1699 2760 1760 2810 Et
1806 2775 1925 2824 ergo
1974 2762 2022 2810 in
2073 2761 2356 2825 despectum

212 2846 362 2908 ipsius
400 2846 533 2896 dedit
569 2847 630 2896 ad
667 2847 1049 2911 imprimendum
1088 2848 1204 2895 istas
1229 2845 1484 2910 Epistolas,
1523 2845 1812 2896 intitulando
1851 2861 1959 2894 eas:
2001 2843 2230 2909 ‘Epistole
2258 2843 2415 2894 Ob-so

213 2945 468 2979 scutorum
507 2930 777 2981 Virorum':
827 2931 964 2981 Sicut
1001 2930 1117 2980 dicit
1153 2929 1432 2980 Psalmista:
1486 2931 1628 2999 ‘Misit
1674 2929 1905 2979 tenebras
1951 2935 1999 2978 et
2046 2927 2354 2978 obscuravit'.

215 3014 309 3063 Sed
350 3015 457 3079 ipse
496 3015 609 3064 fecit
647 3015 741 3064 hoc
778 3014 1054 3071 humiliter,
1105 3014 1395 3063 minorando
1446 3020 1494 3064 et
1530 3014 1830 3063 humiliando
1868 3013 1955 3070 Se,
2006 3020 2059 3062 ut
2103 3019 2251 3078 queat
2287 3014 2356 3063 di·
2403 3068 2408 3073 ,

215 3112 327 3147 cere
365 3114 476 3147 cum
513 3099 790 3149 Psalmista:
841 3100 1085 3155 ‘Domine,
1137 3114 1234 3147 non
1274 3104 1347 3148 est
1385 3098 1647 3148 exaltatum
1686 3114 1772 3147 cor
1810 3114 1999 3153 meum,
2049 3113 2210 3163 neque
2248 3097 2360 3157 elati,

215 3187 327 3228 sunt
365 3180 491 3229 oculi
529 3182 657 3232 mei'.
733 3184 888 3247 Igitur
926 3183 1152 3232 dominus
1190 3183 1311 3233 deus
1348 3183 1516 3232 videns
1541 3181 1864 3232 humilitatem
1889 3197 2043 3239 suam,
2084 3181 2198 3231 olim
2224 3181 2357 3232 dabit

215 3265 261 3312 ei
298 3266 524 3327 gratiam,
566 3267 696 3330 quod
734 3267 877 3317 faciet
913 3281 1089 3330 magna
1129 3282 1304 3331 opera,
1356 3273 1403 3317 et
1440 3268 1582 3317 etiam
1619 3265 1883 3318 intitulabit
1920 3283 1976 3317 ea
2015 3282 2127 3316 cum
2164 3266 2408 3329 magnis&

213 3346 382 3398 titulis.
459 3349 597 3399 Unde
634 3351 745 3400 Iob:
798 3352 872 3401 ‘Et
908 3367 1107 3402 rursum
1145 3358 1256 3417 post
1291 3351 1521 3402 tenebras
1558 3367 1705 3418 spero
1749 3350 1944 3402 lucem’.
2017 3351 2128 3401 Non
2177 3349 2354 3400 intelli·
2425 3411 2427 3413 ι

325 3515 342 3540 ³
374 3517 432 3566 Qz
464 3521 505 3556 5.
611 3517 627 3541 ‘⁵
659 3518 774 3557 dicit
803 3522 843 3561 5.
948 3521 1140 3574 Mechee
1171 3524 1212 3561 4.
1243 3521 1435 3562 Mechee
1468 3524 1508 3562 5.
1596 3520 1613 3546 ⁸
1643 3520 1836 3561 Trahitfi
1867 3523 1908 3561 4.
1997 3517 2031 3546 1¹
2062 3520 2283 3560 iustitiam
2312 3523 2353 3560 5.

215 3589 262 3626 et
286 3590 387 3638 post
414 3586 492 3626 hoc
521 3599 667 3627 nomen
697 3589 922 3629 omiserunt
943 3593 985 3633 4.
997 3594 1036 3631 5.
1111 3589 1147 3617 ¹²
1175 3592 1258 3634 Re.
1282 3594 1323 3631 4.
1354 3591 1531 3644 Regum
1561 3595 1602 3632 5.
1643 3591 1773 3632 Immo
1803 3590 1974 3632 Psalm.
2054 3587 2090 3616 ¹⁴
2119 3621 2130 3632 .
2152 3589 2282 3630 Sicut
2310 3594 2351 3630 5.

215 3653 250 3681 ¹⁶
278 3654 624 3696 Pari-hiriensis:
656 3660 695 3698 5.
782 3657 817 3684 ¹⁹
849 3672 858 3698 :
881 3659 981 3711 Ipse
1002 3663 1042 3699 5.
1130 3658 1168 3685 ²⁰
1198 3661 1335 3701 eausa
1363 3659 1579 3713 magister
1600 3659 1816 3703 Oztuinus
1846 3661 1965 3702 facit
1991 3660 2079 3702 hoc
2107 3662 2291 3714 propter
2310 3662 2350 3700 5.

212 3724 248 3750 ²³
289 3730 396 3766 ante
434 3729 529 3766 tres
561 3724 717 3779 annos]
756 3728 786 3766 i.
808 3741 844 3767 e.
878 3741 918 3768 a.
943 3731 1068 3768 1514.
1099 3742 1237 3770 mense
1268 3731 1446 3771 Martio.
1561 3730 1760 3771 Ioannes
1790 3735 1832 3774 5.
1946 3729 1984 3756 ²⁴
2021 3730 2279 3783 Impzimere
2310 3731 2352 3769 4.

213 3793 302 3822 ²⁸³⁹
333 3794 545 3836 Carmina
575 3799 615 3839 4.
648 3797 895 3837 carminam
926 3801 966 3838 5.
1051 3797 1085 3824 ³¹
1120 3828 1130 3838 .
1154 3798 1283 3840 Sicut
1312 3802 1351 3841 5.
1437 3796 1473 3824 ³²
1504 3798 1577 3839 Se.
1608 3803 1658 3840 vt
1680 3802 1774 3840 45.
1862 3798 1899 3827 ³⁶
1928 3799 2228 3854 intelligendo
2259 3802 2351 3840 45.

215 3866 261 3918 (i.
285 3880 322 3907 e.
346 3867 414 3907 sio
443 3865 801 3919 intellegendum
831 3867 964 3920 quasi
1052 3868 1208 3919 esset).
