2456 4264
364 274 681 304 rnrssmconm
702 273 764 302 AD
786 273 1081 303 HERMANNVM
1103 272 1361 302 PRINCIPEM
1383 273 1551 301 COLON·
1574 274 1646 301 ΕΡ.
1669 274 1714 301 D.
1737 274 1780 302 A.
1807 268 1905 307 1516,
2141 263 2219 321 85

306 492 351 541 (t
383 491 814 541 Reverendissimo
846 491 898 538 in
932 489 1124 537 Christo
1153 489 1299 549 patri
1332 502 1395 536 ac
1430 488 1772 542 Illustrissimo
1811 499 1968 557 prin--
2080 457 2082 459 -
2207 501 2336 554 &jb-

305 579 409 640 cipi
437 581 486 626 et
513 577 710 626 domino
739 576 817 624 .D.
849 574 1209 622 Hermanno
1243 579 1414 633 sancte
1440 575 1739 627 Coloniensis
1767 584 1970 643 ecclesie

304 664 458 711 electo
503 667 552 710 et
595 663 885 720 confirmato
921 658 1075 708 Sacri
1117 659 1337 707 Romani
1379 661 1582 720 imperii
1615 676 1718 724 per
1762 666 1967 716 Italiam

306 746 784 806 ArchicancellariO,
817 746 1112 807 principi
1148 746 1420 793 electori
1461 747 1761 808 Westphalie
1786 757 1834 798 et
1857 753 1968 800 An·-

8 841 40 887 '2
299 834 448 894 ρανίᾳ
486 833 606 881 duci
635 833 896 896 legatoque
931 836 1049 879 nato
1086 835 1134 879 et
1158 843 1203 878 c.
1243 830 1451 878 Domino
1487 845 1575 879 suo
1610 836 1968 892 protiosissimo

304 917 582 967 Ioannes
617 917 1086 978 Pepericornus
1120 915 1248 963 Civis
1275 915 1588 972 Coloniensis‚
1629 932 1740 966 cum
1776 934 1968 971 summa

657 1002 933 1050 humilitate
967 1015 1019 1049 se
1056 1005 1203 1049 totum
1239 1001 1622 1048 recommendat.

0 1176 1 1191 ξ
192 1131 622 1181 Reverendissime
656 1143 719 1179 ao
762 1130 1088 1178 illustrissime
1130 1129 1394 1189 princeps,
1437 1131 1795 1188 eratiosi‘ssime
1833 1134 2040 1183 domine.
2117 1137 2226 1198 Eyo

0 1200 26 1283 ξ’
51 1218 267 1266 omnium
307 1217 582 1275 reverentie
616 1219 696 1274 tue
719 1214 1038 1263 ,subditorum
1079 1215 1333 1269 minimus,
1371 1216 1482 1262 nolo
1518 1222 1572 1262 ut
1600 1221 1859 1276 pretereat
1895 1222 2224 1271 reverendam

0 1286 39 1380 μ’.
44 1302 402 1365 paternitatem
451 1305 587 1349 tuam
604 1337 636 1366 ⁹.
673 1312 751 1348 me
797 1304 915 1347 ante
959 1311 1116 1346 annos
1156 1299 1344 1358 aliquot
1377 1299 1441 1346 ab
1483 1292 1811 1351 illustrissimo
1842 1307 2080 1367 principe
2119 1308 2225 1355 Ar-

0 1371 23 1463 R}
46 1388 358 1450 chiepiscopo
394 1385 688 1447 Moquntino
717 1385 954 1433 moderno
985 1385 1036 1431 in
1068 1396 1223 1431 causa
1261 1382 1535 1442 Iudeorum
1574 1386 1830 1448 Moquntie
1868 1392 2223 1452 interroqatum

0 1466 25 1530 ᾆξ’
47 1477 96 1524 et
118 1474 390 1536 presertim
425 1485 583 1521 causa
619 1469 917 1519 venerabilis
952 1470 1260 1517 sacramenti
1295 1471 1402 1517 veri
1434 1470 1519 1518 dei
1566 1478 1616 1519 et
1656 1472 1890 1532 hominis,
1935 1483 2052 1525 tunc
2097 1485 2225 1526 tem-

0 1563 21 1618 j
44 1559 184 1622 poris
223 1571 257 1606 a
296 1557 512 1620 persidis
546 1556 723 1616 Iudeis
768 1557 821 1604 in
867 1556 1064 1603 civitate
1109 1555 1266 1616 ipsius
1296 1554 1498 1604 Perlino
1545 1556 1846 1608 dedecorose
1890 1563 2036 1609 nimis
2077 1569 2226 1623 atque

10 1603 197 1724 'litalde
219 1644 448 1706 tractati,
482 1647 695 1705 propter
728 1641 863 1703 quod
893 1640 1092 1702 quidem
1129 1639 1340 1699 facinus
1369 1639 1545 1699 frater
1580 1644 1799 1692 eiusdem
1827 1646 2061 1695 Marchio
2098 1648 2223 1695 Ioa—

10 1728 181 1794 §ohim
217 1730 460 1791 princeps
505 1729 689 1777 elector
724 1734 772 1775 et
788 1741 833 1776 c.
870 1725 1055 1784 Iudeos
1102 1724 1192 1784 (ut
1244 1727 1451 1787 accepi)
1503 1734 1758 1773 ..xxxma
1805 1732 1931 1779 iusto
1979 1734 2225 1793 flamma-

0 1809 3 1849 i
46 1827 161 1864 rum
191 1815 434 1877 supplicio
470 1812 668 1874 affecit:
719 1813 882 1862 Voluit
917 1823 1108 1872 quoque
1145 1815 1261 1858 tunc
1298 1824 1365 1859 ex
1400 1823 1478 1859 me
1513 1814 1644 1861 scire
1674 1828 1833 1875 quare
1863 1816 2016 1876 Iudei
2048 1824 2224 1867 contra

0 1897 15 1932 '¹³
47 1891 263 1949 omnium
309 1901 500 1962 scripta
540 1898 904 1960 prophetarum
947 1901 995 1945 et
1029 1901 1206 1945 contra
1242 1895 1515 1955 manifesta
1550 1900 1648 1957 celi
1681 1913 1743 1948 ac
1775 1905 1908 1960 terre
1944 1903 2134 1951 indicia
2173 1905 2224 1951 in

0 1986 21 2055 ξς
46 1987 149 2035 suis
184 1987 255 2034 ita
282 1985 511 2048 peccatis
543 1984 772 2042 excecati
806 1983 998 2030 nullum
1030 1982 1343 2030 exhorreant
1374 1984 1550 2030 scelus.
1624 1983 1886 2046 Respondi
1912 1996 1959 2036 et
1982 2001 2224 2036 reveren—

0 2049 30 2133 ξ
49 2076 125 2119 ter
157 2075 207 2119 et
239 2083 354 2119 vere
391 2070 562 2118 dicens
593 2063 870 2117 maximam
897 2070 1100 2128 partem
1137 2067 1285 2115 huius
1315 2069 1594 2128 pertinacie
1624 2083 1730 2118 esse
1754 2070 1920 2130 falsos
1952 2086 2123 2121 eorum
2154 2075 2223 2122 li-

0 2144 177 2215 bbros,
214 2167 337 2216 quos
370 2157 570 2204 illorum
598 2153 733 2203 Rabi
751 2158 927 2203 contra
951 2165 1153 2200 sacrum
1181 2153 1487 2212 evanqelium
1513 2161 1562 2202 et
1586 2156 1637 2202 in
1662 2158 2023 2214 contumeliam,
2065 2158 2223 2206 dede-

14 2236 15 2243 ’
47 2254 159 2304 cns,
196 2239 466 2300 infamiam
500 2245 549 2289 et
583 2238 943 2301 blasphemiam
973 2251 1119 2296 sacre
1151 2237 1277 2297 fidei
1306 2244 1471 2297 nostre
1510 2247 1916 2302 composuerunt:
1964 2244 2016 2291 in
2049 2243 2224 2303 quibus

46 2324 245 2387 quidem
278 2325 419 2374 libris
448 2338 563 2374 suos
593 2324 771 2373 liberos
808 2337 840 2371 a
873 2323 1105 2384 puericia
1144 2324 1395 2372 instruant
1433 2338 1495 2372 ac
1535 2325 1774 2375 doceant:
1810 2335 1859 2376 et
1895 2328 2075 2376 deinde
2111 2342 2223 2376 cum

18 2411 122 2461 ‘ad
147 2412 504 2474 provectiorem
540 2415 718 2470 etatem
750 2410 1093 2471 pervenerint,
1141 2422 1193 2456 se
1237 2410 1435 2468 malicie
1478 2409 1700 2460 habitum
1749 2426 1848 2460 non
1891 2426 2036 2473 posse
2074 2413 2224 2462 dere-

14 2479 291 2559 f'linquere.
365 2496 436 2545 Et
479 2497 553 2545 ita
599 2495 840 2557 quicquid
873 2499 1050 2543 contra
1088 2492 1348 2542 ecclesiam
1385 2495 1682 2545 catholicam
1725 2498 2080 2547 christianosve
2111 2512 2224 2546 ma-

0 2566 255 2643 sschinari
281 2586 502 2645 possunt,
540 2581 597 2630 id
628 2586 779 2630 totum
812 2585 996 2642 putant
1026 2584 1285 2641 acceptum
1323 2580 1415 2628 deo
1450 2585 1498 2629 et
1528 2583 1652 2630 iuste
1670 2582 1869 2642 factum
1897 2598 2018 2632 esse.
2078 2583 2226 2631 Cuius

15 2658 128 2734 [rei
155 2669 330 2729 qratia
365 2667 489 2717 dedi
518 2668 792 2726 reverentie
842 2665 1061 2715 eiusdem
1105 2666 1324 2714 nondum
1376 2670 1492 2723 tunc
1524 2656 1748 2730 episcopi
1780 2671 2060 2730 exemplum
2100 2671 2225 2717 tale.-

50 2753 277 2803 videlicet
310 2752 554 2814 quomodo
582 2752 735 2811 Iudei
764 2753 815 2800 in
853 2752 1104 2800 hominum
1134 2753 1373 2799 memoria
1412 2753 1669 2814 quinquies
1713 2754 1992 2803 venerabile
2037 2767 2225 2803 saera—

16 2828 264 2889 *mentum
297 2839 594 2888 contumelia
632 2835 920 2897 affecerint:
957 2836 1126 2885 Primo
1163 2838 1214 2884 in
1267 2837 1584 2895 Vratislavia,
1623 2840 1820 2888 civitate
1857 2839 2089 2898 Schlesie‚
2128 2839 2225 2887 Se-

2 2885 215 2988 {cundo
250 2925 303 2973 in
335 2923 532 2973 Passau
573 2923 771 2972 civitate
807 2935 906 2971 non
938 2924 1083 2983 lonqe
1123 2936 1155 2970 a
1191 2921 1421 2971 Danubio
1452 2925 1642 2984 posita,
1692 2924 1855 2973 Tertio
1894 2926 1945 2973 in
1978 2924 2225 2973 Sternen-

5 3015 8 3018 ⁴
53 3007 198 3072 bera,
241 3008 428 3069 Quarto
465 3011 516 3057 in
550 3007 953 3068 Denclcendorffl
991 3014 1242 3070 postremo
1291 3009 1343 3055 in
1377 3008 1582 3057 Perlino
1626 3011 1826 3071 oppido.
1903 3011 1968 3058 Et
2002 3012 2227 3071 quamvis

50 3106 246 3158 semper
279 3097 381 3144 sint
414 3095 582 3156 i'qnitis
613 3093 895 3156 forcipibus
921 3107 1022 3155 per
1055 3106 1223 3142 omnes
1267 3095 1396 3142 vicos
1435 3095 1705 3153 lancinati,
1755 3097 1806 3143 in
1856 3096 2066 3144 verubus
2102 3097 2224 3154 tosti,

0 3206 8 3210 Ἀ
35 3179 127 3231 ‚ad
172 3184 313 3230 rotas
355 3181 509 3243 positi
545 3185 592 3228 et
626 3181 725 3228 vivi
758 3178 949 3239 defossi
984 3185 1131 3240 atque
1162 3179 1421 3240 combusti,
1467 3186 1679 3241 propter
1714 3193 1807 3240 que
1842 3183 2014 3230 merito
2048 3195 2225 3230 exem-

0 3255 9 3271 ⁴
104 3276 188 3315 um
221 3264 318 3315 sibi
350 3270 573 3325 eternum
608 3270 880 3325 sumerent,
930 3269 1094 3313 tamen
1140 3266 1443 3314 inculcatam
1491 3264 1587 3313 sibi
1632 3279 1697 3313 ex
1748 3267 1850 3314 suis
1893 3267 2033 3315 libris
2077 3274 2125 3315 et
2160 3280 2226 3314 ex

66 3339 100 3358 ⁶
139 3350 194 3400 la
235 3351 342 3401 alia
387 3363 547 3400 causa
592 3350 841 3412 deponere
885 3351 1140 3399 maliciam
1184 3363 1282 3398 non
1315 3356 1523 3411 possunt
1559 3363 1717 3410 neque
1750 3353 1932 3408 volunt.
2009 3351 2223 3412 Compa-

0 3496 8 3514 ἢ
86 3437 239 3486 anim·
261 3438 392 3486 enim
418 3437 526 3496 iani
547 3438 702 3497 sopito
727 3437 816 3496 qui
844 3440 898 3483 ut
934 3437 1110 3484 iterum
1147 3437 1504 3496 inflammatur,
1542 3437 1614 3483 sic
1650 3441 1698 3484 et
1733 3442 1911 3485 contra
1947 3449 2033 3484 nos
2058 3436 2223 3494 Iudei.

100 3532 181 3571 am
213 3521 286 3570 ad
316 3527 508 3583 tempus
545 3526 792 3588 cessantes
823 3521 1072 3582 paulatim
1099 3520 1235 3568 nobis
1260 3521 1638 3570 dormitantibus
1666 3521 1819 3581 falsis
1847 3523 1949 3571 suis
1975 3521 2225 3570 codicibus

52 3606 447 3656 remeenduntur
490 3613 538 3656 et
574 3607 630 3654 id
657 3606 856 3668 quidem
894 3606 1054 3653 indies
1089 3606 1249 3670 massis
1287 3618 1349 3653 ac
1385 3609 1545 3667 massis
1584 3608 1714 3656 nulli
1747 3609 1944 3666 malicie
1984 3606 2223 3663 diabolice

122 3696 329 3742 rcentes.
407 3691 449 3739 (ἱ
486 3692 725 3752 Preterea
752 3693 1088 3752 interroqatus
1112 3705 1220 3739 sum
1251 3691 1314 3739 ab
1349 3691 1523 3741 eadem
1559 3693 1716 3755 ipsius
1740 3692 2041 3742 Reverentia
2077 3698 2123 3738 et
2160 3689 2222 3737 ab

168 3903 202 3931 ¹³
234 3905 511 3947 decederose
547 3906 583 3944 1.
