2456 4264
159 265 231 322 12
785 284 1001 316 ADDENDA
1022 284 1083 313 AD
1104 284 1309 313 RVTTENI
1331 284 1431 314 OPP.
1455 284 1559 313 VOL.
1584 286 1637 313 11.

396 432 437 471 p,
477 416 544 459 82.
577 430 619 458 v.
654 415 720 456 13.
751 427 840 466 sq.:
862 410 1071 463 Christo)
1103 424 1294 465 erupero
1324 412 1447 453 hinc.
1479 412 1849 455 Latenchausa
1880 417 1950 454 est
1976 412 2191 455 valetudo

576 516 601 534 ,‚
654 485 742 528 15.:
775 486 855 525 aut
883 482 1142 523 Tiloninum
1171 482 1320 523 disces

579 587 607 605 ‚‚
660 554 747 598 16.:
780 553 860 595 sed
891 565 993 594 cras
1022 554 1130 606 puto

574 657 602 679 ‚,
655 626 742 669 17.:
776 624 963 666 cottidie
992 623 1137 664 uritur
1165 622 1394 664 Lutherus

578 728 602 746 ‚‚
656 694 745 739 18.:
778 694 929 738 audio.
988 693 1219 735 Caesarem
1251 694 1376 747 cogit
2307 708 2327 738 5

577 798 602 818 ‚,
651 766 742 811 27.:
773 765 1088 807 Lovanienses
1110 767 1198 806 -aut
1228 763 1526 805 Colonienses

579 870 607 890 ‚,
658 836 750 880 28.:
783 836 924 876 animi
953 835 1173 876 iudicium
1202 835 1401 888 pecunia

575 939 601 958 ,‚
655 908 746 951 31.:
780 905 1043 949 concredidi
1071 906 1366 959 sycophantae
1398 906 1470 946 illi

401 1011 427 1029 ‚‚
489 1012 520 1034 „
581 1011 608 1031 ‚‚
668 1010 695 1031 ‚‚
717 992 804 1032 sq.:
827 976 1077 1032 prodidisse
1096 990 1195 1017 eum
1212 977 1406 1029 galerito
1416 989 1511 1021 suo.
1535 977 1573 1018 Ο
1585 977 1822 1032 perfidiam
1837 976 1961 1018 haud
1977 975 2148 1017 inloco!
2170 976 2289 1016 hanc

491 1082 519 1103 ‚,
579 1081 605 1100 ‚‚
656 1049 748 1092 36.:
787 1048 858 1089 illi
888 1048 1134 1089 amicorum
1162 1048 1331 1101 ubique
1370 1048 1679 1103 receptaculis
1719 1048 1806 1101 (ita
1833 1050 2167 1103 persequuntur
2195 1044 2289 1101 illi)
2321 1051 2362 1084 10
2403 1046 2406 1049 “

790 1120 938 1162 foveo.

404 1223 433 1243 ,‚
473 1191 542 1233 83.
593 1223 619 1241 „
700 1191 762 1235 1.:
795 1203 930 1244 quam
959 1202 1009 1231 se
1039 1190 1324 1243 pecuniariis

604 1294 614 1314 ‚
694 1264 759 1304 2.:
790 1261 946 1316 legere
979 1260 1221 1315 epistolam
1250 1264 1395 1314 potes.

154 1422 230 1462 Ad
255 1422 333 1463 vol.
365 1419 433 1462 II.
466 1433 509 1471 p.
539 1421 614 1462 83.

174 1531 176 1533 >
210 1501 606 1557 (Anonn'romrff)
1062 1472 1379 1536 OOLXF‘·
1806 1501 1878 1557 (m.
1911 1502 2031 1556 ocr.)
2062 1515 2106 1546 A.
2142 1510 2236 1546 152¹.
2325 1518 2366 1552 15

824 1588 991 1630 OTHO
1029 1587 1345 1631 BRVNFELS
1384 1588 1621 1632 SAPIDO.

291 1739 460 1754 ......
479 1704 545 1751 Ab
571 1705 768 1752 Hutteno
806 1706 962 1751 literas
999 1705 1149 1767 accepi
1186 1706 1398 1751 hesterno
1424 1705 1510 1757 die,
1547 1707 1592 1751 in
1629 1707 1699 1752 his
1738 1707 1803 1752 sic
1838 1705 1998 1753 scribit
2032 1711 2084 1751 ut
2119 1704 2295 1751 iubeam

152 1779 266 1825 bene
292 1791 475 1838 sperare
509 1778 690 1827 amicos,
730 1791 831 1823 esse
868 1776 985 1821 enim
1020 1777 1067 1822 in
1105 1775 1282 1822 foribus
1318 1775 1471 1823 nescio
1498 1776 1619 1838 quid,
1657 1783 1794 1839 atque
1829 1779 2048 1824 instructa
2085 1775 2295 1837 praesidia

152 1850 315 1911 quibus
352 1848 631 1895 convellatur
668 1848 766 1894 haec
802 1847 1006 1908 tyrannis
1032 1861 1131 1907 quae
1168 1861 1290 1893 nunc
1325 1847 1495 1908 passim
1531 1855 1705 1908 regnat.
1778 1847 1901 1894 Hanc
1936 1847 2294 1895 consolationem

151 1920 233 1966 tibi
271 1920 551 1966 communico
590 1925 642 1964 ut
678 1925 723 1965 et
759 1920 856 1979 ipse
891 1917 1006 1964 bene
1043 1931 1213 1979 speres.
1251 1932 1352 1965 cum
1391 1918 1445 1965 ad
1470 1933 1694 1965 summum
1719 1918 1962 1965 excreverit
1996 1918 2180 1969 malitia,
2218 1931 2294 1963 ne·
2325 1938 2368 1971 20

150 2004 276 2038 cesse
313 1997 382 2037 est
426 1997 477 2036 ut
513 1990 689 2036 desinat
739 1989 930 2036 tandem.
1002 1989 1077 2035 Ait
1124 2002 1306 2050 quoque
1351 1991 1519 2036 arsisse
1554 1989 1739 2037 Lovanii
1774 1989 1946 2037 Erasmi
1993 1989 2295 2051 Paraphrases

152 2076 253 2109 cum
290 2075 454 2123 magno
492 2059 766 2123 spectaculo.
795 2051 878 2108 ect.
906 2065 992 2107 ect-

154 2198 353 2244 CCLX*.
384 2194 454 2240 Ex
473 2197 600 2242 MSS.
623 2198 743 2243 Bibl.
764 2198 987 2243 Seminar.
1007 2200 1208 2242 Protest.
1240 2198 1533 2253 Argentorat.
1566 2201 1739 2254 absque
1770 2199 2122 2254 subscriptione.
2152 2210 2294 2242 nsum.

152 2358 225 2399 Aa
251 2358 332 2399 vol.
361 2342 431 2401 Η.
461 2370 506 2411 p.
537 2358 604 2398 91.
636 2358 663 2399 i.
691 2358 727 2409 f·
878 2340 1514 2353 *-

210 2441 428 2495 (trrsvm.)
1041 2412 1390 2475 CCLXX*·
1764 2454 1809 2483 n.
1839 2447 1896 2485 25.
1927 2453 2029 2485 nnc.
2061 2452 2104 2484 A.
2138 2447 2237 2486 1521,
2324 2456 2366 2488 25

892 2528 1214 2571 ZVINGLIVS
1250 2526 1558 2571 RHENANO.

294 2679 468 2691 ......
490 2645 614 2690 Dono
654 2644 778 2691 misit
812 2646 919 2692 mihi
959 2632 1274 2707 superioribus
1321 2644 1482 2704 diebus
1513 2645 1605 2691 1011.
1641 2643 1893 2691 Frobenius
1927 2634 2112 2690 Hutteni
2147 2644 2297 2705 queri·

153 2716 365 2797 moniam,
403 2715 631 2833 haiam-inem
669 2716 965 2777 apostolicam
1003 2716 1156 2777 (bomo
1194 2717 1312 2764 enim
1349 2715 1471 2764 bulla
1498 2715 1601 2776 est).
1623 2723 1709 2762 ect.
1738 2731 1838 2778 quae
1875 2715 1930 2763 ad
1968 2713 2054 2762 alia
2091 2721 2299 2777 spectant

155 2787 357 2834 eiusdem
395 2799 421 2830 o
459 2801 589 2834 lcmae
617 2821 628 2831 .
652 2820 663 2832 .
684 2822 694 2831 .
713 2823 724 2834 .

561 2895 805 2940 ochx*.
834 2898 905 2955 Ex
934 2897 1062 2941 MSS.
1093 2898 1205 2941 bibl.
1236 2897 1455 2940 sletstad.
1488 2897 1718 2951 excerpsit
1748 2900 1890 2939 mun,
2324 2871 2367 2946 30'

222 3018 224 3020 ’
268 3023 304 3050 ¹⁷
333 3023 674 3078 querimoniam]
707 3025 820 3083 (ξῐαςς
850 3027 938 3070 nub
969 3026 1281 3084 notinmtung?
1312 3026 1400 3070 vol.
1432 3027 1515 3067 III.
1547 3040 1590 3080 p.
1622 3024 1706 3066 473
1737 3038 1835 3078 sqq.
1951 3022 1985 3051 ¹⁸
2016 3020 2161 3078 bulla]
2197 3036 2297 3064 cum

155 3095 348 3136 Hutteni
379 3094 573 3148 glossis?
601 3096 690 3139 vol.
722 3096 776 3139 V.
808 3110 851 3150 p.
883 3094 980 3140 301.
1012 3109 1110 3150 sqq.

155 3279 229 3320 Ad
256 3281 334 3321 vol.
366 3279 435 3322 II.
463 3293 510 3331 p.
545 3282 644 3321 113.
676 3292 795 3322 num,
829 3280 1156 3323 CCLXXVHI.
1189 3280 1497 3322 adnotandum
1529 3284 1621 3321 est:

265 3363 381 3404 ‘Hoc
413 3363 672 3417 epistolium
703 3365 760 3406 ad
792 3379 958 3407 annum
989 3365 1114 3408 1521.
1151 3366 1381 3420 pertinere
1423 3365 1640 3407 coniicio:
1682 3365 1722 3418 1)
1754 3366 1911 3407 latitat
1942 3365 2061 3406 enim
2091 3364 2296 3405 Bucerus

156 3427 274 3488 apud
292 3434 559 3475 Maternum
588 3434 840 3476 Hattenum
871 3436 1042 3490 Spirae,
1081 3440 1132 3477 ut
1169 3450 1225 3478 ex
1264 3437 1462 3491 epistola
1490 3437 1659 3478 Buceri
1698 3437 1741 3477 d.
1771 3435 1840 3479 30.
1870 3435 1971 3480 Ian.
2004 3449 2046 3480 a.
2082 3434 2203 3476 1521.
2237 3434 2296 3475 ad
2324 3448 2368 3481 35

154 3504 423 3559 Capitonem
454 3504 565 3546 data
594 3510 725 3559 patet
756 3511 892 3560 atque
925 3507 1073 3548 altera
1103 3507 1145 3548 d.
1178 3507 1220 3552 7.
1241 3508 1379 3551 Febr.
1413 3507 1616 3549 eiusdem
1646 3508 1756 3548 anni
1787 3507 1844 3548 ad
1876 3506 2082 3549 eundem.
2140 3505 2185 3558 2)
2216 3519 2297 3559 po-

154 3575 294 3617 stulat
322 3575 555 3617 Huttenus
584 3579 635 3616 ut
664 3579 804 3618 certis
845 3579 1126 3631 argumentis
1163 3579 1334 3620 rescire
1371 3578 1540 3632 possit,
1582 3578 1860 3619 Aleandrum
1898 3577 2041 3618 fuisse
2080 3576 2295 3621 Iudaeum,

151 3646 430 3688 Alcandrum
461 3646 581 3696 dico,
614 3647 662 3686 in
693 3660 825 3699 quem
855 3661 1009 3688 mense
1039 3649 1211 3690 Martio
1243 3649 1446 3690 eiusdem
1477 3649 1588 3689 anni
1618 3647 1739 3692 1521.
1771 3648 2059 3690 Invectivam
2079 3647 2127 3687 in
2146 3645 2295 3687 lucem

155 3717 319 3761 emisit.
380 3717 568 3771 Omnia,
600 3717 640 3758 si
671 3717 778 3770 quid
806 3718 960 3769 video,
992 3718 1111 3758 bene
1143 3719 1399 3771 quadrant.‘
1458 3732 1598 3762 BAUM.
