2456 4264
607 272 752 301 INDEX
771 271 931 301 EORVM
954 271 1056 306 QVAE
1078 271 1167 300 Hoc
1187 271 1428 300 VOLVMINE
1451 270 1794 302 CONTINENTVR.
2172 267 2287 308 XIII

2196 403 2276 443 Pag

259 477 354 510 cam
392 462 634 510 curandam
672 463 777 510 illos
815 462 994 525 publice
1032 462 1214 523 prodire
1252 468 1373 508 vetat
1411 469 1455 508 et
1494 462 1578 508 sub
1618 477 1724 509 cura
1764 475 1864 508 esse
1891 461 2033 510 iubet.

260 531 404 598 (Effeti
441 541 487 581 et
524 550 549 582 a
587 535 798 597 genuinis
835 534 946 596 Epp.
975 534 1024 580 Ο.
1054 533 1101 579 V.
1129 533 1382 580 aberrantis
1421 536 1590 595 ingenii
1628 533 1820 596 partuS.)

114 635 350 681 neuchnni
388 633 564 696 effigies
568 669 1512 682 ............
1538 608 1563 630 ⁶
1590 670 2037 682 ......
2234 639 2290 680 so

118 759 426 802 DEFENSIO
455 758 718 802 IOANNIS
745 757 1167 801 PEPERICORNI
1199 758 1435 801 CONTRA
1467 758 1756 801 FAMOSAS
1791 759 1878 799 ET
1915 759 2036 801 CRI-

454 831 747 874 MINALES
776 830 1193 874 OBSCVRORVM
1235 830 1525 872 VIRORVM
1556 830 1915 872 EPISTOLAS.
1948 837 2029 873 etc.
2092 823 2160 867 Sl·
2190 836 2290 882 sqq-

186 919 420 982 Epistola
457 921 790 983 Pepericorni
822 920 893 968 ad
929 919 1145 970 Leonem
1183 918 1284 967 PP.
1312 916 1382 967 X.
1412 923 1460 967 et
1499 918 1815 967 Cardinales.
1895 918 2032 966 Colo·
2217 971 2222 976 ,

455 1007 557 1056 nioe
594 1020 644 1056 a.
676 1011 819 1055 1516.
848 1020 913 1055 m.
941 1005 1095 1055 Iulio,
1184 1040 2023 1054 ..........
2139 1009 2210 1052 83.
2231 1009 2288 1051 84

186 1091 425 1142 Eiusdem
445 1092 875 1142 adHermannum
895 1093 1181 1155 principem
1203 1092 1465 1140 electorem
1485 1104 1564 1152 ep.
1582 1090 1803 1139 Colonioe
1825 1103 1875 1138 a.
1894 1087 2034 1138 1510.
2129 1095 2291 1138 84...88

186 1169 864 1241 Mandatum'Imperatoris
899 1178 1191 1228 secundum.
1270 1175 1506 1236 Rofereit
1543 1176 1593 1225 d.
1626 1181 1701 1224 10.
1731 1175 1858 1224 Nov.
1893 1180 2031 1224 1509.
2126 1180 2290 1223 88...90

185 1263 520 1327 Pepericorni
553 1267 792 1315 narratio
829 1266 893 1314 de
929 1265 1131 1326 neqotio
1168 1277 1201 1312 a
1237 1277 1290 1312 36
1327 1260 1674 1321 Francofurti
1708 1267 1841 1310 acto.
1931 1298 1943 1310 .
2023 1298 2034 1310 .
2130 1265 2290 1309 90...92

186 1351 471 1402 Commissio
507 1352 571 1400 ab
596 1351 916 1416 Imperatore
941 1351 1281 1415 Pepericorno
1319 1350 1461 1398 data.
1502 1349 1694 1398 Fiissen
1737 1342 2033 1425 [Faucibus]

451 1439 502 1488 a.
535 1444 580 1488 6.
609 1438 710 1489 Iul.
739 1453 790 1488 a.
820 1439 1018 1501 (1510.)
1024 1469 2028 1487 ............
2234 1437 2290 1479 92

183 1522 551 1588 Pepericornus
569 1524 995 1576 Reuchlinianam
1020 1507 1438 1574 consultationem
1462 1534 1564 1571 non
1589 1521 1777 1570 inlicite
1801 1533 1853 1568 se
1868 1520 2037 1582 publi-

451 1624 595 1662 casse
629 1613 841 1675 exponit
843 1642 2031 1662 ..............
2235 1609 2291 1652 93

186 1697 496 1748 Consultatio
531 1699 794 1761 utriusque
822 1698 1096 1758 facultatis
1123 1696 1454 1756 Coloniensis,
1496 1694 1688 1743 additis
1712 1694 1781 1742 ad
1807 1693 2034 1755 Impera-

450 1789 609 1835 torem
645 1786 826 1835 litteris
850 1786 1244 1848 Pepericornum
1282 1779 1760 1832 commendantibus,
1817 1778 2037 1829 Coloniae

452 1874 503 1923 d.
535 1877 612 1922 13.
638 1872 766 1922 Νου.
796 1885 846 1921 a.
878 1875 1020 1919 1510.
1123 1902 2051 1919 ...........
2144 1867 2214 1911 94.
2234 1868 2289 1910 95

189 1958 542 2008 Universitatis
565 1958 883 2019 Moountinoe
910 1956 1221 2006 Consultatio
1246 1957 1512 2016 utriusque
1530 1951 1822 2012 facultatis,
1854 1951 2035 1999 addita

454 2044 829 2094 Consultatione
870 2041 1146 2102 facultatis
1190 2043 1425 2091 iuridicoe
1472 2043 1522 2088 et
1559 2039 1629 2086 ad
1665 2037 2034 2099 Imperatorem

452 2130 848 2194 Pepericornum
873 2129 1255 2178 commendante
1279 2127 1510 2190 epistola.
1565 2123 1849 2185 Moountiae
1875 2123 1924 2171 d.
1956 2127 2031 2170 31.

455 2215 562 2266 Oct.
593 2230 642 2265 a.
675 2220 816 2264 1510.
919 2244 2033 2264 .............
2127 2213 2290 2257 05...99

187 2285 614 2354 Consultationem
651 2303 913 2363 utriusque
943 2298 1217 2361 facultatis
1256 2297 1655 2362 Erpltordiensis
1689 2294 2036 2358 superioribus

450 2387 764 2450 conformem
802 2400 921 2436 esse.
1011 2419 2030 2436 ............
2234 2386 2290 2427 99

184 2476 630 2538 Heidelberqenses
665 2474 1019 2526 consultarunt
1056 2474 1278 2523 aliarum
1304 2471 1690 2521 universitatum
1717 2469 1946 2518 doctores
1970 2470 2034 2518 si-

451 2564 557 2613 mul
592 2575 698 2611 esse
733 2560 1102 2611 convocandos,
1189 2596 1200 2608 .
1260 2545 1269 2553 ”
1280 2592 2026 2608 .........
2234 2559 2289 2601 09

185 2649 494 2700 Consultatio
530 2648 711 2699 Iacobi
744 2646 1102 2696 Hoclistraten.
1183 2645 1404 2694 Coloniae
1443 2645 1492 2693 d.
1524 2647 1567 2693 9.
1600 2642 1705 2693 Oct.
1735 2657 1786 2692 a.
1820 2647 1960 2691 1510.
2014 2679 2025 2691 .
2099 2644 2286 2689 99...101

187 2735 497 2786 Consultatio
543 2735 764 2785 Victoris
801 2735 864 2783 de
900 2732 1111 2784 Karben
1148 2732 1232 2781 hic
1271 2732 1471 2781 omissa.
1561 2765 1940 2779 .....
1991 2742 2002 2753 ·
2021 2765 2032 2776 .
2209 2731 2285 2772 101

187 2821 499 2872 Consultatio
523 2820 739 2870 Ioannis
763 2820 1015 2869 Reuchlin
1052 2833 1146 2868 cur
1182 2818 1265 2867 hic
1304 2819 1512 2878 omissa,
1554 2821 1602 2865 et
1641 2817 1704 2864 dc
1740 2829 1802 2864 ea
1829 2815 2033 2877 Peperi-

450 2909 602 2957 corni
633 2920 747 2956 cum
784 2906 1171 2968 archiepiscopo
1198 2904 1430 2966 Moyunt.
1459 2903 1793 2952 conversatio.
1836 2938 1848 2950 .
1928 2938 1939 2949 .
2019 2937 2031 2948 .
2074 2904 2289 2947 101...103

184 2993 572 3057 Archiepiscopi
595 2992 890 3055 Moquntini
915 2992 1099 3042 Urielis
1124 2992 1195 3040 ad
1221 2991 1470 3040 Caesarem
1496 2989 1707 3051 epistola
1735 2988 1784 3036 d.
1818 2991 1891 3035 29.
1925 2984 2032 3036 Oct.

452 3092 502 3128 a.
536 3082 675 3127 1510.
698 3091 798 3141 per
835 3077 1226 3141 Pepericornum
1264 3078 1430 3126 missa.
1555 3111 1565 3123 .
1647 3111 1658 3123 .
1738 3068 1760 3122 .'
1830 3110 1840 3121 .
1922 3110 1933 3121 .
2014 3110 2025 3121 .
2086 3076 2289 3120 103.104

184 3164 475 3227 Baldunqi,
517 3165 701 3228 Anyeli
734 3170 781 3214 et
822 3165 1061 3226 Greoorii
1094 3164 1399 3214 consultatio
1405 3196 2029 3211 ........
2072 3162 2287 3206 104...107

183 3251 524 3315 Ιηιρτιῃηαταν
566 3253 797 3314 exceptio
845 3234 1159 3300 Colonienses
1202 3249 1476 3299 Reuclzlini
1521 3247 1796 3297 Teutonica
1841 3246 2034 3307 scripta

446 3351 636 3400 parum
672 3337 991 3387 intellexisse.
1106 3367 2032 3386 ...........
2207 3334 2286 3376 107

185 3421 538 3473 Maximiliani
572 3423 790 3473 Ccesaris
836 3423 910 3471 ad
953 3422 1387 3485 archiepiscopum
1427 3420 1781 3482 Moquntinum
1827 3431 2033 3480 respon-

449 3523 556 3559 sum
594 3510 643 3558 d.
674 3510 727 3558 in
754 3509 996 3570 Friburq.
1030 3513 1102 3557 13.
1132 3508 1248 3557 Ian.
1278 3520 1327 3556 a.
1359 3507 1555 3568 (1511.)
1562 3539 2029 3554 ......
2205 3505 2286 3546 108

184 3593 557 3660 Pepericornus
594 3609 689 3645 cur
727 3594 975 3644 Manuale
1010 3594 1268 3656 speculum
1307 3593 1541 3641 ediderit.
1646 3627 2022 3639 .....
2086 3590 2285 3633 108100

185 3679 572 3743 Archiepiscopi
594 3681 889 3743 Moountini
911 3681 982 3729 ad
1001 3681 1249 3730 Caesarem
1275 3680 1459 3727 litteroe
1486 3679 1536 3726 d.
1564 3682 1638 3725 23.
1661 3676 1787 3738 Apr.
1812 3690 1859 3724 a.
1892 3681 2025 3723 1511.
2090 3677 2182 3719 100.
2208 3676 2286 3717 110

185 3764 260 3813 De
283 3765 500 3829 Speculo
527 3768 732 3816 oculari
758 3772 806 3815 et
844 3767 907 3815 de
933 3766 1273 3828 Pepericorno
1313 3778 1344 3812 a
1372 3764 1563 3813 Iudoeis
1587 3762 1808 3811 ludibrio
1834 3762 2021 3809 habito.
2084 3763 2177 3803 110.
2205 3761 2273 3801 111

186 3849 332 3901 Notce
368 3851 714 3914 Pepericorni.
829 3882 2025 3902 ..............
2073 3846 2282 3890 112...115

187 3934 458 3986 Reuclzlini
480 3939 551 3986 ad
567 3938 847 3987 Arnoldum
874 3939 936 3987 de
959 3937 1215 3999 Tunqaris
1240 3937 1455 3998 epistula
1483 3936 1533 3983 d.
1567 3939 1643 3981 28.
1673 3934 1778 3981 Oct.
1809 3946 1856 3979 a.
1896 3935 2025 3977 1511.
2074 3931 2280 3974 115...117
