2456 4264
237 262 353 319 194
822 281 1059 310 EPISTOLAE
1082 281 1390 309 OBSCVRORVM
1410 279 1621 308 VIRORVM
1645 277 1809 306 NOVAE.-

1278 488 1325 546 6.

669 615 708 660 (1
754 589 1130 683 Magister
1177 600 1596 663 Cornelius
1646 592 1951 660 Stor'ati

971 714 1311 782 Magistro
1352 712 1637 765 Ortvino
1789 713 1798 718 ’

1036 813 1249 862 Salutem
1290 812 1573 862 Plurimam.

369 915 647 964 Secundum
687 913 927 978 postulata
970 918 1124 961 vestra
1166 927 1259 974 que
1298 911 1494 959 misistis
1531 909 1651 958 mihi
1689 909 1736 957 in
1762 908 1956 964 urbem,
1996 907 2192 971 quando
2218 906 2417 955 adhuc⁵

227 1000 293 1048 sui
323 998 464 1062 Curie
492 998 725 1061 Romane,
768 997 896 1061 quod
936 996 1091 1045 debeo
1131 996 1268 1044 vobis
1307 994 1633 1043 articulariter
1672 993 1965 1055 significare,
2005 991 2252 1056 quomodo
2291 997 2384 1040 stat

226 1084 484 1146 negocium
524 1084 570 1130 iu
612 1098 756 1131 causa
795 1081 920 1138 fidei,
961 1082 1086 1130 inter
1128 1095 1211 1128 vos
1250 1085 1297 1128 et
1335 1079 1455 1128 alios
1490 1077 1770 1140 Theologos
1806 1083 1849 1126 et
1886 1075 2154 1125 Iohannem
2189 1074 2384 1124 Reueh-

226 1167 315 1215 lin:
357 1167 615 1216 advertatis
654 1181 796 1229 rogo:
839 1179 930 1228 ego
968 1167 1033 1213 ita
1074 1164 1298 1214 celeriter
1336 1163 1463 1212 abivi
1502 1162 1632 1227 quod
1673 1176 1770 1210 non
1809 1161 1945 1224 potui
1983 1159 2204 1210 scribere
2228 1173 2410 1208 unum.
2450 1195 2456 1200 Δ

227 1252 452 1300 verbum.-
523 1251 583 1299 Et
629 1251 864 1314 proposui
913 1249 1055 1306 mihi,
1105 1249 1232 1313 quod
1275 1264 1364 1312 ego
1405 1246 1512 1296 volo
1553 1245 1688 1295 vobis
1727 1244 1949 1294 scribere
1988 1260 2046 1293 ex
2083 1244 2296 1309 poetria,
2337 1250 2384 1292 et

227 1350 317 1398 ego
358 1350 487 1384 nunc
525 1335 664 1383 facio.
742 1334 871 1398 Ergo
912 1334 1072 1382 sciatis
1111 1333 1241 1397 quod
1279 1332 1474 1397 quando
1514 1345 1605 1394 ego
1645 1331 1711 1379 fui
1748 1329 1917 1393 Rome,
1957 1334 2075 1378 tunc
2113 1343 2211 1377 non
2250 1327 2456 1398 benerei

226 1420 378 1475 stetit,
432 1418 565 1467 valde
613 1418 770 1467 doleo.
846 1418 967 1467 Nam
1020 1418 1250 1480 magister
1297 1423 1466 1467 noster
1503 1415 1710 1465 lacobus
1760 1415 1819 1463 de
1857 1413 2185 1463 Hoclistraten
2225 1412 2383 1462 estin
2440 1434 2456 1439 -

227 1518 401 1566 magna
439 1508 741 1567 paupertate.
818 1502 924 1551 Non
963 1502 1154 1551 habetis
1191 1501 1536 1551 verecundiam
1576 1515 1661 1549 vos
1687 1498 1939 1562 Theologi,
1980 1497 2112 1562 quod
2149 1511 2246 1545 non
2275 1496 2383 1545 mit·
2442 1519 2456 1543 ¹r.

224 1588 322 1635 titis
361 1588 403 1636 ei
441 1587 732 1650 pecuniam?
784 1586 877 1634 Vos
927 1586 1067 1636 vultis
1116 1586 1347 1650 expedire
1399 1584 1668 1648 magnalia,
1719 1589 1767 1633 et
1817 1597 1914 1632 non
1952 1581 2096 1631 vultis
2134 1595 2384 1646 exponere
2422 1579 2456 1651 5

229 1673 503 1735 pecuniam.
582 1670 786 1719 Creditis
827 1671 954 1734 quod
996 1672 1064 1719 sic
1106 1676 1178 1720 est
1216 1670 1527 1720 faciendum?
1576 1667 1783 1727 Quando
1820 1667 1899 1716 ille
1946 1668 2179 1730 magister
2218 1671 2383 1716 noster
2436 1665 2456 1737 f}-

229 1757 423 1804 intravit
460 1755 664 1803 Romam
707 1770 816 1802 cum
859 1754 1052 1804 duobus
1087 1754 1161 1803 vel
1200 1754 1356 1804 tribus
1395 1754 1547 1819 equiS,
1587 1751 1776 1802 habens
1815 1752 2074 1816 pecuniam
2113 1752 2160 1799 in
2199 1749 2377 1807 hanon,
2401 1748 2456 1823 ιξῑ

226 1846 273 1888 et
311 1840 432 1888 dans
460 1841 707 1903 propinas,
748 1844 865 1887 tunc
892 1839 1132 1888 Curtisani
1171 1838 1307 1888 valde
1345 1839 1714 1887 honoraverunt
1750 1837 1926 1901 ipsum.
2002 1835 2063 1884 Et
2100 1835 2220 1884 dixit
2254 1849 2382 1885 unus
2432 1835 2456 1857 ²

224 1925 281 1973 ad
323 1923 497 1972 alium:
557 1923 691 1979 Quis
731 1928 803 1972 est
839 1924 972 1972 iste?
1022 1922 1294 1987 Respondit
1330 1922 1476 1971 alius:
1532 1921 1657 1985 ‘Ipse
1704 1927 1776 1971 est
1811 1935 1940 1970 unus
1978 1920 2160 1969 Doctor
2199 1919 2259 1968 de
2300 1917 2380 1968 Al·
2437 1901 2446 1965 ζ

224 2009 407 2064 mania,
448 2009 515 2056 ita
554 2006 778 2055 notabilis
816 2008 941 2055 sicut
980 2014 1053 2056 est
1092 2006 1336 2070 possibile,
1378 2013 1422 2056 et
1462 2011 1536 2056 est
1573 2005 1899 2070 speculativus
1938 2010 1986 2053 et
2023 2002 2380 2067 argumentil'ex

222 2093 508 2156 singulariS‚
550 2092 680 2154 quod
719 2106 815 2139 non
857 2091 1003 2140 habet
1041 2091 1265 2141 similem.
1342 2091 1451 2154 lpse
1498 2089 1647 2139 habet
1694 2089 1775 2139 hic
1812 2088 2017 2138 Causam
2056 2089 2167 2138 fidei
2208 2094 2376 2137 contra
2434 2101 2456 2140 ἰ.

224 2192 372 2225 unum
413 2176 638 2225 luristam
677 2175 980 2239 secularem'.
1058 2177 1197 2225 Tunc
1238 2175 1479 2225 Curtisani
1527 2174 1848 2226 laudaverunt
1894 2189 2004 2224 eum
2057 2178 2105 2222 et
2152 2188 2267 2238 sepe
2306 2171 2437 2242 di-a'

222 2267 400 2310 xerunt
438 2260 579 2309 mihi:
634 2261 854 2309 ‘Domine
893 2260 1114 2317 Corneli,
1170 2260 1510 2309 commendate
1561 2275 1638 2309 me
1688 2259 1802 2308 huic
1851 2257 2056 2307 notabili
2093 2255 2376 2322 Theologo'.
2427 2271 2432 2324 j

222 2347 437 2395 Protunc
477 2344 647 2393 habuit
685 2345 925 2402 fautoreS,
977 2351 1025 2395 et
1063 2346 1217 2395 Causa
1265 2359 1350 2394 sua
1400 2344 1528 2394 hene
1565 2344 1710 2393 stetit.
1786 2342 1928 2392 Nunc
1965 2340 2378 2392 autemderelin·
2425 2340 2446 2411 ff

223 2431 366 2492 quitis
406 2445 516 2478 eum
557 2444 655 2477 non
695 2431 941 2479 mittentes
980 2431 1023 2479 ei
1062 2431 1177 2479 satis
1215 2429 1274 2478 de
1322 2430 1542 2492 pecunia.
1616 2427 1722 2491 Ego
1770 2425 1923 2478 semel
1970 2427 2039 2475 sui
2085 2427 2135 2474 in
2175 2425 2376 2476 Camera
2407 2412 2437 2496 ε’

220 2597 396 2646 lorum.
474 2598 532 2646 Et
568 2600 671 2662 ipse
712 2599 878 2648 videns
917 2598 1046 2663 quod
1088 2612 1178 2661 ego
1218 2598 1336 2655 vidi,
1387 2596 1611 2660 allegavit
1656 2598 1950 2666 scripturam
1999 2595 2192 2645 dicens:
2243 2595 2430 2650 ‘Ani-<a

221 2681 362 2730 maiia
404 2688 482 2731 tua
521 2682 810 2731 habitabunt
847 2683 893 2730 in
936 2699 1019 2732 ea:
1068 2684 1252 2746 parasti
1300 2684 1347 2731 in
1388 2681 1645 2732 dulcedine
1682 2688 1764 2732 tua
1803 2681 2035 2746 pauperi,
2090 2678 2240 2730 deus’.
2315 2678 2377 2728 Et

219 2767 398 2815 iterum
446 2766 562 2815 dixit
616 2766 908 2816 ‘Tabescere
957 2782 1034 2816 me
1073 2767 1187 2816 fecit
1224 2766 1358 2816 zelus
1396 2767 1567 2816 meus'.
1643 2767 1747 2829 Ego
1797 2772 1960 2816 autem
2012 2781 2069 2814 ex
2118 2765 2373 2814 commise-

220 2852 405 2899 ratione
443 2851 566 2901 ssevi.
643 2851 840 2901 Debetis
879 2867 996 2915 ergo
1036 2867 1143 2901 esse
1181 2867 1272 2917 pro
1313 2868 1396 2909 eo,
1446 2851 1576 2917 quod
1624 2856 1788 2900 tamen
1826 2850 2005 2899 fratres
2042 2849 2374 2919 predicatores

221 2935 413 2982 mittant
451 2936 493 2983 ei
531 2936 805 2998 pecuniam.
883 2936 933 2985 Si
983 2936 1151 2985 dicunt
1189 2937 1318 3000 quod
1360 2951 1456 2984 non
1497 2935 1701 2994 habent,
1757 2940 1873 2984 tunc
1911 2935 2091 2984 dicatis
2123 2933 2254 2998 quod
2293 2947 2371 2982 ac·
2404 2967 2408 2969 -

221 3019 398 3081 cipiant
436 3020 494 3067 de
533 3019 627 3076 illa,
668 3036 816 3086 quam
855 3019 1160 3084 collegerunt
1199 3036 1257 3069 ex
1295 3020 1632 3085 indulgentiis:
1674 3021 1786 3084 quia
1836 3024 1910 3068 est
1959 3033 2105 3068 causa
2141 3018 2284 3074 fidei,
2323 3021 2425 3069 etat

221 3116 313 3164 que
363 3104 687 3167 impetrantur
735 3106 783 3153 in
830 3103 908 3154 illa
959 3119 1128 3163 causa,
1179 3106 1508 3169 impetrantur
1557 3119 1647 3169 pro
1685 3104 1781 3154 fide
1821 3103 2108 3154 Christiana.
2186 3100 2405 3152 Valete.‘

219 3185 393 3233 Datum
431 3187 662 3251 Auguste.

328 3409 345 3435 ²
375 3411 433 3451 M.
458 3413 495 3450 4.
510 3415 550 3453 5.
638 3410 654 3434 3
684 3412 745 3451 M.
771 3416 861 3453 4.5.
951 3412 968 3438 4
1000 3414 1098 3454 Plu.
1124 3417 1164 3455 4.
1199 3413 1336 3455 Pluri.
1361 3418 1399 3454 5.
1489 3413 1505 3438 5
1536 3414 1773 3454 Ecundum
1794 3417 1834 3453 5.
1866 3414 2021 3453 initiali
2041 3411 2070 3452 S
2091 3413 2240 3453 relicto
2262 3415 2365 3453 loeo.
2455 3452 2456 3457 ,

217 3479 358 3519 michi
389 3484 427 3519 5.
518 3479 534 3504 ⁶
567 3480 701 3533 Curie
732 3485 771 3521 4.
806 3482 942 3523 Curie
975 3488 1014 3523 5.
1123 3484 1139 3508 ⁷
1169 3485 1407 3537 negotium
1437 3489 1476 3525 5.
1586 3484 1602 3510 8
1635 3515 1645 3524 .
1669 3484 1936 3524 Aduertatis
1966 3483 2110 3535 Rogo.
2142 3483 2242 3535 Ego
2274 3484 2313 3524 4.
2328 3484 2366 3523 5.

217 3549 233 3573 ⁹
273 3550 411 3589 michi
443 3554 481 3589 5.
609 3549 638 3574 ¹¹
683 3552 975 3592 hochstraten
1008 3556 1046 3593 4.
1174 3552 1209 3579 14
1248 3553 1460 3594 Credatis
1492 3559 1531 3594 5.
1660 3555 1728 3594 sic
1769 3556 1882 3594 omis.
1914 3557 1955 3592 5.
2081 3551 2116 3577 ¹5
2152 3553 2294 3605 Equis
2324 3553 2364 3592 4.

217 3618 253 3644 ¹⁷
286 3620 456 3659 alium?
487 3623 527 3659 5.
616 3619 647 3644 ²¹
684 3622 822 3661 miehi
854 3626 893 3664 5.
981 3623 1217 3676 Theologo
1248 3628 1390 3674 &tunc
1424 3626 1463 3663 4.
1496 3623 1732 3676 Theologo
1762 3626 1952 3675 pzotune
1984 3626 2024 3662 5.
2065 3664 2068 3666 ,
2113 3620 2149 3648 ²³
2181 3623 2364 3662 mitten-

216 3690 276 3730 tis
308 3694 346 3729 5.
435 3688 472 3714 ²⁶
507 3689 718 3730 ‚Parasti
748 3694 786 3730 5.
876 3689 912 3715 ²⁷
943 3692 1228 3733 Thabescere
1261 3698 1299 3735 5.
1389 3691 1425 3717 ³⁰
1456 3693 1548 3742 ‹sz
1581 3695 1620 3732 4.
1654 3693 1774 3742 Quia.
1806 3697 1845 3732 5.
1935 3691 1972 3718 ³²
2001 3705 2042 3745 q.
2076 3694 2116 3735 4.
2151 3705 2189 3733 e.
2221 3695 2261 3732 5.

2443 4098 2446 4132 l
