2456 4264
92 1578 190 1634 ΒΨ

202 217 321 275 104
503 239 597 268 ῐοΑ.
622 238 934 267 PEPERICORNI
956 236 1185 265 nst-susm
1209 235 1389 264 com-BA
1411 234 1620 263 muosms
1644 235 1686 263 o.
1709 235 1752 263 v.
1774 232 2043 262 nmsrous.

198 372 301 419 Sed
336 373 380 419 si
412 373 463 418 in
498 382 583 417 suo
619 381 791 416 errore
824 372 872 415 et
906 367 1133 427 opinione
1168 378 1497 427 perseverare
1533 365 1704 422 velint,
1751 368 1867 411 tunc
1903 364 2044 411 decet
2083 362 2348 421 Cesaream

200 458 499 503 maiestatem
545 454 670 501 dare
706 464 909 512 operam
952 451 1021 508 (si
1052 451 1174 498 tales
1209 450 1327 498 libri
1360 450 1526 508 aliquo
1551 452 1708 508 pacto
1743 448 1883 495 utiles
1918 448 2345 507 existimarentur)

201 545 255 587 ut
285 540 595 599 deponantur
619 548 776 596 penes
814 534 1117 582 Christianos
1149 536 1395 594 prelatos,
1446 532 1579 592 quod
1611 532 1656 578 si
1686 532 1903 585 inutiles,
1952 537 2006 579 ut
2040 533 2275 579 tollantur
2304 537 2351 578 et

200 623 566 671 comburantur.
650 617 857 664 Tantum
897 623 969 665 est
1010 618 1144 677 quod
1175 631 1241 665 ex
1285 618 1376 665 hoc
1407 618 1606 675 neqocio
1642 628 1826 675 capere
1853 627 2077 675 possum,
2130 629 2222 663 nec
2253 616 2351 662 im-

198 706 450 767 peratorie
480 703 725 750 maiestati
754 707 960 749 mentem
996 714 1155 749 meam
1189 703 1379 756 celare,
1419 700 1667 748 humiliter
1699 711 1886 758 roqans
1914 703 2049 746 tuam
2087 699 2351 758 Cesaream
2369 718 2388 749 5

201 791 526 840 maiestatem,
574 791 628 835 ut
662 786 913 834 Serenitas
950 789 1035 832 tua
1074 786 1187 833 velit
1220 784 1524 843 deliberare,
1571 788 1619 831 et
1665 795 1759 843 quo
1806 784 2060 843 neyocium
2097 783 2188 831 hoc
2221 785 2354 830 iam-

203 874 390 921 dudum
440 875 685 932 inceptum
722 872 1022 931 perficiatur
1065 883 1156 917 nec
1200 870 1467 917 omittatur.
1543 869 1594 915 in
1642 867 1734 916 hoc
1772 867 1984 927 factura
2033 873 2106 915 est
2141 867 2354 926 Cesarea

202 959 431 1005 maiestas
463 969 567 1004 rem
617 956 707 1003 deo
747 955 1107 1015 gratissimam,
1156 966 1218 1001 ac
1262 965 1502 1001 summum
1547 952 1779 1000 honorem
1820 958 2184 1012 consequutura
2218 952 2358 1014 apud

206 1042 535 1089 Christianum
578 1042 829 1101 populum.
904 1039 1087 1086 Datum
1127 1038 1209 1086 die
1253 1037 1435 1085 Martis
1476 1042 1592 1098 post
1630 1035 1815 1096 festum
1866 1035 2076 1085 Simonis
2119 1041 2166 1085 et
2209 1036 2353 1095 Iude.

203 1125 346 1173 Anno
366 1162 379 1185 ,ι
397 1130 445 1173 et
465 1139 508 1173 c.
544 1125 748 1172 decimo.
2373 1139 2412 1171 ιο

1138 1191 1238 1251 Tue
1275 1192 1480 1251 Cesaree
1513 1193 1782 1239 maiestatis

1132 1277 1360 1325 obediens
1388 1281 1436 1323 et
1465 1276 1686 1323 subditus

1223 1360 1359 1409 Uriel
1394 1361 1796 1422 archiepiscopus
1832 1359 2166 1420 Moyuntinus,

1219 1459 1282 1493 ac
1309 1447 1489 1494 elector
1526 1446 1740 1507 imperii.
2243 1440 2266 1512 ΙΙ

348 1575 610 1635 Postquam
646 1574 857 1632 Cesarea
903 1576 1135 1621 maiestas
1172 1572 1591 1621 Reverendissimi
1626 1574 1678 1620 in
1726 1571 1917 1620 Christo
1955 1574 2119 1634 patris
2157 1586 2219 1620 ac
2264 1572 2361 1620 do-
2381 1584 2418 1615 15

206 1660 329 1706 mini
363 1658 718 1719 archipresulis
748 1658 1031 1717 Moyuntini
1063 1659 1234 1706 literas
1270 1663 1318 1705 et
1353 1658 1609 1710 consitium
1642 1657 1856 1715 audivit,
1894 1665 2006 1705 erat
2037 1671 2130 1705 sua
2166 1658 2363 1705 sereni-

208 1748 284 1790 tas
321 1745 497 1804 optime
545 1745 785 1791 inclinata
833 1743 1013 1791 audire
1056 1744 1277 1812 reliquas
1314 1743 1716 1800 consultationes,
1770 1742 1861 1790 sed
1895 1746 2109 1804 propter
2145 1742 2364 1801 inqentia

208 1840 271 1874 ac
305 1827 539 1875 notabilia
580 1829 784 1887 neeocia
820 1828 1036 1887 Cesarea
1074 1829 1305 1876 maiestas
1353 1829 1517 1887 leqere
1556 1829 1631 1876 vel
1676 1827 1855 1876 audire
1894 1828 1946 1875 in
1985 1827 2204 1888 propria
2237 1839 2364 1887 per-

207 1925 328 1959 sona
363 1913 602 1972 nequivit:
613 1968 619 1974 ‚¹
636 1918 799 1961 tamen
830 1921 884 1961 ut
918 1912 1125 1961 haberet
1156 1914 1234 1960 rei
1264 1914 1531 1971 veritatem,
1566 1912 1818 1960 ordinavit
1852 1911 1925 1959 ad
1955 1911 2047 1960 hoc
2082 1917 2181 1959 tres
2217 1918 2366 1959 nota-

206 1997 324 2044 biles
348 2010 409 2045 ac
447 1997 565 2045 bene
594 1992 758 2045 doctos
786 1998 926 2058 viros,
963 2000 1033 2046 eis
1068 1998 1316 2046 mandans
1349 2003 1399 2047 et
1429 1998 1726 2047 committens
1756 2002 1810 2045 ut
1838 2009 2043 2044 causam
2077 1996 2210 2045 hanc
2245 1996 2363 2044 bene
2379 2009 2426 2042 20.

208 2082 561 2134 examinarent
594 2086 642 2128 et
669 2083 1065 2143 perpenderent,
1113 2096 1176 2131 ac
1214 2083 1407 2131 demum
1447 2081 1801 2131 concluderent
1833 2094 2016 2142 easque
2050 2095 2137 2140 sue
2171 2082 2367 2130 sereni-

211 2168 300 2214 tati
335 2168 532 2228 scriptis
567 2168 835 2226 mitterent,
882 2169 1015 2228 quod
1049 2169 1121 2216 sic
1157 2172 1321 2236 actum
1357 2172 1445 2215 est.
1521 2167 1650 2214 Nam
1687 2167 1764 2215 illi
1794 2172 1894 2215 tres
1929 2165 2232 2215 venerabiles
2270 2166 2367 2213 do-

211 2253 357 2311 mini,
410 2264 618 2312 quorum
638 2253 839 2312 primus
867 2251 974 2311 fuit
1009 2253 1180 2300 doctor
1217 2251 1460 2312 Baldunq
1491 2253 1697 2310 Cesaree
1733 2251 2002 2299 maiestatis
2038 2251 2367 2309 consiliariuS,

212 2336 470 2385 Secundus
506 2336 731 2384 dominus
768 2321 986 2396 Anyelus
1022 2338 1280 2396 utriusque
1326 2337 1451 2384 iuris
1490 2336 1660 2384 doctor
1705 2337 1757 2383 in
1795 2336 2111 2384 universitate
2147 2334 2370 2382 Fribur—

208 2422 353 2480 pensi
363 2456 374 2479 ,
422 2419 611 2482 Tertius
647 2426 809 2469 autem
846 2422 1043 2470 devotus
1080 2427 1227 2481 pater
1267 2421 1507 2469 dominus
1532 2419 1799 2479 Greqorius
1828 2421 1975 2481 prior
2011 2421 2062 2467 in
2102 2419 2366 2468 Carthusia
2383 2433 2452 2467 2⁵*

208 2516 367 2565 prope
403 2504 731 2564 Friburqum,
770 2506 857 2565 qui
888 2505 1227 2565 Marqaritam
1251 2504 1649 2567 philosophicam
1685 2505 1979 2564 composuit,
2023 2505 2095 2551 ad
2128 2503 2221 2552 hoc
2257 2509 2374 2552 sunt

216 2588 456 2649 ordinati,
503 2590 587 2636 cui
624 2589 837 2648 Cesarea
885 2591 1115 2637 maiestas
1150 2596 1321 2651 preter
1354 2595 1540 2638 ceteros
1570 2572 1790 2637 maxime
1823 2589 2112 2648 considebat.
2188 2588 2241 2636 hi
2275 2589 2371 2636 do-

216 2677 374 2720 ctores
406 2674 731 2734 inspexerunt
765 2679 814 2721 et
847 2676 1262 2722 examinaverunt
1298 2675 1368 2723 ad
1400 2675 1634 2722 amussim
1671 2686 1837 2722 omnes
1871 2675 2279 2742 consultationes,
2325 2678 2374 2721 et

218 2756 591 2818 archiepiscopo
637 2765 784 2818 atque
828 2760 949 2819 ipsis
985 2759 1384 2807 universitatibus
1427 2763 1477 2807 et
1523 2758 1736 2818 heretice
1777 2759 2043 2819 pravitatis
2096 2760 2375 2819 inquisitori

210 2843 410 2902 penitus
444 2842 770 2914 adheserunt,
803 2848 855 2891 ut
890 2843 971 2892 hic
1002 2845 1054 2891 in
1081 2844 1389 2904 sequentibus
1413 2849 1567 2905 patet.
2383 2854 2427 2888 30

359 2982 676 3032 Serenis'sime
724 2983 1034 3033 invictissime
1077 2987 1373 3046 imperator,
1416 2985 1741 3033 illustrissime
1785 2985 2024 3046 princeps
2057 2997 2121 3033 ac
2156 2986 2373 3032 clemen-

218 3069 397 3114 tissime
436 3068 641 3116 domine.
707 3068 770 3115 In
805 3071 1005 3129 neqocio
1040 3070 1189 3118 libros
1214 3069 1483 3128 Iudeorum
1516 3074 1767 3130 tanyente,
1813 3068 1989 3118 Utrum.
2015 3069 2166 3118 libros
2201 3069 2374 3129 quibus

221 3154 398 3199 nostris
432 3157 634 3200 utuntur
681 3155 998 3216 temporibus,
1047 3156 1264 3216 exceptis
1300 3154 1439 3202 libris
1469 3154 1653 3216 Moysi,
1687 3155 2054 3216 prophetarum
2101 3167 2164 3202 ac
2200 3151 2373 3201 veteris

221 3238 513 3296 testamenti,
551 3238 613 3284 ab
648 3240 717 3285 eis
755 3241 923 3288 tollere
958 3240 1022 3286 sit
1056 3240 1295 3298 deificum,
1336 3239 1603 3294 laudabile,
1638 3252 1700 3286 ac
1734 3240 1855 3291 fidei
1884 3244 2047 3298 nostre
2080 3253 2224 3298 sacre
2242 3251 2373 3299 pro-

216 3322 425 3380 ficuum,
459 3321 673 3383 Insuper
710 3323 882 3383 quibus
917 3324 1005 3371 viis
1039 3338 1099 3372 ac
1131 3323 1303 3372 mediis
1340 3325 1390 3371 in
1426 3326 1627 3384 neqocio
1664 3325 1756 3372 hoc
1782 3324 2157 3385 procedendum
2191 3325 2274 3383 sit,
2319 3327 2372 3370 ut
2386 3332 2428 3366 35

222 3405 294 3451 ad
342 3406 612 3453 salutarem
653 3409 803 3465 linem
844 3410 1195 3469 perveniatur:
1249 3408 1333 3455 Ea:
1374 3411 1707 3457 commissione
1756 3410 2069 3470 imperatorie
2109 3409 2376 3456 maiestatis

224 3494 378 3547 vestre
424 3503 510 3537 nos
546 3491 620 3538 uti
656 3493 760 3539 veri
798 3493 1073 3541 obedientes
1110 3499 1171 3541 a‘c
1206 3493 1392 3541 subditi
1421 3494 1638 3542 eiusdem
1675 3494 1873 3554 imperii
1901 3494 2170 3541 maiestatis
2203 3498 2372 3550 vestre,

223 3574 473 3633 sinqulari
494 3573 767 3638 diliyentia,
804 3578 963 3625 studio
987 3579 1343 3626 ruminavimus
1368 3583 1514 3638 atque
1543 3579 1962 3638 pensiculavimus
1987 3579 2240 3638 neyocium
2268 3577 2373 3634 hoc,

223 3659 642 3707 consideravimus
680 3665 913 3720 preterea
953 3664 1157 3710 consilia
1194 3661 1609 3710 Reverendissimi
1655 3663 1705 3708 in
1751 3661 1941 3709 Christo
1972 3664 2141 3724 patris
2181 3675 2243 3710 ac
2279 3662 2374 3709 do-

224 3743 347 3790 mini
366 3741 552 3814 domini
579 3743 756 3792 Urielis
781 3745 1151 3806 Archiepiscopi
1172 3746 1576 3805 Moquntinensis.
1606 3750 1654 3794 et
1674 3759 1715 3793 c.
1754 3747 1978 3794 similiter
2002 3748 2371 3795 universitatum
2386 3755 2428 3790 ιο

229 3826 524 3875 Coloniensis
573 3842 634 3877 ac
664 3829 1064 3890 Moquntinensis.
1098 3837 1209 3877 etc.
1256 3843 1443 3878 necnon
1478 3832 1688 3879 aliorum
1726 3831 1976 3880 doctorum
2010 3844 2072 3879 ac
2099 3832 2374 3892 peritorum
