2456 4264
259 269 378 325 368
650 287 1035 320 LAMENTATIONES
1059 292 1361 322 OBSCVRORVM
1383 293 1823 330 REVCHLINISTARYM
1843 294 1990 323 NOVAE.

254 430 352 471 tum
391 424 833 471 jureconsultorum
868 423 1070 482 scriptis
1107 436 1137 468 a
1174 423 1359 470 leuibus
1396 422 1690 482 quibusdam
1726 437 1788 471 ac
1814 437 2054 484 perverse
2089 426 2264 472 mentis
2299 425 2383 472 ho-

254 507 462 554 minibus
499 508 911 567 anteponuntur).
990 505 1171 561 Quibus
1209 508 1420 566 auditis,
1462 520 1554 567 690
1591 511 1718 555 totus
2023 552 2028 556 .

586 592 834 651 obstupui,
875 594 1207 650 steteruntque
1243 605 1376 649 come
1413 596 1460 638 et
1493 604 1594 639 vose
1623 589 1864 649 faucibus
1898 592 2038 641 hesit.

263 676 301 723 V
307 676 409 734 ale,
450 677 519 722 mi
553 675 783 736 Loripes‚
838 679 885 721 et
921 675 1174 734 theoloqos
1208 689 1402 736 semper
1431 673 1586 735 fuqe,
1636 689 1699 723 ne
1733 678 1841 734 ceci
1872 677 2027 725 visum
2058 679 2379 739 recipiamus.

253 760 535 820 Moquntie,
576 773 641 807 ex
679 760 822 807 domo
860 760 1078 819 quadam
1115 761 1303 819 insiqni
1336 761 1423 807 cui
1455 773 1639 818 corone
1674 773 1867 808 nomen.
1992 779 1995 782 ·
2397 776 2418 808 5

1294 923 1343 982 7.

858 1049 899 1095 (Ι
942 1043 1280 1100 Nicotaus
1334 1043 1793 1101 Calumniator

918 1156 1109 1204 Lucio
1149 1157 1426 1215 Catiline
1464 1158 1710 1205 iuniori

1193 1255 1261 1303 .S.
1290 1256 1351 1303 I).
1381 1256 1437 1303 P.

582 1370 680 1417 Hei
712 1370 856 1430 mihi,
898 1384 1031 1417 nunc
1060 1368 1272 1429 fuqiunt
1309 1370 1438 1417 vires
1473 1374 1521 1416 et
1557 1370 1788 1430 corporis
1823 1382 1965 1428 usuS,
2400 1386 2452 1436 ιο,

695 1454 840 1501 Mens
875 1468 984 1501 mea
1022 1467 1122 1501 non
1159 1455 1332 1512 servit,
1374 1467 1466 1502 nec
1501 1467 1611 1501 mea
1647 1454 1822 1514 linqua
1858 1453 1994 1502 milti.

582 1539 693 1586 Heu
731 1540 901 1598 miser,
944 1541 995 1586 in
1034 1540 1215 1586 nostris
1252 1543 1323 1585 est
1359 1539 1499 1586 nulla
1526 1539 1758 1599 potentia
1794 1539 2044 1597 membriS,

690 1624 882 1672 Horum
920 1625 1146 1684 quodque
1180 1637 1320 1671 suum
1358 1624 1574 1683 deneqat
1611 1620 1850 1682 officium.

582 1708 735 1756 Nulla
754 1756 756 1759 ,
762 1713 920 1769 parte
954 1722 1067 1756 suos
1103 1713 1316 1756 cernunt
1350 1721 1460 1755 mea
1497 1708 1716 1756 carbasa
1742 1713 1952 1770 portus,

690 1792 795 1841 Nec
830 1795 1017 1841 sentire
1044 1797 1213 1854 potest
1250 1792 1477 1840 anchora
1514 1796 1691 1840 nostra
1727 1794 1901 1842 solum.
2398 1812 2444 1845 15>

580 1876 749 1925 Nescit
783 1882 954 1925 nostra
991 1891 1133 1926 suam
1170 1891 1266 1938 quo
1303 1882 1481 1938 querat
1509 1878 1674 1938 playa
1708 1878 1940 1938 salutem,
2452 1867 2456 1881 ³

689 1961 817 2023 Sepe
844 1976 1033 2023 precor
1069 1968 1297 2022 mortem,
1338 1975 1472 2010 mors
1507 1967 1675 2010 tamen
1711 1963 1823 2024 ipsa
1852 1961 2010 2023 fuqit.

246 2046 357 2094 Non
411 2023 499 2094 abs
552 2060 609 2093 re
661 2061 965 2108 conqueror,
1026 2049 1095 2095 mi
1144 2049 1430 2095 suavissime
1478 2047 1713 2095 Catilina.
1789 2046 1921 2095 Nam
1974 2047 2070 2096 hoc
2113 2049 2271 2096 solum
2316 2062 2382 2097 ex
2444 2036 2456 2105 f

245 2132 465 2179 omnibus
501 2134 682 2180 nostris
718 2133 1089 2194 iniquitatibuS,
1131 2133 1448 2195 blasphemiis
1483 2137 1531 2180 et
1566 2132 1818 2191 heresibus
1855 2132 1936 2191 (ut
1971 2146 2140 2182 verum
2178 2133 2269 2182 tibi
2294 2131 2381 2192 fa·

243 2220 375 2277 tear)
414 2220 669 2266 consecuti
701 2232 889 2279 sumus,
932 2223 988 2266 ut-
1023 2231 1111 2266 nos
1147 2231 1269 2278 eque
1305 2218 1424 2266 boni
1459 2230 1623 2266 omnes
1660 2231 1723 2266 ac
1753 2217 1983 2279 publicos
2018 2218 2181 2267 hostes
2216 2222 2265 2267 et
2300 2232 2378 2267 ec·
2395 2203 2456 2272 ‘20'ss

242 2303 386 2360 clesie
431 2303 653 2352 inimicos
700 2306 1041 2365 insequantur.
1120 2303 1400 2360 Quinetiam
1446 2316 1499 2351 se
1541 2303 1768 2351 muniunt
1809 2303 1952 2363 siano
1987 2308 2160 2351 sancte
2196 2305 2376 2364 crucis,
2433 2285 2456 2383 fi

244 2389 430 2446 quoties
480 2387 807 2436 Obscurorum
853 2402 1028 2436 nomen
1078 2394 1194 2436 ante
1228 2393 1550 2450 prospectum
1602 2388 1878 2448 audierint,
1931 2401 2117 2449 nosque
2161 2388 2383 2437 diabolos
2440 2367 2456 2497 ἰ

243 2486 344 2520 esse
380 2467 713 2522 arbitrantur.
790 2473 924 2521 Proh
961 2474 1225 2534 Iuppiter!
1270 2473 1402 2534 proh
1453 2473 1528 2520 dii
1561 2466 1899 2521 immortales!
1946 2473 2070 2533 quid
2103 2473 2198 2521 hoc
2233 2477 2306 2522 est
2339 2474 2387 2521 si
2436 2509 2456 2537 2,

244 2559 431 2605 iniuria
468 2572 566 2607 non
604 2560 711 2606 est?
760 2559 1030 2607 Consolare
1074 2572 1150 2606 me
1187 2559 1387 2606 obsecro
1414 2559 1584 2619 primo
1620 2559 1666 2605 si
1691 2562 1836 2619 potes
1872 2558 1968 2605 di.e
2044 2557 2174 2606 Nam
2213 2558 2380 2607 obscu-

243 2657 329 2690 rus
366 2644 449 2690 ille
487 2643 684 2692 Charon
720 2644 911 2704 scapha
946 2656 1039 2691 sua
1078 2642 1383 2703 ferruqinea
1429 2647 1649 2691 nostrum
1697 2643 1887 2703 aliquot
1934 2643 2071 2689 intra
2117 2643 2222 2691 dies
2269 2648 2381 2692 octo
2395 2572 2456 2734 a}

244 2730 321 2776 ad
360 2730 594 2778 obscuras
642 2725 923 2788 inferorum
971 2728 1191 2776 latebras
1229 2742 1333 2790 per
1371 2727 1701 2776 Acherontem
1749 2734 1811 2776 ac
1847 2725 2048 2789 Styqem
2095 2733 2384 2789 ceterasque
2428 2736 2456 2783 Q

233 2815 450 2874 paludes
486 2820 556 2862 est
594 2815 866 2862 delaturus.
953 2814 1076 2862 Vale
1110 2827 1176 2861 eo:
1215 2813 1463 2873 Haqenau
1500 2812 1656 2861 Nonis
1693 2825 1857 2874 nuper
1891 2812 2260 2873 septembribus.
2431 2836 2456 2894 s<

2425 2907 2456 2964 ΕΛ

1278 2992 1331 3049 8.
2418 2993 2450 3090 ᾧ

821 3118 863 3164 (I
916 3111 1167 3169 Lucius
1215 3111 1514 3167 Catilina
1558 3109 1814 3167 Iunior
1964 3136 1968 3140 ·
2416 3150 2455 3202 fi

921 3225 1183 3273 Nicolao
1222 3225 1698 3272 Calumniatori
2391 3203 2438 3267 θ’

889 3324 1225 3382 Reuchliniste
1278 3328 1325 3371 et
1381 3321 1717 3384 Talmutphilo

1192 3422 1246 3471 S.
1276 3423 1336 3471 D.
1366 3422 1422 3470 P.
1462 3416 1484 3488 Η

152 3535 238 3588 tiij
576 3532 756 3594 Stulte,
800 3537 922 3595 quid
957 3538 1181 3585 insanis?
1218 3551 1311 3585 cur
1347 3541 1394 3583 te
1431 3536 1577 3591 dolor
1613 3537 1762 3595 urqet
1797 3533 1999 3581 inanis?

695 3617 763 3664 Te
797 3633 1005 3679 sperare
1042 3622 1171 3668 iubet
1210 3621 1469 3681 Calliopea
1505 3632 1662 3668 suum.

580 3701 834 3763 Temperet
869 3717 990 3762 erqo
1027 3709 1134 3752 tuos
1170 3707 1342 3753 modus
1378 3710 1425 3752 et
1454 3705 1730 3764 prudentia
1766 3707 1985 3763 questus,

690 3786 849 3846 Terqe
884 3792 995 3835 tuas
1030 3789 1338 3849 lachrymas,
1381 3791 1514 3837 disce
1550 3795 1719 3838 tenere
1754 3787 1965 3834 modum.
2387 3784 2428 3821 ³⁶

351 3912 368 3938 ³
405 3913 444 3953 V
446 3926 532 3967 ery.
554 3913 668 3953 Aen.
690 3913 747 3954 II.
770 3913 864 3955 774.
953 3910 1075 3946 ¹⁰·S‘1‘1·
1096 3910 1141 3936 3³·
1157 3917 1224 3946 sqq.
1263 3914 1422 3953 Versus
1452 3915 1593 3954 nescio
1622 3915 1731 3954 unde
1762 3910 1982 3960 desumpti.
