2456 4264
220 246 365 305 '238
815 264 1054 294 EPISTOLAE
1079 261 1385 291 OBSCVROBVM
1406 258 1619 290 vmonvn
1641 257 1791 288 NOVAE.

1267 444 1357 512 31..

886 577 929 624 11
972 568 1353 630 Albertus
1403 564 1752 628 Strunck

579 681 911 750 Magistro
949 679 1238 733 Ortvino
1277 679 1516 732 Gratio
1554 675 2040 730 Daventriensi

239 797 624 850 Reverentialem
663 796 989 845 obedientiam
1026 794 1136 844 loco
1163 793 1356 843 Salutis
1405 791 1696 843 venerabilis
1722 790 1919 839 domine
1944 789 2189 852 Magister.
2240 788 2420 851 Rogos

237 899 322 940 vos
359 881 639 933 cordialiter
678 885 919 945 quatenus
959 878 1114 928 velitis
1152 878 1272 927 mihi
1297 877 1569 940 indulgere,
1610 875 1743 939 quod
1769 889 1870 923 non
1895 873 2061 923 scribo
2086 873 2226 922 vobis
2251 887 2382 937 sepe,

239 969 351 1033 quia
389 973 461 1017 est
498 981 588 1031 per
625 965 773 1015 deum
808 965 874 1013 ita
913 977 1120 1026 magnus
1158 961 1300 1012 Calor
1338 963 1389 1009 in
1426 961 1608 1017 Roma,
1648 959 1778 1024 quod
1816 973 1945 1008 unus
1981 972 2080 1007 non
2116 962 2277 1021 potest
2312 958 2386 1006 ire

238 1054 287 1101 in
325 1050 497 1114 plateis
533 1049 609 1099 vel
646 1049 820 1097 sedere
858 1048 906 1095 in
944 1047 1115 1096 domo:
1164 1046 1224 1095 Et
1269 1060 1365 1094 non
1415 1059 1616 1110 possum
1664 1043 1883 1093 scribere
1920 1041 2103 1106 aliquid
2139 1041 2215 1091 vel
2253 1056 2388 1090 com-

238 1150 426 1201 ponere
462 1149 551 1199 pre
591 1131 776 1182 Calore.
853 1131 947 1180 Sed
994 1146 1079 1179 vos
1129 1131 1260 1179 scitis
1311 1129 1442 1193 quod
1490 1135 1564 1178 est
1607 1142 1813 1192 magnus
1860 1120 2000 1176 labor
2036 1126 2200 1176 facere
2239 1125 2425 1175 dicta-.

237 1220 408 1276 minaS‚
449 1223 498 1267 et
534 1217 720 1266 dixistis
756 1215 877 1264 mihi
912 1217 962 1264 in
989 1214 1203 1272 Colonia,
1244 1214 1376 1278 quod
1413 1213 1462 1262 in
1500 1218 1689 1277 septem
1727 1210 1900 1261 diebus
1936 1211 2014 1259 vix
2052 1210 2207 1260 facitis
2231 1224 2384 1259 unum
2403 1219 2445 1254 ιο

238 1303 422 1352 bonum
449 1302 707 1351 dictamen.
782 1300 842 1348 Et
867 1297 1112 1363 allegastis
1137 1298 1257 1347 mihi
1282 1297 1539 1347 Horatium
1565 1296 1747 1354 dicens,
1787 1294 1918 1360 quod
1943 1293 2050 1344 talis
2074 1299 2219 1359 poeta
2245 1292 2389 1343 docet

241 1387 371 1452 quod
408 1401 582 1436 novem
621 1399 775 1434 annos
813 1383 1050 1433 debemus
1088 1396 1381 1432 consumere
1418 1381 1642 1431 faciendo
1690 1395 1843 1431 unum
1891 1378 2077 1429 bonum
2125 1378 2386 1428 dictamen.

240 1471 298 1519 Et
346 1470 494 1520 credo
545 1468 676 1533 quod
723 1469 792 1517 sic
840 1473 912 1516 est
957 1466 1251 1517 faciendum.
1328 1466 1453 1525 Quia
1501 1470 1698 1530 oportet
1744 1479 1851 1514 esse
1902 1470 2099 1513 cautum
2138 1468 2186 1512 et
2225 1461 2390 1512 videre

240 1554 370 1619 quod
408 1559 482 1605 est
516 1552 647 1602 bona
685 1553 980 1614 congruitas
1055 1551 1115 1600 Et
1153 1550 1416 1613 aliqua-ndo
1454 1564 1553 1598 non
1592 1555 1666 1598 est
1702 1549 1818 1599 satis
1856 1547 1988 1612 quod
2017 1552 2091 1597 est
2116 1545 2244 1596 bona
2272 1560 2389 1596 con·
2442 1580 2444 1585 ι

240 1640 446 1702 gruitas:
495 1638 606 1701 quia
655 1637 924 1700 requiritur
964 1636 1107 1685 etiam
1146 1635 1357 1684 Ornatus
1394 1633 1666 1688 secundum
1703 1633 1871 1697 viginti
1906 1636 2139 1697 precepta
2178 1629 2443 1694 megan-1³

239 1724 416 1772 tiarum
455 1727 503 1771 et
538 1720 739 1770 Modum
778 1717 1064 1783 epistolandi
1100 1718 1260 1767 Pontii
1296 1717 1370 1768 vel
1409 1717 1546 1767 Pauli
1571 1717 1730 1766 Niavis
1769 1716 1980 1780 quil'uit
2017 1715 2252 1778 magister
2276 1714 2391 1779 Lip-

238 1806 408 1856 sensiS.
482 1805 638 1854 Etiam
676 1805 754 1854 isti
790 1809 933 1867 poete
970 1808 1084 1852 sunt
1120 1817 1254 1851 nunc
1291 1801 1430 1851 valde
1466 1801 1831 1865 reprehensivi,
1880 1806 1928 1850 et
1975 1799 2169 1864 quando
2217 1797 2391 1864 aliquis
2434 1851 2438 1858 ,

238 1888 408 1938 scribit
444 1887 655 1952 aliquid,
693 1893 811 1936 tunc
850 1887 1045 1936 dicunt:
1097 1886 1241 1935 ‘Ecce
1278 1885 1347 1935 ibi
1386 1891 1433 1935 et
1470 1884 1536 1935 ibi
1573 1900 1675 1934 non
1713 1890 1787 1935 est
1822 1883 1951 1934 bona
1989 1884 2294 1935 latinisatio':
2343 1887 2393 1933 et

237 1974 437 2022 veniunt
460 1973 558 2021 huc
584 1987 696 2021 cum
723 1972 824 2020 suis
848 1971 988 2019 novis
1027 1971 1247 2019 terminis
1285 1976 1333 2019 et
1371 1969 1678 2019 confundunt
1714 1969 1963 2033 antiquam
2001 1969 2384 2032 grammaticam.

236 2057 366 2121 Ergo
403 2071 504 2106 non
542 2071 741 2120 possum
779 2054 996 2104 scribere
1046 2055 1094 2103 in
1143 2055 1246 2103 istis
1284 2053 1554 2104 Caloribus.
1630 2053 1761 2118 Ergo
1808 2052 2030 2103 habeatis
2066 2068 2144 2102 me
2183 2061 2446 2103 excusa-2⁰

236 2145 355 2190 tum.
431 2141 492 2189 Et
528 2139 710 2190 Valete.
784 2138 961 2189 Datum
999 2139 1170 2203 Rome.

1273 2373 1364 2432 32.

426 2508 467 2554 (1
511 2490 893 2570 Magister
936 2489 1384 2551 Henrichus
1426 2488 2204 2552 Oribelinioniacius

982 2601 1309 2670 Magistro
1348 2603 1632 2656 Ortvino

1201 2701 1434 2752 Salutem.
1666 2714 1669 2718 ’
2400 2714 2442 2749 25

380 2813 681 2864 Venerabilis
728 2813 985 2877 Magister,
1041 2816 1256 2880 primum
1304 2820 1352 2865 et
1396 2820 1508 2865 ante
1559 2815 1723 2864 omnia
1770 2814 1959 2872 sciatiS,
2017 2812 2150 2878 quod
2198 2812 2395 2878 perdidi.

241 2899 361 2947 duas
398 2900 684 2956 sententiam,
725 2905 774 2948 et
811 2899 850 2947 si
888 2899 1043 2964 perdo
1079 2901 1299 2958 tertiam,
1338 2904 1456 2948 tunc
1494 2897 1717 2948 diabolus
1755 2900 1851 2948 erit
1886 2897 2066 2961 Abbas.
2142 2897 2204 2947 Et
2240 2896 2399 2947 timeo.

240 2982 402 3039 valde,
443 2984 556 3045 quia
592 2983 797 3032 Auditor
835 2983 957 3032 dixit
990 2983 1132 3051 mihi:
1183 2984 1294 3034 ‘Per
1332 2984 1508 3041 deum,
1558 2984 1599 3034 si
1636 2997 1793 3033 essem
1832 2983 1958 3033 sicut
1992 2997 2106 3040 νος,
2159 2995 2251 3045 ego
2290 2995 2408 3040 nonj-

240 3065 411 3115 vellem
448 3066 709 3131 appellare,
749 3068 860 3131 quia
898 3082 996 3116 non
1034 3057 1224 3118 habetis
1259 3068 1381 3118 Ius’:
1422 3082 1542 3132 ergo
1580 3083 1678 3117 non
1717 3068 1818 3117 scio
1857 3066 1973 3132 quid
2011 3065 2168 3127 debeo
2207 3065 2401 3116 facere.

240 3148 343 3211 Ego
391 3150 537 3199 credo
582 3151 713 3214 quod
758 3150 973 3214 theologi
1022 3152 1118 3201 hoc
1164 3166 1293 3202 anno
1339 3167 1439 3202 non
1488 3151 1669 3203 debent
1705 3152 1955 3202 fortunam
1991 3150 2190 3201 habere.
2265 3150 2441 3209 Quia-ao

242 3233 385 3280 etiam
423 3234 629 3282 eximius
674 3235 746 3283 vir
783 3234 1019 3284 Dominus
1057 3236 1286 3300 Magister
1331 3243 1499 3287 noster
1537 3237 1713 3287 Petrus
1748 3237 1914 3301 Meyer
1961 3235 2077 3286 satis
2124 3233 2251 3284 male
2295 3238 2424 3295 stat.-

238 3316 291 3364 in
330 3330 474 3364 causa
508 3332 599 3376 sua
637 3323 805 3367 contra
833 3318 1104 3368 Canonicos
1129 3319 1612 3379 FranckfordienseS‚
1652 3320 1783 3385 quod
1820 3325 1995 3370 vexant
2030 3318 2166 3369 illum
2202 3318 2404 3368 bonum⁴

242 3405 289 3448 et
336 3399 561 3448 devotum
608 3406 827 3471 patrem.
889 3403 985 3452 Sed
1034 3404 1183 3453 credo
1229 3404 1361 3469 quod
1409 3406 1486 3454 isti
1534 3405 1765 3455 Canonici
1811 3405 1997 3454 faciunt
2027 3403 2139 3453 -hoc
2184 3407 2401 3468 propter-

240 3482 510 3532 Iohannem
545 3482 784 3533 Reuchlin
822 3500 971 3549 quem
1009 3487 1216 3551 diligunt
1261 3495 1465 3554 propter
1512 3505 1652 3540 suam
1698 3490 1953 3555 poetriam.
2028 3487 2089 3536 Et
2125 3493 2386 3553 propterea

354 3635 372 3663 ³
401 3638 462 3678 M.
485 3639 579 3678 45.
694 3638 841 3679 Daue.
864 3641 904 3679 4.
917 3643 957 3680 5.
1073 3640 1091 3666 ⁶
1123 3641 1358 3685 Oozdialit‘
1380 3646 1422 3683 4.
1546 3643 1687 3684 michi
1717 3648 1784 3684 ter
1811 3644 1856 3683 in
1884 3643 1965 3683 hac
1993 3655 2063 3695 ep.
2084 3647 2125 3683 5.
2240 3640 2258 3666 ⁹
2287 3638 2315 3694 f>
2342 3642 2384 3681 5.

241 3705 276 3747 ¹8
307 3705 394 3761 est]
430 3709 452 3747 e
483 3709 522 3750 4.
545 3707 658 3747 omis.
682 3709 723 3746 5.
808 3706 842 3733 ²¹
874 3705 1001 3748 Datfi
1020 3709 1100 3749 Ro.
1124 3714 1165 3751 5.
2399 3708 2403 3724 ²

352 3775 388 3802 ²³
416 3777 478 3820 M.
500 3779 539 3817 4.
553 3781 594 3818 5.
681 3775 911 3818 Henricus
934 3776 1360 3820 Cribelinioniatius
1381 3784 1421 3820 5.
1510 3779 1548 3806 ²⁵
1579 3781 1672 3822 Sal.
1696 3785 1737 3822 5.
1823 3780 1861 3808 ²⁸
1889 3782 2030 3823 michi
2050 3785 2092 3823 5.
2178 3779 2212 3806 ³¹
2244 3781 2300 3820 D.
2322 3778 2383 3820 M.

241 3849 282 3887 4.
295 3851 336 3888 5.
450 3847 519 3888 Io.
540 3849 582 3891 4.
593 3850 633 3888 5.
