2456 4264
224 251 246 305 1
265 248 342 305 56
517 269 611 299 ΙΟΔ.
636 270 947 298 PEPERICORNI
970 268 1202 298 DEFENSIO
1225 266 1406 296 CONTRA
1426 266 1632 296 FAMOSAS
1654 268 1696 296 Ο.
1719 269 1765 298 V.
1786 267 2056 297 EPISTOLAS.

221 404 462 452 Maiestas
498 401 636 449 nobis
671 400 918 448 silentium
963 400 1293 460 imposuerat,
1346 398 1505 445 noluit
1548 401 1714 445 tamen
1756 398 1966 458 pusillos
2008 398 2366 447 scandalizari

219 487 571 536 contumeliosa
609 497 671 532 ac
697 485 859 543 plane
893 483 1127 530 mendaci
1159 483 1370 530 Ioannis
1407 481 1655 529 Reuchlin
1693 480 2000 541 defensione,
2041 486 2089 529 et
2112 495 2241 530 novo
2256 495 2360 542 pro

219 572 357 619 nobis
391 568 630 616 mandato
668 567 739 613 ad
773 567 921 614 totius
956 566 1232 623 christiane
1280 566 1539 626 reliqionis
1584 565 1821 613 honorem
1865 573 2100 614 concesso
2147 567 2359 614 malevo-

218 656 318 701 lam
354 652 511 713 ipsius
547 649 883 707 defensionem
921 654 969 697 et
1006 651 1171 697 omnia
1208 650 1314 696 alia
1351 663 1444 710 que
1479 649 1531 696 in
1568 649 1846 697 istiusmodi
1868 648 2084 709 *neqocio
2108 650 2356 710 edidisset,

216 737 464 799 supprimi
497 739 543 781 et
582 748 609 781 e
643 735 808 781 medio
843 731 1110 791 confestim
1147 734 1261 781 tolli
1292 734 1598 780 severissime
1643 733 1984 781 demandavit.
2059 733 2154 782 hoc
2190 735 2397 794 itaquer.

218 822 506 870 mandatum
543 819 807 876 recentius,
850 819 912 865 de
948 830 1046 877 quo
1084 818 1273 865 nullam
1310 817 1362 863 in
1397 817 1498 864 suis
1533 817 1736 877 scriptis
1769 817 2063 865 mentionem
2095 816 2247 877 facit,
2289 818 2362 865 al-

218 908 316 954 teri
349 906 503 966 ipsius
538 902 776 949 mandato
809 902 1008 962 penitus
1044 901 1322 960 deroqavit.
1399 900 1511 960 qu
1557 905 1723 948 tamen
1768 902 1924 949 veluti
1965 901 2218 960 lecitimus
2253 901 2362 949 obe-

219 991 401 1047 dientie
433 988 568 1046 filius
604 986 731 1034 nihil
765 989 944 1034 contra
982 987 1333 1034 adversarium
1369 987 1539 1034 moliri
1570 990 1816 1044 statuens,
1866 985 2011 1033 immo
2047 989 2096 1033 et
2130 999 2194 1033 ne
2228 986 2363 1045 coai-

219 1081 331 1124 tans
367 1072 589 1134 quidem,
630 1071 734 1131 leqi
766 1075 814 1118 et
847 1071 1023 1118 audivi
1055 1070 1298 1117 Ioannem
1335 1070 1582 1119 Beuchlin
1617 1071 1867 1118 silentium
1903 1069 2042 1118 nobis
2078 1083 2111 1116 a
2149 1069 2364 1127 Cesarea
2446 1130 2452 1134 ι

222 1160 488 1208 Maiestate
523 1157 799 1217 impositum
836 1159 884 1202 et
909 1167 1011 1215 per
1057 1168 1110 1202 se
1153 1159 1199 1202 et
1237 1167 1336 1215 per
1380 1168 1495 1203 suos
1541 1155 1757 1216 turpiter
1792 1158 1841 1202 et
1875 1166 2036 1215 supra
2071 1166 2223 1214 quam
2259 1154 2362 1202 cui·
2379 1170 2418 1204 ιο

219 1256 368 1305 quam
412 1240 655 1289 credibile
700 1243 771 1287 est
816 1239 1156 1287 inhumaniter
1200 1242 1329 1286 mea'
1358 1240 1551 1300 scripta
1595 1252 1790 1300 semper
1829 1239 2166 1299 preveniendo
2203 1235 2362 1296 infre·
2416 1241 2425 1245 ’

214 1329 362 1388 yisse.
439 1323 486 1371 (L
518 1324 581 1371 ln
611 1325 796 1384 primis
832 1324 988 1383 icitur
1024 1328 1078 1370 ut
1114 1323 1394 1371 rationibus
1440 1324 1608 1371 omnia
1644 1323 1951 1384 probentur,
2001 1323 2245 1383 impressa
2291 1325 2366 1370 est

217 1411 428 1472 quedam
474 1406 683 1467 infamis
728 1409 975 1455 sententia
1011 1421 1111 1468 per
1158 1408 1532 1456 Reuchlinistas
1578 1407 1800 1456 omnibus
1846 1406 1985 1454 nobis
2029 1407 2364 1455 irreverenter

216 1495 444 1552 illudenS,
473 1494 559 1541 cui
580 1494 752 1540 titulus
794 1491 915 1540 ‘Nos
937 1490 1269 1540 scubulorum’
1295 1496 1363 1540 ‚et
1380 1506 1430 1572 (ᾗ,
1487 1490 1719 1540 Secundo
1745 1492 1850 1552 ipse
1874 1490 2091 1539 Ioannes
2116 1491 2363 1539 Reuchlin
2432 1515 2456 1569 ’E

216 1580 360 1628 nimis
396 1577 678 1626 inobediens
704 1576 911 1635 Cesaree
935 1576 1197 1624 Maiestati
1219 1581 1339 1638 post
1375 1577 1502 1624 illud
1534 1577 1719 1625 silentii
1751 1575 2042 1624 mandatum
2068 1575 2203 1636 quod
2227 1588 2363 1624 anno
2379 1570 2456 1627 1⁵2⁵

218 1662 556 1711 decimotertio
593 1661 644 1707 in
680 1674 845 1708 mense
874 1660 1024 1708 Iunio
1061 1662 1339 1720 emanavit,
1381 1662 1604 1722 imprimi
1630 1659 1759 1719 fecit
1794 1661 1977 1708 multas
2009 1660 2274 1721 epistolas,
2314 1662 2368 1716 et
2432 1667 2456 1722 25„-

215 1761 332 1797 suas
367 1750 415 1794 et
452 1746 665 1793 aliorum
701 1745 939 1792 succisive
976 1745 1049 1792 ad
1080 1757 1134 1792 se
1168 1747 1366 1804 missas,
1418 1747 1776 1794 invectivarum
1826 1745 2015 1793 aculeis
2060 1757 2225 1794 omnes
2272 1756 2363 1791 nos
2431 1732 2456 1818 ἒ

216 1831 530 1880 iniustissime
554 1833 862 1890 punqentes,
885 1842 1031 1889 ⁴quas
1072 1830 1343 1878 ‘clarorum
1381 1828 1620 1877 virorum’
1657 1830 1940 1890 inscripsit,
1979 1841 2113 1877 anno
2150 1828 2360 1876 decimo-

215 1919 395 1977 quarto
432 1916 483 1961 in
530 1926 694 1960 mense
730 1914 940 1960 Martio.
1017 1913 1080 1961 In
1118 1914 1294 1973 quibus
1339 1915 1536 1973 quidem
1581 1914 1805 1974 epistolis
1841 1917 1881 1973 ᾧ
1914 1914 2081 1975 primo
2127 1913 2360 1961 columna

206 2001 379 2061 prima
416 2002 597 2046 contra
633 1999 976 2057 evanqelicam
1014 2000 1392 2059 preceptionem
1441 1998 1503 2045 ab
1551 1999 1659 2058 ipso
1697 1997 1958 2046 Bilibaldo
2005 1997 2198 2056 (nescio
2235 1998 2357 2057 quo)
2373 1982 2445 2066 mr}

215 2086 266 2132 in
304 2082 637 2142 Nurenberqa
674 2083 820 2130 nimis
857 2083 1009 2143 impie
1043 2096 1151 2130 sum
1188 2084 1344 2142 lesus,
1383 2096 1462 2131 me
1497 2087 1546 2130 et
1580 2083 1904 2142 semiiudeum
1939 2086 1989 2130 et
2026 2082 2090 2130 de
2124 2085 2266 2130 terra
2291 2082 2359 2132 vi·
2439 2071 2449 2098 ²

2444 1483 2456 1509 u.-
2439 1393 2456 1468 fix-iu·
2440 1283 2456 1375 annom
2451 1240 2456 1251 .,

327 2265 344 2290 5
375 2264 583 2307 cofessim
615 2266 653 2303 1.
754 2260 787 2287 ¹³
825 2263 910 2303 Est
947 2263 1071 2303 infra
1110 2263 1384 2317 repetendus
1414 2265 1664 2305 Processus
1696 2267 1857 2306 contra
1887 2262 2220 2305 Sentimentum
2250 2262 2364 2303 Par-

216 2337 456 2377 rhisiense.
571 2332 607 2358 ²³
646 2332 879 2386 Epistola,
929 2334 984 2374 de
1026 2346 1115 2386 qua
1156 2334 1358 2386 queritur
1397 2333 1709 2384 Pfefferkorn,
1748 2335 1797 2375 in
1833 2333 2004 2376 Illustr.
2035 2333 2143 2376 virr.
2178 2346 2280 2387 epp.
2304 2331 2364 2392 ad
2408 2353 2433 2373 s

214 2405 454 2446 Reuchlin.
477 2404 715 2456 Hagenoae
749 2416 789 2445 a.
814 2401 938 2446 1519.
960 2403 1019 2444 4⁰.
1045 2404 1181 2444 editis
1210 2404 1382 2458 legitur
1412 2404 1496 2445 fol.
1517 2404 1547 2443 k
1570 2403 1639 2458 iij.
1671 2405 1756 2445 Est
1787 2408 1940 2447 autem
1964 2417 2019 2444 ex
2043 2404 2152 2446 edit.
2174 2416 2216 2444 a.
2243 2401 2384 2448 1513..

216 2476 337 2515 haec:
378 2472 670 2522 „Bilibaldus
700 2472 974 2525 Pyrkaimer
1003 2475 1169 2515 Ioanni
1206 2473 1433 2515 Reuchlin
1463 2474 1508 2514 S.
1571 2473 1747 2528 Scripsi
1784 2475 1858 2515 vir
1898 2473 2156 2514 clarissime
2199 2476 2363 2515 aestate
2398 2463 2426 2470 ‘¹

219 2545 380 2598 elapsa
413 2557 514 2584 cum
535 2543 642 2583 hinc
665 2543 901 2583 Treverim
925 2544 1135 2585 abiturus
1158 2558 1318 2593 essem,
1354 2543 1578 2597 simulque
1601 2544 1687 2585 tibi
1710 2543 1892 2585 ostendi
1912 2542 2241 2585 Demosthenis
2263 2555 2362 2583 ora-

219 2616 368 2656 tiones
388 2627 481 2654 una
504 2626 605 2654 cum
629 2614 967 2654 commentariis
991 2627 1046 2654 ex
1066 2615 1278 2656 Venetiis
1301 2614 1469 2655 allatas
1493 2627 1607 2658 esse.
1658 2613 1770 2654 Inde
1794 2626 1895 2654 cum
1916 2625 2128 2656 reversus
2151 2625 2311 2662 essem,
2335 2625 2363 2653 a

218 2686 331 2726 meis
363 2684 594 2734 intellexi,
634 2683 777 2724 libros
810 2683 915 2724 illos
947 2684 1006 2724 ad
1036 2687 1082 2724 te
1115 2685 1258 2725 fuisse
1297 2685 1611 2736 transmissos,
1654 2687 1803 2724 utrum
1839 2697 1948 2726 vero
1986 2683 2092 2724 illos
2131 2683 2365 2737 receperis

217 2769 304 2796 nec
335 2768 392 2795 ne
422 2754 546 2795 haud
577 2754 680 2793 dum
713 2757 993 2807 compertum
1022 2753 1188 2796 habeo,
1249 2755 1376 2796 Bene
1415 2756 1572 2808 itaque
1604 2755 1774 2796 feceris
1803 2755 1845 2795 si
1875 2754 1963 2795 hac
1995 2755 2051 2795 de
2082 2767 2131 2794 re
2161 2767 2235 2795 me
2266 2766 2362 2796 eer-

217 2826 378 2866 tiorem
410 2823 589 2865 reddas.
651 2823 946 2876 Scripsissem
978 2825 1221 2865 confestim
1252 2831 1355 2878 post
1385 2826 1580 2866 reditum
1610 2838 1774 2876 meum,
1808 2825 1890 2866 sed
1921 2825 1998 2867 vix
2027 2824 2174 2865 limini
2203 2824 2363 2877 pedem

216 2895 482 2944 intuleram,
524 2897 618 2934 tum
658 2894 823 2933 iterum
856 2894 983 2934 abire
1016 2898 1205 2936 coactus
1238 2895 1330 2946 fui,
1370 2896 1794 2949 nuncquerdemum
1824 2898 1929 2948 post
1958 2894 2125 2936 multos
2155 2906 2364 2937 reversus

217 2979 314 3006 sum
343 2965 542 3006 labores.
602 2964 691 3004 Sed
722 2976 822 3016 quae
845 2964 1091 3005 scribenda
1114 2969 1244 3005 erant
1265 2965 1480 3006 brevibus
1503 2966 1681 3019 accipe.
1739 2965 2021 3006 Prohibuere
2044 2964 2151 3006 olim
2172 2964 2364 3018 Ephesii

218 3048 382 3075 nomen
403 3033 620 3075 scelerati
640 3034 765 3075 illius
796 3034 994 3075 hominis
1026 3036 1102 3087 qui
1123 3035 1288 3076 Dianae
1321 3035 1538 3089 templum
1569 3035 1889 3087 succenderat,
1922 3033 2183 3076 litterarum
2213 3046 2371 3075 monus

218 3106 386 3145 mentis
416 3105 573 3156 inseri,
607 3104 790 3146 scilicet
819 3118 877 3145 ne
910 3118 966 3145 ex
996 3105 1203 3146 facinore
1234 3105 1314 3146 illo
1344 3106 1529 3147 nefasto
1561 3110 1831 3160 perpetuam
1861 3106 2126 3156 memoriam
2148 3116 2363 3158 assequu-

217 3177 291 3214 tus
324 3187 423 3215 esse
454 3174 698 3218 videretur.
759 3175 829 3215 Tu
865 3188 975 3216 vero
1015 3175 1244 3216 hominem
1280 3176 1369 3216 tibi
1408 3177 1797 3228 inimicissimum,
1841 3181 1888 3218 et
1926 3177 2003 3230 qui
2042 3175 2177 3216 aliter
2214 3175 2362 3216 doctis

216 3245 446 3297 praecipue
478 3245 660 3297 ignotus
691 3245 873 3293 fuisset,
913 3244 1046 3286 libris
1086 3246 1176 3286 tuis
1217 3246 1439 3287 celebras.
1500 3246 1606 3288 Vidi
1646 3247 1767 3287 enim
1803 3259 1948 3300 nuper
1984 3245 2167 3287 libellos
2205 3249 2305 3286 tuos
2336 3257 2364 3285 a

217 3317 263 3353 te
288 3314 500 3371 emissos,
532 3315 579 3354 in
602 3314 764 3368 quibus
785 3315 1043 3356 semiiudaei
1063 3315 1184 3356 illius
1205 3317 1482 3357 mentionem
1504 3317 1637 3365 facis,
1669 3317 1886 3370 hominis,
1918 3316 2045 3357 cuius
2068 3316 2286 3357 memoria
2306 3314 2361 3354 de

217 3387 341 3422 terra
371 3382 618 3424 viventium
649 3384 844 3425 delenda
878 3389 1015 3426 esset.
1076 3385 1165 3426 Sed
1196 3387 1292 3426 scio
1323 3386 1590 3440 respondes,
1630 3390 1675 3427 te
1715 3400 1804 3429 non
1833 3385 2047 3428 laudibus
2077 3386 2158 3427 sed
2187 3384 2362 3426 meritis

219 3452 444 3494 conviciis
475 3453 601 3493 illum
631 3458 952 3507 prosequutum
983 3468 1102 3507 esse,
1135 3459 1181 3496 et
1211 3460 1337 3497 recte
1370 3457 1568 3510 quidem,
1599 3456 1660 3497 At
1689 3470 1780 3498 non
1809 3457 1967 3499 vides?
1997 3457 2044 3497 id
2076 3456 2191 3509 quod
2224 3457 2363 3496 antea
2405 3476 2408 3478 ·

218 3523 447 3574 dixeram,
479 3522 605 3563 illum
635 3524 720 3564 hoc
750 3528 888 3577 pacto
921 3526 1090 3566 famam
1119 3539 1202 3567 seu
1232 3527 1378 3579 magis
1409 3527 1651 3567 infamiam
1681 3530 1977 3580 assequutum
2007 3539 2130 3577 esse,
2172 3528 2218 3566 et
2247 3522 2363 3577 quod

218 3592 414 3646 propriis
444 3593 692 3633 virtutibus
723 3593 814 3634 sibi
844 3595 1118 3648 denegatum
1149 3596 1354 3647 viderat,
1397 3597 1446 3637 id
1475 3597 1652 3636 inimici
1685 3610 1826 3650 opera
1856 3597 2149 3651 quaesivisse,
2180 3594 2363 3636 scilicet

216 3666 268 3702 ut
307 3662 543 3703 doctorum
581 3662 759 3704 volaret
796 3677 877 3715 per
918 3677 998 3704 ora
1036 3665 1257 3713 virorum,
1298 3665 1464 3706 nollem
1505 3668 1662 3718 itaque
1701 3667 1866 3707 dehinc
1907 3665 2128 3720 opuscula
2164 3668 2246 3705 tua
2276 3661 2362 3705 tali

215 3732 398 3786 piaculo
421 3733 633 3785 foedares,
665 3733 895 3786 praecipue
919 3746 1018 3773 cum
1039 3734 1105 3773 nil
1130 3734 1187 3774 ad
1217 3738 1465 3775 monstrum
1495 3734 1607 3775 illud
1639 3736 1906 3777 attinerent.
1965 3737 2080 3777 Haec
2110 3738 2161 3775 ut
2192 3734 2362 3775 amicus
2420 3726 2422 3728 V

218 3804 295 3855 qui
324 3806 370 3843 te
401 3803 456 3843 ob
486 3803 681 3843 virtutes
711 3806 813 3843 tuas
844 3803 1103 3844 innumeras
1135 3805 1330 3857 suspicit
1370 3808 1415 3844 et
1451 3804 1748 3847 vehementer
1780 3810 1904 3847 amat
1935 3806 2098 3848 scribo.
2158 3805 2226 3844 Tu
2254 3814 2363 3844 vero

218 3872 326 3926 quid
356 3872 618 3914 faciendum
648 3873 709 3914 sit
738 3877 912 3914 mature
945 3873 1287 3925 consyderabis.
1345 3874 1512 3927 Reperi
1533 3875 1722 3916 Treveri
1754 3876 2056 3929 antiquitates
2086 3874 2240 3917 varias
2270 3876 2362 3914 tam
