2456 4264
236 237 350 295 ¹30
525 259 620 289 IoA.
643 259 955 288 PEPERICORNI
976 258 1206 287 DEFENSIO
1230 255 1411 286 CONTRA
1431 255 1639 285 FAuosAs
1663 256 1705 285 Ο.
1729 256 1775 286 V·
1797 255 2066 285 EPISTOLAS.

227 391 392 452 bisque
414 390 632 439 devotum
663 391 822 438 virum
851 388 1125 436 Arnoldum
1163 387 1224 436 de
1255 386 1482 447 Tunqari
1503 399 1649 444 sacre
1674 385 1920 446 scripture
1952 386 2199 434 doctorem
2226 398 2376 445 quam

229 477 509 537 turpissime
546 478 729 535 carpat
751 477 799 520 et
834 471 1060 530 infamet.
1119 471 1237 520 Cum
1263 472 1415 531 iqitur
1442 471 1556 519 talis
1579 469 1772 518 libellus
1799 469 2029 528 famosus
2053 474 2218 518 nostro
2246 482 2376 531 pro-

220 561 378 621 posito
414 560 476 606 sit
509 559 788 606 contrarius
822 560 870 603 et
895 557 1163 603 communis
1194 556 1452 616 plebecula
1487 554 1703 602 deterior
1727 552 2007 614 efficiatur,
2038 555 2185 602 huius
2220 567 2377 602 causa

226 643 360 692 nobis
405 648 641 701 tanquam
687 639 911 688 Romano
948 639 1275 700 Imperatori,
1321 652 1551 700 supremo
1589 639 1748 699 capiti
1787 642 1836 690 et
1865 639 2139 699 protectori
2176 639 2378 696 ecclesie

223 727 490 784 christiane
538 725 801 786 diliqenter
838 723 1242 785 prospiciendum
1281 728 1366 771 est.
1442 723 1609 781 Quare
1649 721 1945 770 mandamus
1979 722 2109 771 vobis
2157 722 2375 771 omnibus
2390 738 2411 770 5

224 816 270 859 et
294 811 562 872 presertim
599 811 779 858 nostris
813 808 985 857 charis
1021 807 1274 868 nepotibus
1307 813 1360 855 et
1390 807 1679 855 electoribus
1712 807 1932 867 imperii,
1982 806 2379 878 Archiepiscopis

227 875 535 955 MoquntinO,
589 894 863 943 Coloniensi
895 898 943 941 et
984 891 1296 952 Treverensi,
1343 893 1489 940 etiam
1526 891 1757 950 heretice
1768 891 2037 951 pravitatis
2070 892 2379 952 inquisitori-

224 979 334 1040 bus,
372 984 427 1028 ut
461 993 542 1027 vos
579 981 701 1028 tales
724 983 979 1040 pretactos
1012 977 1164 1026 libros
1210 989 1329 1037 quos
1363 976 1580 1024 Ioannes
1612 975 1857 1025 Reuchlin
1903 977 1955 1024 in
1991 978 2158 1024 causis
2186 975 2378 1036 Iudeo—

223 1077 334 1113 rum
366 1064 545 1120 edidit,
585 1065 635 1112 in
673 1064 842 1111 vestris
871 1063 1167 1124 provinciis,
1207 1061 1483 1110 civitatibus
1518 1074 1546 1108 e
1582 1061 1742 1110 medio
1778 1062 1958 1110 tollatis
1988 1067 2034 1108 et
2067 1062 2380 1123 supprimere

219 1148 451 1208 faciatis,
491 1162 581 1197 nec
616 1161 697 1197 eos
735 1148 883 1196 vendi
910 1153 999 1196 aut
1035 1149 1132 1196 emi
1156 1148 1478 1209 permittatis,
1526 1151 1574 1195 et
1613 1146 1669 1194 id
1707 1160 1805 1208 per
1836 1158 2019 1207 penam
2050 1150 2270 1194 nostram
2309 1145 2380 1194 ad
2395 1158 2434 1193 ιο

223 1234 315 1283 hoc
350 1238 679 1290 reservatam,
724 1234 895 1282 vestris
930 1234 1076 1281 etiam
1110 1231 1397 1280 mandando
1433 1235 1489 1279 ut
1522 1231 1804 1279 huiusmodi
1835 1230 1952 1279 libri
1981 1231 2375 1291 supprimantur,

223 1320 292 1368 ita
322 1327 375 1368 ut
411 1320 508 1367 illis
542 1318 723 1367 eisdem
760 1318 898 1366 libris
930 1330 1068 1366 nemo
1097 1318 1242 1378 peior
1277 1316 1534 1375 efficiatur
1569 1322 1656 1363 aut
1681 1310 1967 1374 infametur.
2037 1315 2101 1363 In
2125 1315 2218 1364 hoc
2252 1329 2378 1378 syn-

221 1405 404 1452 ceriter
433 1403 632 1462 facietis
666 1405 884 1450 nostram
910 1404 1219 1450 voluntatem.
1289 1401 1470 1449 Datum
1505 1402 1556 1449 in
1584 1399 1905 1460 Confluentia.
1943 1412 2071 1447 nono
2096 1400 2177 1448 die
2200 1402 2378 1449 mensis

221 1488 353 1536 Iulii.
406 1487 550 1536 Anno
586 1492 709 1536 ,etc.

1234 1570 1333 1618 Per
1369 1569 1569 1630 Reqem.
1601 1581 1719 1630 pr0.
2391 1582 2431 1616 ¹5

1046 1656 1128 1702 Ad
1161 1655 1450 1703 mandatum
1492 1654 1690 1713 Cesarie
1721 1653 1993 1701 maiestatis
2020 1654 2303 1715 proprium.

1576 1738 1776 1786 Gabriel
1816 1741 1943 1797 voqt.
1989 1733 2013 1805 Η

121 1903 217 1958 ssiij
1095 1894 1249 1942 Nota
1284 1894 1506 1945 Primo,

361 2009 403 2056 (Ι
440 2011 476 2057 Ο
513 2012 564 2056 tu
604 2008 881 2056 Christiane
918 2008 1005 2067 qui
1032 2008 1380 2055 conscientiam
1425 2005 1596 2063 habes,
1643 2006 1836 2055 intuere
1873 2005 2070 2055 obsecro
2106 2009 2371 2063 veritatem,

216 2101 265 2142 et
299 2095 404 2142 noli
433 2094 613 2142 levibus
650 2094 914 2153 caliqantis
950 2092 1151 2140 Fumuli
1186 2093 1384 2153 scriptis
1427 2092 1607 2140 inverti
1637 2091 1795 2152 deque
1832 2091 2004 2152 qradu
2047 2094 2287 2154 sapientie
2319 2093 2375 2162 in
2386 2095 2441 2132 ²⁰:

217 2180 459 2227 sentinam
489 2179 699 2237 stulticie
737 2177 898 2225 deiici.
965 2177 1079 2225 Noli
1121 2178 1324 2237 inquam
1357 2176 1564 2236 obliquis
1610 2189 1672 2225 ac
1698 2177 1858 2237 plane
1886 2175 2042 2236 falsis
2076 2177 2374 2226 Reuchlini-

217 2268 407 2311 starum
454 2262 860 2325 persuasionibus
906 2263 956 2309 222
1003 2263 1209 2323 scylleos
1259 2262 1486 2322 scopulos
1500 2298 1511 2320 ,
1564 2262 1713 2322 inque
1758 2262 1976 2320 cecitatis
2021 2263 2279 2311 involucra
2327 2266 2375 2310 et

217 2350 269 2396 in
298 2350 572 2410 perplexas
606 2346 879 2409 labyrinthi
904 2346 1138 2406 ambaqes
1173 2345 1388 2394 detrudi.
1465 2344 1638 2394 Nonne
1670 2358 1738 2394 ex
1768 2345 1846 2394 his
1875 2345 2063 2395 duobus
2087 2347 2372 2410 preceden-
2435 2338 2437 2340 ³

217 2433 342 2482 tibus
388 2433 639 2480 mandatis
682 2433 803 2480 satis
845 2444 1092 2492 superque
1134 2432 1308 2491 liquet,
1350 2430 1713 2479 serenissimum
1760 2435 1978 2479 nostrum
2021 2433 2370 2501 imperatorem
2422 2411 2432 2425 ’

218 2531 471 2577 nunquam
509 2517 696 2565 Ioanni
729 2515 974 2565 Reuchlin
1013 2515 1365 2575 demandasse,
1415 2522 1468 2563 ut
1512 2516 1589 2563 vel
1631 2514 1842 2574 heresim
1887 2517 1938 2564 in
1980 2530 2072 2564 sua
2107 2518 2366 2566 consulta-
2382 2526 2427 2560 2⁶

218 2602 346 2649 tione
391 2601 647 2661 scriberet,
697 2603 775 2650 vel
815 2601 1087 2664 scandala,
1136 2601 1428 2662 invectivas,
1476 2599 1769 2662 opprobria,
1814 2599 2093 2662 falsitates,
2141 2603 2368 2661 iniurias,

216 2681 594 2746 blasphemiam,
642 2687 962 2734 contumelias
1009 2699 1071 2734 ac
1105 2686 1238 2734 mille
1274 2684 1474 2733 tandem
1506 2685 1771 2734 mendacia
1807 2690 1896 2735 aut
1929 2688 2090 2748 plura
2129 2685 2366 2747 fortasse,

216 2771 268 2817 in
304 2783 397 2818 sua
441 2771 522 2830 (ut
555 2772 660 2835 ipse
691 2772 786 2832 aity
827 2769 1129 2829 defensione,
1165 2771 1374 2832 turpiter
1409 2770 1650 2831 nimisque
1685 2771 2011 2833 impudenter,
2044 2773 2194 2821 nullis
2217 2773 2365 2820 etiam

206 2854 587 2915 precedentibus
624 2846 872 2903 demeritis
909 2855 1075 2914 (modo
1112 2868 1216 2903 rem
1255 2857 1413 2916 ipsam
1449 2856 1544 2904 rite
1576 2854 1834 2917 libremus)
1872 2852 2127 2915 effutiret?
2174 2855 2367 2918 Quippe

214 2939 260 2986 si
282 2940 404 2987 talia
442 2941 654 2998 Cesarea
690 2939 931 2988 Maiestas
974 2940 1132 3001 (quod
1165 2940 1315 3001 absit)
1365 2942 1676 3002 imperasset,
1721 2953 1976 3009 nunquam
2013 2944 2189 3002 postea
2225 2939 2364 2988 inhi-
2379 2949 2430 2990 so.

215 3022 407 3072 buisset.
486 3023 625 3082 Quod
660 3037 808 3085 quam
845 3025 908 3072 sit
942 3038 1110 3073 verum
1147 3038 1286 3073 nemo
1321 3029 1396 3074 est
1428 3026 1640 3074 omnium
1677 3027 1763 3086 qui
1810 3037 1907 3073 non
1954 3025 2098 3073 videt.
2187 3025 2365 3073 Verum
2418 3012 2434 3018 ⁰

215 3107 278 3154 de
313 3108 390 3155 his
436 3112 484 3156 et
528 3110 643 3157 aliis
675 3109 907 3170 pluribus
950 3111 1144 3171 ineptiis
1178 3115 1324 3170 atque
1365 3109 1638 3158 mendaciis
1672 3111 1820 3158 latius
1852 3108 1998 3169 infra
2032 3109 2121 3157 sub
2151 3109 2362 3158 brevilo-

214 3193 327 3252 quio
364 3192 594 3241 dicemus.

1039 3321 1192 3369 Nota
1233 3320 1531 3369 Secundo.

355 3429 396 3477 (Ι
433 3429 541 3490 qu
563 3430 777 3480 Ioannes
805 3433 1165 3494 Pepericornus
1187 3435 1368 3495 scripsi
1397 3434 1558 3482 statim
1595 3447 1752 3495 supra
1782 3447 1859 3483 me
1894 3447 2011 3482 vero
2045 3435 2211 3482 verius
2228 3447 2357 3496 pro—
2374 3441 2425 3479 ss·

210 3514 463 3574 balurum,
518 3516 677 3575 ipsum
723 3518 908 3566 scilicet
947 3518 1187 3566 Ioannem
1230 3518 1476 3567 Reuchlin
1529 3526 1748 3567 nostrum
1794 3520 2202 3568 calumniatorem
2242 3532 2361 3567 suas

210 3599 454 3659 hereticas
472 3603 745 3660 pravitates
768 3598 1040 3663 styqiosque
1060 3615 1172 3650 suos
1203 3615 1400 3651 errores
1434 3616 1465 3649 a
1503 3604 1682 3650 nostris
1715 3603 1992 3652 doctoribus
2029 3602 2111 3663 (id
2128 3603 2277 3664 ⁴quod
2307 3604 2358 3651 in

210 3684 345 3733 hunc
388 3698 542 3745 usque
576 3684 703 3732 diem
736 3684 1072 3744 Reuchliniste
1119 3687 1217 3747 ipsi
1253 3686 1391 3745 falso
1435 3690 1707 3749 neqarunt)
1750 3700 1846 3747 per
1891 3689 2083 3736 litteras
2124 3687 2176 3736 in
2212 3687 2373 3736 sche-'
2445 3697 2456 3806 Ι

210 3769 342 3818 dulis
374 3770 630 3830 recepisse.
706 3768 814 3817 Hoc
851 3770 980 3818 enim
1016 3774 1064 3817 et
1096 3771 1142 3818 si
1174 3784 1241 3818 ex
1280 3771 1484 3832 epistola
1520 3772 1854 3820 universitatis
1893 3776 2058 3832 nostre
2093 3772 2167 3820 ad
2197 3773 2357 3835 ipsum
2452 3827 2456 3834 .

207 3855 357 3903 missa
390 3860 437 3901 et
469 3853 551 3903 hic
579 3854 851 3916 pauloante
881 3854 954 3902 ad
988 3855 1184 3903 oculum
1218 3856 1378 3916 posita
1419 3857 1540 3904 satis
1573 3856 1781 3916 liqueat,
1824 3860 1989 3905 tamen
2036 3857 2089 3905 in
2132 3857 2409 3906 veritatism
2443 3839 2446 3841 ’
