2456 4264
263 287 322 323 6⁴.
345 275 467 334 [nr.
486 276 544 333 2.]
565 293 795 323 vonwmu
816 294 876 323 nn
898 292 1281 325 ιιοιιτιιηᾼεοοιι.
1339 291 1396 325 65.
1423 278 1542 337 [ur.
1565 280 1619 339 3.]
1642 298 1879 328 ΒΔιιιιιοιι
1901 299 2037 332 murz.
2105 275 2218 334 291

832 507 920 566 65.
997 509 1356 579 [Appendieis
1395 513 1467 579 3.]

588 622 831 674 Perdocto
870 626 1047 674 artium
1086 625 1446 691 prohibitarum
1483 627 1716 691 Magistro

822 721 1112 776 Ortvino
1152 722 1485 777 Gratiano

870 822 1148 875 Coloniensi
1184 825 1437 890 Theologo

595 922 971 1004 Magister
1016 923 1443 987 Bartholus
1489 926 1711 986 Kutz.

212 1049 431 1101 Salutem
477 1052 684 1117 accipite
732 1052 928 1118 quando
980 1053 1150 1111 vultiS,
1200 1055 1437 1120 perdocte
1487 1055 1683 1105 domine
1731 1056 1966 1119 magister
2014 1056 2231 1108 Ortvine.

165 1135 180 1148 ‘
242 1135 395 1185 michi
442 1136 642 1202 quidam
688 1139 935 1203 quondam
982 1139 1195 1204 quodam
1242 1142 1292 1189 in
1339 1140 1449 1190 loeo
1499 1140 1561 1191 de
1598 1139 1735 1190 vobis
1773 1142 1903 1206 quod
1942 1144 2057 1192 estis
2097 1142 2230 1193 valde

239 1235 322 1279 ιι5,
362 1227 411 1271 et
446 1222 643 1287 quando
681 1225 799 1274 estis
833 1225 1083 1283 infirmus,
1133 1231 1251 1275 tune
1288 1240 1484 1290 semper
1511 1223 1679 1276 tacitis
1718 1227 1858 1291 quasi
1896 1228 2065 1277 essetis
2103 1229 2231 1280 insa-

40 1294 193 1386 [με
229 1306 360 1374 quod
396 1304 544 1357 laudo
580 1309 632 1358 in
671 1307 823 1366 vobiS,
864 1311 980 1374 quia
1018 1312 1277 1376 proprium
1316 1318 1390 1362 est
1427 1310 1519 1360 illis
1558 1312 1640 1375 qui
1678 1313 1855 1362 sciunt
1865 1313 2091 1364 scientias
2116 1329 2231 1379 pro·

261 1383 411 1452 ,hoe
447 1398 522 1443 est
557 1393 806 1444 diabolum
845 1396 895 1444 in
934 1396 1112 1446 vitrum
1154 1395 1227 1446 vel
1264 1412 1577 1465 quocumque
1615 1395 1879 1456 hanniare,
1918 1399 2030 1463 quia
2067 1399 2144 1448 isti
2181 1406 2236 1449 ut

51 1488 109 1550 j
142 1430 426 1548 plurimum
464 1484 582 1529 sunt
617 1479 683 1529 ita
720 1479 879 1530 insani
917 1481 1228 1547 quandoque.
1295 1482 1355 1532 Et
1381 1498 1504 1548 0p01
1509 1488 1578 1533 tet
1604 1483 1752 1533 etiam
1781 1483 1911 1548 quod
1938 1484 2036 1533 sint
2060 1485 2230 1550 spurii,

66 1558 164 1620 [Ἅι
232 1579 323 1614 vos
358 1562 442 1630 -(ut
476 1565 627 1614 michi
665 1564 727 1615 ab
766 1565 1004 1631 singulari
1042 1569 1200 1618 amieo
1249 1568 1434 1617 dictum
1482 1569 1572 1635 est)
1625 1570 1770 1619 etiam
1819 1570 1957 1619 estis:
2005 1571 2117 1635 quia
2163 1569 2234 1620 illi

45 1655 267 1717 “·ξζᾉ-ιιροι·
300 1654 418 1700 sunt
453 1648 684 1701 meliores
721 1650 917 1701 diabolo
955 1652 1016 1702 ad
1055 1652 1237 1719 aliquid
1289 1654 1615 1704 efficiendum.
1692 1655 1814 1715 Quia
1862 1654 2087 1704 diabolus
2135 1671 2232 1706 non

170 1733 383 1790 libenter
419 1737 679 1802 committit
715 1752 769 1786 se
806 1736 1057 1803 legittimis
1098 1745 1151 1789 ut
1197 1739 1326 1789 sicut
1373 1740 1580 1806 spuriis,
1631 1741 1714 1805 qui
1762 1747 1875 1790 sunt
1921 1739 2233 1805 singulariter

94 1842 157 1893 ,7¹
184 1801 420 1873 diaholo.
494 1819 557 1872 Et
592 1822 633 1871 si
669 1821 830 1872 solum
868 1824 1039 1873 essetis
1086 1824 1385 1884 monachus,
1435 1831 1552 1874 tune
1599 1827 1763 1875 omnia
1812 1826 1940 1876 dona
1988 1825 2234 1878 haberetis

40 1925 59 1970 3.
142 1899 285 1962 ‘hanc
309 1912 482 1966 artem,
522 1913 572 1958 et
598 1914 715 1958 tuuc
753 1909 926 1958 essetis
964 1909 1218 1974 egregium
1258 1912 1639 1960 instrumentum
1679 1909 1877 1961 diaboli.
1957 1911 2074 1977 [Ubi
2102 1913 2232 1963 enirn

42 1978 83 1989 r
149 2018 169 2035 ,ι
198 1999 294 2044 sus
308 1993 603 2060 pervenire,
645 1993 719 2044 vel
757 1992 937 2060 aliquid
978 1995 1175 2045 efficere
1212 2011 1310 2045 non
1349 2002 1524 2060 potest,
1565 1995 1631 2045 ibi
1668 2011 1866 2062 semper
1903 1997 2047 2047 mittit
2083 2012 2231 2048 unam

0 2066 10 2075 ⁷
40 2063 249 2147 Μ
285 2079 537 2146 antiquam
577 2079 814 2139 vetulam,
865 2078 937 2130 vel
977 2095 1128 2130 unum
1168 2079 1479 2131 monachum
1486 2079 1507 2149 ]
1584 2080 1670 2131 sed
1721 2096 1812 2146 ego
1861 2082 2028 2132 neseio
2066 2089 2230 2135 tamen

40 2141 143 2217 *k
169 2162 276 2217 nilis
309 2165 599 2217 monachus.
676 2166 790 2232 quia
828 2167 869 2216 si
907 2167 1093 2224 essetiS‚
1133 2172 1251 2216 tunc
1289 2183 1448 2218 essem
1486 2166 1614 2217 bene
1653 2173 1939 2218 contentus:
1977 2168 2098 2227 Quia
2126 2185 2231 2219 mo·

20 2221 221 2327 {uem
253 2265 344 2318 pre
380 2250 489 2303 aliis
523 2251 709 2303 habent
746 2250 878 2302 illam
917 2252 1123 2317 gratiam
1163 2253 1294 2317 quod
1333 2259 1449 2303 sunt
1487 2254 1704 2317 protervi
1742 2252 1949 2303 inultum
2001 2259 2048 2303 et
2094 2255 2229 2320 quic·

8 2332 15 2339 ’
58 2331 192 2405 fid
226 2342 484 2396 conantur,
523 2337 619 2388 boc
655 2339 819 2388 facere
858 2337 1054 2387 audent.
1095 2338 1221 2388 sicut
1259 2353 1418 2404 nuper
1456 2339 1616 2388 audivi
1642 2338 1704 2388 de
1731 2337 1894 2404 aliquo
1920 2340 2004 2403 qui
2030 2346 2231 2391 vocatur

51 2412 253 2485 „m
283 2421 501 2489 langius
538 2429 588 2475 et
623 2425 822 2490 scripsit.
860 2439 1013 2474 unum
1053 2421 1516 2474 excellentissimum
1557 2430 1818 2474 tractatum
1857 2439 1969 2475 curn
2008 2425 2230 2477 versibus

49 2504 243 2577 'metatu
277 2506 512 2559 Iacobum
550 2507 988 2575 Wimphelingium
1027 2516 1076 2560 et
1110 2508 1239 2560 bene
1275 2511 1544 2575 scompisat
1581 2525 1711 2560 eum.
1788 2509 1847 2559 Et
1885 2510 2027 2561 etiam
2067 2511 2233 2562 dicunt

42 2589 136 2644 ‘de
167 2590 253 2645 mo
287 2592 443 2645 Paulo
480 2595 614 2662 quod
662 2611 837 2646 novem
888 2595 1047 2646 modis
1094 2596 1314 2645 cucurrit
1362 2593 1519 2660 (Salva
1559 2595 1849 2661 reverentia)
1902 2612 1960 2647 ex
2000 2595 2230 2647 claustro.

18 2673 137 2734 ‘uh
168 2677 404 2746 quioquid
440 2695 587 2731 nemo
624 2686 833 2731 conatur
870 2682 1059 2739 faeere,
1107 2680 1203 2730 hoc
1251 2681 1355 2747 ipse
1403 2682 1529 2731 facit.
1607 2681 1667 2731 Et
1713 2681 1862 2732 credo
1908 2681 2040 2749 quod
2090 2683 2234 2733 etiam

60 2749 336 2839 Quando
360 2765 424 2816 sit
447 2765 677 2823 insanus;
717 2772 766 2816 et
802 2766 946 2832 quod
971 2767 1035 2817 sit
1072 2767 1286 2831 spurius,
1362 2765 1587 2817 T·e1tium
1627 2781 1684 2816 ex
1725 2784 1779 2818 se
1818 2765 1978 2819 habet.
2056 2773 2104 2817 et
2141 2782 2233 2833 ego

60 2842 339 2916 mum
374 2849 523 2902 laudo
561 2850 695 2916 quod
734 2851 879 2902 etiam
918 2858 990 2901 est
1032 2850 1166 2901 vobis
1203 2850 1400 2910 similiS,
1450 2852 1533 2918 qui
1583 2866 1687 2901 rein
1740 2851 1931 2902 habetis
1980 2868 2091 2903 eum
2130 2852 2233 2903 dia·

55 2927 215 2986 'fidet
260 2934 348 2987 sed
396 2941 619 2987 transeat
668 2935 766 2987 hoc
811 2951 924 2987 eum
972 2938 1267 2988 reverentia.
1344 2952 1435 3002 ego
1483 2935 1640 2986 habeo
1689 2936 1768 2987 hic
1816 2952 1965 2988 ιιιιιιιιι
2020 2936 2233 2989 notabile

71 3022 308 3091 punctum
332 3018 754 3087 Nigromanticum
793 3021 923 3099 quod
964 3021 1101 3072 vobis
1139 3021 1348 3073 libenter
1385 3022 1642 3073 manifeste
1679 3021 1867 3073 scribet
1869 3037 1962 3074 em
2026 3022 2111 3074 sed
2140 3038 2232 3089 ego

17 3102 251 3165 ω’ἱὶιιιαο,
299 3105 431 3173 quod
480 3105 677 3172 quando
724 3107 840 3157 estis
887 3109 950 3158 ita
998 3108 1227 3166 insanus),
1278 3114 1398 3158 tunc
1444 3106 1654 3158 famulus
1703 3113 1862 3158 vester
1900 3114 2065 3173 posset
2101 3107 2231 3160 illam

61 3187 326 3258 wolam
361 3192 587 3242 invenire
624 3196 672 3242 et
708 3193 748 3242 si
797 3191 1008 3258 legeret,
1060 3199 1178 3243 tunc
1224 3191 1448 3243 diabolus
1494 3191 1820 3242 coufunderet
1866 3208 1945 3243 me
1994 3198 2044 3243 et
2090 3209 2230 3250 eumz

59 3274 276 3344 ‘aergo
310 3274 422 3327 volo
458 3275 730 3327 secundum
783 3278 1188 3329 consuetudinem
1238 3293 1396 3328 ineam
1447 3277 1634 3334 facere,
1685 3277 1797 3343 quia
1836 3277 2035 3343 quando
2073 3277 2231 3329 habeo

56 3353 144 3413 sse
176 3358 358 3428 aliquid
397 3367 668 3418 secretum,
718 3367 837 3412 tunc
874 3361 1038 3413 scribo
1076 3376 1227 3427 super
1266 3350 1493 3427 papirum
1532 3363 1637 3412 sine
1675 3369 1974 3421 atramento,
2029 3371 2077 3414 et
2114 3370 2231 3414 tunc

57 3438 219 3498 ¹bino
264 3446 355 3497 scit
400 3444 566 3511 legere
614 3446 705 3495 nisi
753 3446 816 3496 sit
861 3444 1176 3511 illegittimus
1255 3447 1314 3497 Et
1361 3463 1480 3513 ergo
1530 3463 1589 3498 eo
1628 3462 1743 3498 casu
1782 3449 1831 3498 in
1870 3450 2229 3515 presentiarum

18 3504 212 3586 mis
248 3532 395 3583 etiam
432 3530 628 3582 decrevi
667 3531 845 3582 facere.
911 3530 972 3581 Et
1008 3537 1082 3583 est
1118 3530 1234 3582 illud
1276 3540 1510 3598 punctum
1551 3538 1605 3582 ut
1641 3534 1890 3601 sequitur.

63 3776 138 3806 1⁵⁴
182 3741 204 3772 ⁸
230 3747 354 3791 ηδ.
440 3743 458 3771 ⁵
486 3745 550 3787 M.
573 3744 688 3787 Bm
716 3743 848 3788 holus
878 3749 921 3789 5.
1009 3742 1043 3771 '⁴
1074 3745 1150 3799 qui
1182 3746 1299 3788 omis.
1322 3749 1365 3788 5.
1446 3745 1481 3773 ¹⁵
1513 3777 1524 3789 .
1546 3746 1674 3789 Tunc
1696 3750 1737 3789 5.
1818 3745 1852 3774 ¹⁸
1889 3747 2031 3789 Verba
2065 3744 2148 3786 Ubi

73 3816 343 3859 maehum
370 3820 548 3870 primum
578 3814 751 3857 exhibet
779 3817 1013 3869 exemplum
1045 3816 1113 3869 b's.
1136 3830 1176 3857 α.
1202 3818 1325 3857 1599.
1347 3816 1612 3869 publicatum.
1700 3817 1737 3843 ²⁰
1770 3851 1780 3861 .
1805 3819 1864 3858 Et
1894 3821 1934 3857 5.
2031 3816 2066 3841 ²⁷
2098 3815 2225 3855 vobin

70 3883 161 3938 [eei
185 3899 244 3929 ea·
272 3887 404 3930 nobis
434 3890 639 3929 editorum
668 3887 764 3931 libb.

1756 4029 1860 4080 19¹·
