2456 4264
395 280 500 310 von.
526 281 559 309 1.
617 276 675 312 28.
697 280 903 311 comum
925 281 1319 323 DOLLERKOPEFII.
1407 277 1464 311 29.
1490 281 1720 312 TxnmAum
1743 283 1967 313 mmmm.
2185 262 2264 320 43

105 411 167 463 ad
203 425 337 460 eam:
379 410 544 469 ‘Audi,
582 410 706 468 filia,
748 417 796 462 et
832 412 955 470 vide,
997 416 1046 461 et
1082 410 1262 461 inclina
1301 426 1473 461 aurem
1509 417 1672 469 tuam,
1714 413 1825 477 quia
1865 414 2142 477 concupivit
2178 431 2266 465 rex

105 495 320 564 speciem
368 495 536 547 tuam'.
610 497 734 546 Item
784 497 996 546 Cadmus
1050 511 1262 562 querens
1318 513 1544 546 sororem
1597 513 1766 556 suam,
1827 499 1955 562 gerit
2002 514 2264 563 personam

105 580 305 637 Christi,
355 581 439 646 qui
478 583 639 647 querit
675 597 817 632 suam
854 597 1105 639 sororem,
1154 582 1203 631 id
1254 587 1326 631 est
1374 584 1584 631 animam
1634 582 1927 632 humanam:
1980 589 2027 632 et
2075 584 2268 648 edificat

104 666 367 725 civitatem,
415 667 463 716 id
515 672 588 716 est
636 666 911 718 ecclesiam.
986 667 1055 717 De
1093 667 1308 732 Acteone
1356 683 1474 717 vero
1527 669 1609 733 qui
1656 668 1774 717 vidit
1812 668 2014 717 Dianam
2066 670 2265 726 nudam,

71 750 460 818 spmphetizavit
484 749 712 803 Ezechiel
750 768 855 817 cap.
886 764 1005 801 va.
1035 753 1228 802 dicens:
1272 753 1409 802 ‘Eras
1447 753 1578 802 nuda
1618 760 1666 802 et
1704 753 1991 803 confusione
2017 753 2179 818 plena,
2221 761 2268 804 et

16 863 21 868 »
103 837 303 888 transivi
351 852 443 902 per
491 844 538 888 te
586 844 634 888 et
678 838 776 887 vidi
821 837 900 886 te’.
978 838 1037 887 Et
1092 852 1190 886 non
1241 844 1314 887 est
1361 838 1542 886 frustra
1593 853 1619 886 a
1659 839 1817 901 poetis
1854 838 2093 902 scriptum
2133 839 2263 902 quod

25 911 31 915 ¹
101 921 327 972 Bacchus
374 928 448 972 est
493 922 569 972 bis
606 925 823 987 genituS,
874 925 984 988 quia
1025 939 1116 988 per
1154 922 1250 972 hoc
1288 923 1592 986 significatur
1628 921 1850 971 Christus
1889 924 1970 986 qui
2011 924 2153 972 etiam
2195 930 2267 973 est

100 1005 428 1070 his-genitus,
476 1023 578 1057 uno
626 1009 773 1058 modo
823 1014 936 1057 ante
983 1008 1173 1072 secula,
1223 1012 1271 1057 et
1309 1007 1399 1057 alia
1439 1009 1542 1057 vice
1579 1007 1862 1056 humaniter
1901 1013 1948 1056 et
1986 1006 2264 1056 carnaliter.

24 1126 34 1133 „
101 1097 151 1143 et
194 1092 386 1143 Semele
434 1109 527 1159 que
576 1095 732 1142 nutrit
779 1093 1057 1149 Bacchum,
1117 1093 1357 1156 significat
1404 1091 1596 1142 beatam
1646 1093 1910 1155 virginem,
1961 1093 2040 1141 cui
2087 1092 2266 1141 dicitur

21 1169 371 1232 22fExodi11.:
413 1179 608 1243 ‘Accipe
635 1194 846 1243 puerum
884 1179 1030 1227 istum
1072 1183 1117 1227 et
1157 1178 1290 1226 nutri
1329 1177 1465 1233 mihi,
1508 1183 1556 1226 et
1594 1192 1685 1241 ego
1713 1177 1840 1227 dabo
1870 1177 1957 1226 tibi
1985 1178 2266 1227 mercedem

99 1261 262 1315 tium'.
334 1263 459 1314 Item
496 1263 661 1313 fabula
700 1264 760 1313 de
798 1263 996 1313 Piramo
1036 1269 1083 1311 et
1121 1262 1306 1312 Thisbe
1343 1264 1414 1312 sic
1454 1264 1716 1328 exponitur
1766 1261 2028 1325 allegorice
2078 1267 2125 1311 et
2170 1264 2265 1326 spi-

19 1328 41 1417 ζ
96 1348 365 1403 ritualiter:
390 1349 617 1400 Piramus
643 1350 883 1414 significat
906 1348 1060 1398 filium
1091 1349 1183 1404 dei,
1215 1354 1262 1397 et
1281 1347 1465 1397 Thisbe
1492 1348 1733 1411 significat
1759 1349 1973 1397 animam
2001 1347 2267 1399 humanam

20 1418 44 1497 ξ
92 1449 244 1501 λ(Ῑιιᾳιιι
281 1440 412 1484 amat
448 1434 697 1493 ChristuS,
748 1440 797 1485 et
833 1434 894 1484 de
935 1450 1027 1500 qua
1068 1433 1302 1484 scribitur
1341 1434 1389 1482 in
1437 1432 1719 1497 evangelio:
1762 1433 1931 1482 ‘Tuam
1971 1434 2126 1498 ipsius
2164 1434 2266 1483 ani-

21 1507 42 1595 ᾗ
98 1532 229 1577 mam
252 1520 576 1586 pertransibit
602 1519 834 1586 gladius’:
874 1520 1005 1584 Luce
1035 1531 1111 1569 ‚IL
1190 1519 1270 1568 Sic
1299 1518 1482 1569 Thisbe
1521 1520 1769 1569 interfecit
1807 1535 1859 1570 se
1899 1518 2060 1583 gladio
2100 1520 2268 1568 amasii

21 1598 189 1685 'tinni-
260 1605 384 1656 Item
423 1605 486 1656 de
524 1605 744 1656 Vulcano
784 1606 869 1670 qui
908 1605 1101 1655 eiicitur
1140 1604 1200 1653 de
1241 1603 1368 1669 celo,
1411 1611 1460 1654 et
1499 1605 1710 1655 efficitur
1750 1605 1979 1659 claudus,
2032 1603 2268 1653 scribitur

27 1704 36 1710 ⁵
94 1690 144 1742 in
180 1689 413 1742 Psalmis:
455 1690 676 1756 ‘Expulsi
713 1697 830 1741 sunt
865 1706 960 1741 nec
996 1695 1268 1755 potuerunt
1306 1688 1467 1740 stare’.
1543 1683 1653 1756 He&
1695 1697 1742 1741 et
1778 1690 1891 1740 talia
1931 1689 2083 1740 multa
2123 1689 2269 1739 didici

95 1790 156 1828 ex
190 1775 275 1826 ino
311 1775 456 1826 libro.
531 1777 630 1826 Vos
675 1775 908 1827 videretis
953 1775 1197 1825 mirabilia
1247 1776 1287 1825 si
1335 1777 1507 1826 essetis
1555 1792 1768 1826 mecum.
1818 1775 1906 1824 ·Et
1953 1777 2045 1825 ista
2086 1781 2159 1825 est
2198 1775 2266 1824 via

93 1876 188 1928 qua
226 1861 468 1912 debemus
504 1862 704 1912 studere
742 1862 791 1911 in
829 1862 1038 1927 poetria.
1117 1861 1214 1910 Sed
1252 1863 1466 1925 parcatis
1505 1861 1628 1911 mihi
1666 1861 1797 1926 quod
1837 1861 2079 1926 pretende
2130 1861 2271 1924 quasi

23 1938 50 2007 ἶ,
93 1946 274 2011 docere
311 1952 521 1998 vestram
562 1947 977 2003 dominationem,
1031 1947 1145 2010 quia
1185 1961 1270 1995 vos
1307 1947 1440 1996 scitis
1479 1946 1654 1996 melius
1691 1962 1839 2012 quam
1881 1962 1997 2010 ege,
2047 1946 2132 1995 sed
2175 1945 2270 1995 feci

23 2005 148 2111 Jp‘in
183 2031 314 2084 bona
352 2034 601 2099 opinione.
674 2032 780 2096 Ego
820 2016 1040 2096 disposui
1089 2032 1195 2088 hic,
1244 2030 1418 2096 aliquis
1467 2033 1515 2081 in
1555 2031 1780 2094 Tubinga
1820 2031 1968 2082 debet
2005 2047 2085 2080 me
2124 2032 2269 2080 certi-

0 2117 46 2184 ‘33
91 2121 243 2172 ficare
281 2118 515 2185 quicquid
554 2119 653 2183 agit
690 2117 865 2167 doctor
904 2116 1174 2174 Reuchlin,
1224 2117 1288 2166 ita
1327 2116 1458 2181 quod
1498 2131 1700 2181 possum
1739 2132 1825 2166 vos
1865 2118 2095 2166 cavisare.
2172 2115 2269 2165 Sed

26 2173 42 2276 ἦ
91 2208 188 2258 iam
224 2204 348 2255 nihil
384 2206 511 2262 scio,
560 2203 678 2254 alias
726 2201 900 2253 vellem
938 2202 1077 2252 vobis
1116 2203 1388 2252 notificare.
1466 2201 1563 2252 Sed
1614 2202 1710 2250 iam
1750 2201 1905 2252 valete
1944 2204 1994 2250 in
2034 2201 2270 2251 charitate

27 2278 37 2331 ἦ
90 2306 191 2344 non
226 2292 355 2344 ficta,
409 2290 607 2341 vDatum
644 2286 987 2354 Heidelberge.

28 2410 44 2456 3

1134 2569 1224 2630 29.

36 2721 95 2768 ς,
527 2689 904 2772 Magister
949 2687 1414 2750 Tilmannus
1462 2686 1838 2770 Lumplin

993 2804 1202 2855 salutem
1241 2805 1358 2854 dicit

694 2902 1031 2974 Magistro
1071 2903 1361 2958 Ortvino
1402 2902 1661 2956 GratiO.

232 3033 575 3087 ‘Stultissimus
612 3049 722 3085 sum
761 3036 1008 3092 virorum,
1062 3040 1110 3085 et
1159 3035 1394 3099 sapientia
1445 3049 1543 3083 non
1597 3037 1669 3082 est
1707 3046 1929 3087 mecun1;
1980 3045 2077 3079 non
2119 3030 2265 3079 didici

95 3118 411 3186 sapientiam,
451 3126 499 3172 et
535 3135 634 3170 non
675 3121 789 3169 novi
827 3120 1084 3170 scientiam
1123 3118 1440 3170 sanctorum’.
1517 3118 1903 3168 Proverbiorum
1934 3128 2071 3165 xxx.
2138 3115 2269 3178 Ergo

41 3203 195 3270 §nou
232 3204 420 3257 debetis
456 3222 536 3256 me
574 3221 811 3271 spernere
851 3206 982 3271 quod
1022 3206 1262 3272 pretende
1302 3205 1440 3255 vobis
1479 3205 1598 3254 dare
1638 3203 1896 3253 consilium
1937 3203 1985 3251 in
2025 3202 2164 3251 sactis
2193 3218 2270 3251 ve-

54 3329 65 3351 ,
94 3289 229 3349 utris,
277 3292 391 3358 quia
441 3291 567 3341 facio
606 3291 720 3341 talia
761 3291 894 3341 bono
934 3293 1114 3342 animo.
1192 3292 1253 3341 Et
1290 3290 1400 3341 volo
1441 3291 1660 3340 cavisare
1700 3305 1785 3340 vos
1825 3287 2098 3339 secundum
2140 3287 2268 3352 quod

52 3383 60 3445 g
96 3386 187 3440 ego
221 3375 457 3440 intelligo,
499 3383 547 3427 et
583 3377 836 3427 modicum
876 3377 985 3427 volo
1014 3379 1268 3442 corrigere
1295 3393 1406 3432 vos,
1449 3377 1561 3442 quia
1602 3377 1793 3425 vexatio
1830 3374 1911 3424 dat
1950 3372 2267 3424 intellectum.

79 3453 155 3528 Et
186 3461 423 3526 scriptum
463 3468 537 3513 est
572 3464 623 3512 in
663 3462 1006 3513 Ecclesiastico
1047 3479 1152 3528 cap.
1183 3473 1335 3512 X111.:
1391 3462 1500 3520 ‘Qui
1540 3462 1757 3526 tetigerit
1807 3461 1996 3525 picem,
2048 3459 2270 3524 inquina-

45 3467 322 3722 {Mmrab
361 3547 452 3599 ea’.
529 3548 609 3597 Sic
649 3549 793 3598 etiam
832 3549 887 3597 fit
933 3547 1094 3605 vobiS,
1150 3549 1262 3613 quia
1312 3546 1456 3596 vultis
1506 3546 1695 3596 babere
1746 3546 1877 3611 quod
1928 3561 2035 3594 sum
2085 3545 2271 3593 amicus

55 3730 79 3790 »l-
205 3770 238 3800 ιι
267 3773 387 3816 fisbe
421 3778 463 3817 3·
554 3773 589 3801 η
619 3774 762 3817 Tisbe
796 3779 839 3819 3·
939 3774 972 3801 ιθ
1004 3773 1075 3829 pff·
1099 3777 1224 3817 1...3.
1326 3773 1359 3801 ¹8
1391 3775 1437 3814 111
1470 3776 1587 3816 omis,
1616 3777 1656 3814 3,
1755 3771 1792 3798 ²⁰
1824 3771 1940 3823 quod
1972 3775 2070 3811 ante
2103 3768 2271 3820 aliquis

56 3839 276 3886 'sumto
307 3847 442 3888 omitti
467 3852 587 3901 puto.
678 3845 849 3900 aliqius
880 3850 920 3888 2.
1009 3845 1046 3872 ²²
1079 3846 1405 3899 Heydelberge
1441 3850 1483 3887 3.

203 3912 241 3941 ²⁸
269 3914 331 3960 M.
354 3919 479 3960 1...3.
557 3917 595 3946 ²⁶
627 3918 743 3959 S.D.
770 3921 894 3962 1...3.
973 3915 1010 3944 ²⁷
1040 3918 1101 3959 Μ.
1128 3921 1251 3959 1...3.
1335 3918 1387 3958 G.
1414 3920 1451 3959 1.
1489 3916 1594 3959 Gra.
1617 3918 1659 3955 2.
1695 3913 1855 3954 Gratio
1891 3915 1932 3953 3.
1994 3909 2030 3935 ³⁸
2065 3911 2194 3950 Sicut
2228 3911 2269 3949 2.
