2456 4264
101 273 359 319 “8208810
379 272 441 302 AD
461 272 828 322 (tou'rssnnssn'rns
851 273 1158 304 Rssvcumnvu
1180 275 1271 303 NON
1295 275 1612 305 conposvlssn
1636 277 1677 305 0.
1703 278 1745 306 V.
1768 279 2038 308 EPISTOLAS.
2143 256 2163 313 1
2183 256 2260 314 67

97 384 396 468 Respondet>
430 404 677 454 Ioannem
714 404 965 453 Reuchlin
1001 406 1154 465 lonqe
1191 405 1448 454 deteriora
1485 406 1564 454 his
1602 405 1807 466 fecisse.
1884 409 2055 459 Primo
2102 413 2264 472 iqitur

96 493 144 542 si
173 502 252 539 me
285 489 503 538 tradidit
536 502 697 551 supra
735 490 908 538 datam
941 490 1093 549 sidem
1129 494 1296 538 stante
1330 495 1506 539 nostra
1543 492 1797 552 amicitia,
1851 499 1906 542 ut
1949 509 2110 558 supra
2136 510 2261 558 pro-

44 559 58 622 s
96 577 264 627 baum
298 579 395 634 est,
435 578 485 623 et
518 575 715 623 litteras
755 575 875 634 Urie
910 588 989 623 me
1015 579 1197 636 postea
1235 577 1307 624 ad
1344 575 1609 635 Cesaream
1648 578 1965 628 Maiestatem
2003 583 2140 630 iussu
2177 595 2260 630 ar-

44 684 62 716 g
94 660 394 722 ehipresulis
420 657 571 719 ferre
607 661 859 720 oportuit,
910 673 1010 709 non
1046 661 1253 721 mirum,
1308 662 1356 709 si
1398 665 1623 723 tempore
1666 677 1801 712 nunc
1838 665 2097 725 inimicitie
2134 667 2262 714 tales

30 725 294 796 ‘intumas
327 745 438 806 ipse
471 745 732 806 effuderit.
809 743 852 791 (Ι
888 744 1139 794 Secundo.
1189 747 1237 794 si
1281 747 1334 795 in
1370 759 1465 796 sua
1511 748 1906 809 consultatione,
1950 752 2071 811 plus
2108 764 2259 812 quam

29 817 50 891 J
93 830 318 893 oportuit
350 833 400 877 et
433 830 640 878 curiosa
675 834 724 878 et
748 831 993 891 prolixa,
1046 843 1201 879 ausus
1239 830 1349 890 suit
1391 831 1482 880 sub
1529 832 1661 880 bona
1706 833 1810 892 fide
1844 835 2068 883 scribere
2102 837 2259 885 multa

89 915 355 965 mendacia
375 915 691 964 serenissimo
725 919 896 964 nostro
932 916 1234 977 imperatori
1267 917 1318 964 in
1348 915 1585 975 favorem
1608 917 1884 975 Iudeorum
1908 923 2089 967 contra
2117 920 2257 968 Chri-

87 999 294 1060 stianos,
334 1003 385 1048 et
408 999 591 1048 deinde
613 1001 763 1060 lonqe
777 1001 942 1061 plura
966 1002 1021 1050 in
1046 1001 1330 1050 execrabili
1350 1014 1444 1050 sua
1470 999 1782 1062 defensione,
1812 999 2012 1052 minime
2036 1004 2253 1066 dubium,

89 1085 214 1148 quin
258 1085 415 1134 etiam
449 1086 542 1146 pie
586 1085 736 1133 credi
770 1086 933 1146 possit
967 1085 1212 1134 Ioannem
1249 1085 1500 1134 Reuchlin
1547 1086 1628 1135 vel
1665 1099 1768 1148 per
1813 1101 1866 1135 se
1902 1089 1979 1136 vel
2005 1102 2107 1150 per
2142 1103 2256 1138 suos

21 1112 80 1236 ᾗῇ
90 1161 410 1232 inpudenter
443 1170 560 1218 illas
595 1171 847 1231 expuisse.
925 1168 968 1216 (Ι
1009 1168 1179 1218 Tertio
1206 1182 1309 1231 per
1331 1171 1480 1231 siqna
1506 1173 1932 1232 arqumentabor:
1969 1173 2034 1222 In
2060 1175 2261 1223 oculari

22 1238 52 1268 ¹
86 1255 217 1304 εκίηι
258 1243 465 1316 speculo
510 1253 734 1303 Ioannes
778 1254 1027 1303 Beuchlin
1081 1246 1371 1317 comparat
1408 1255 1772 1305 humanitatem
1814 1257 2010 1307 Christi
2060 1260 2258 1309 habitui

22 1326 51 1387 3'1
84 1339 394 1400 meretrioeo,
431 1339 526 1388 sed
545 1339 600 1387 in
624 1339 850 1401 epistolis
885 1339 1214 1389 obscurorum
1250 1341 1475 1389 virorum
1511 1341 1661 1390 beata
1688 1341 1865 1391 Maria
1902 1345 2046 1404 vireo
2083 1346 2254 1393 imma·

40 1406 46 1417 ¹
83 1426 266 1476 culam
292 1427 627 1486 comparatur
662 1424 882 1486 Europe,
923 1425 1200 1485 concubine
1236 1425 1390 1474 Iovis.
1466 1426 1691 1488 Itemque
1727 1428 2054 1478 adversarius
2090 1433 2256 1478 noster

40 1511 43 1534 ⁵
85 1511 140 1560 in
179 1522 293 1560 sua·
323 1510 604 1573 offensione
649 1510 906 1559 insimulat
951 1511 1193 1572 implicite
1239 1524 1453 1560 uxorem
1489 1524 1649 1560 meam
1687 1512 2083 1563 honestissimam
2123 1515 2253 1574 (una

85 1608 201 1646 eum
247 1608 343 1645 sua
387 1599 554 1644 matre
597 1607 662 1645 ac
699 1596 935 1657 prolibus
969 1597 1061 1645 ‘ad
1100 1596 1255 1656 fidem
1298 1597 1606 1646 catholicam
1645 1595 1876 1657 feliciter
1920 1601 2252 1662 translatam)

82 1681 249 1744 mis
280 1679 381 1730 sibi
413 1680 673 1730 involucro
709 1681 978 1742 adulterii,
1030 1686 1080 1730 et
1124 1682 1346 1744 idipsum
1392 1683 1547 1731 multo
1584 1685 1783 1745 turpius
1819 1685 1873 1733 in
1909 1687 2135 1747 epistolis
2172 1686 2252 1735 ob·

81 1778 345 1816 semorum
381 1766 705 1828 exprimitur.
784 1765 896 1824 Qua
921 1770 1143 1829 propter
1178 1767 1351 1816 eodem
1389 1768 1479 1816 illa
1510 1765 1659 1826 fonte
1694 1769 1926 1821 derivari
1947 1772 2119 1820 dicere
2137 1770 2250 1830 for-

26 1857 29 1862 '
80 1852 215 1901 sitan
260 1864 364 1900 non
409 1851 605 1900 iniuria
642 1863 859 1912 possem.
936 1850 979 1897 (ἱ
1018 1850 1213 1909 Quarto
1258 1852 1623 1901 execrabilium
1671 1855 1872 1903 illarum
1919 1858 2250 1918 epistolarum

81 1939 267 1986 auctor
308 1936 543 1999 exposuit
587 1948 642 1984 se
679 1937 913 1997 periculo
959 1938 1195 1998 corporis
1241 1941 1291 1986 et
1333 1938 1526 1997 anime,
1578 1951 1671 1987 nec
1718 1939 1781 1987 ab
1819 1940 1992 2001 aliquo
2031 1954 2250 2002 unquam

0 2021 349 2106 ,sstsacerdote
384 2021 510 2080 (nisi
537 2020 741 2082 publice
775 2034 955 2070 nomen
992 2034 1136 2070 suum
1172 2023 1492 2082 confiteatur,
1534 2026 1582 2070 et
1617 2025 1797 2084 cuique
1830 2038 1973 2074 suum
2010 2025 2251 2074 honorem

37 2106 292 2168 treddat)
329 2105 525 2155 absolvi
550 2106 766 2168 poterit,
820 2106 876 2155 id
912 2107 1048 2168 quod
1083 2107 1372 2156 mortalium
1409 2119 1552 2156 nemo
1589 2109 1886 2158 adoriretur
1937 2111 2038 2159 nisi
2071 2111 2150 2159 vel
2185 2110 2249 2158 ab

39 2231 42 2234 Α
80 2191 382 2240 adversario
404 2195 578 2240 nostro
601 2191 904 2240 subornatus
928 2196 1019 2240 aut
1042 2205 1261 2241 summus
1284 2192 1504 2240 eiusdem
1530 2194 1722 2242 amicus
1740 2192 1897 2252 foret.
1975 2194 2018 2242 (ἵ
2046 2194 2244 2257 Quinto,

76 2277 126 2326 si
149 2274 319 2336 fateri
350 2287 522 2325 verum
556 2276 696 2336 licet,
749 2276 1095 2338 Epistolarum
1133 2278 1218 2326 ille
1252 2277 1417 2326 codex
1453 2281 1527 2325 est
1560 2278 1857 2340 simpliciter
1901 2284 1950 2328 et
1996 2281 2059 2328 de
2085 2281 2249 2343 plano

80 2361 161 2421 (ut
194 2361 305 2411 dici
334 2361 482 2422 solet)
521 2361 574 2410 in
609 2361 746 2410 illius
770 2362 990 2422 laudem,
1032 2366 1082 2411 et
1104 2363 1403 2412 scandalum
1427 2363 1661 2424 meipsius
1685 2365 2001 2427 omniumque
2025 2370 2247 2415 nostrum

24 2445 504 2509 „itnpudenu'ssime
537 2447 855 2509 compositus.
932 2446 1017 2495 Ex
1064 2461 1162 2509 quo
1207 2448 1312 2496 tate
1359 2452 1710 2508 argumentum
1747 2450 1971 2499 trahitur
2006 2450 2248 2499 Ioannem

37 2556 45 2573 π
77 2530 326 2580 Beuehlin
360 2531 441 2580 vel
466 2544 570 2593 per
603 2544 658 2579 se
691 2531 771 2580 vel
794 2545 898 2594 per
931 2545 1048 2581 suos
1083 2546 1189 2581 rem
1226 2538 1329 2581 tam
1366 2533 1670 2594 nepharium
1707 2538 1908 2596 tamque
1941 2535 2249 2596 sacrileqam

38 2609 54 2617 ”
77 2617 186 2666 sine
212 2614 396 2676 fronte
429 2617 747 2666 commisisse.
825 2616 868 2665 ΙΙ
902 2617 1079 2667 Sexto,
1120 2619 1316 2669 nullum
1352 2631 1513 2680 neque
1549 2618 1709 2668 habui
1742 2634 1904 2681 neque
1927 2620 2088 2668 habeo
2114 2622 2251 2681 quod

75 2702 234 2751 sciam
255 2701 358 2768 ‚sub
392 2703 502 2761 celo
538 2703 820 2762 inimicum,
854 2707 1033 2764 preter
1078 2705 1238 2752 solum
1275 2703 1520 2753 Ioannem
1560 2704 1826 2754 Reuchlin.
1869 2707 2116 2766 quomodo
2154 2707 2247 2766 iai-

75 2791 161 2838 tur
184 2784 208 2854 {1
229 2786 326 2837 hoc
361 2789 678 2850 neqaverim,
730 2789 863 2837 tanti
902 2789 1064 2851 ipsum
1109 2789 1335 2838 criminis
1372 2793 1463 2838 aut
1498 2802 1639 2838 reum
1676 2803 1781 2838 esse
1817 2795 1909 2839 aut
1944 2791 2213 2840 conscium.
2237 2792 2359 2846 (mh)

24 2871 126 2932 31
159 2872 384 2937 Septimo·
408 2886 611 2936 possem
642 2871 871 2933 fortasse
906 2887 1006 2923 non
1043 2875 1335 2924 indecenter
1372 2873 1667 2935 affirmare,
1710 2875 1954 2924 Ioannem
1993 2876 2243 2925 Reuchlin

78 2958 405 3009 obscurorum
440 2971 545 3008 esse
579 2963 863 3019 auctorem,
913 2973 1027 3008 cum
1074 2961 1202 3009 talia
1240 2960 1382 3009 nobis
1418 2964 1537 3008 ante
1573 2961 1774 3021 aliquot·
1804 2973 1968 3010 annos
2002 2966 2246 3011 eventura

37 3051 48 3079 ⁸
77 3045 131 3094 in
163 3045 269 3094 suis
302 3043 375 3093 ad
407 3056 501 3093 nos
534 3045 758 3107 epistolis
791 3045 855 3094 sit
901 3047 1244 3095 comminatus.
1308 3044 1540 3107 'Scripsit
1586 3046 1714 3093 enim
1761 3050 2096 3094 conterraneo
2132 3060 2238 3106 su0,

47 3128 493 3179 ‚excellentissimo
528 3128 921 3192 Aqrippinensis
956 3131 1218 3191 academie
1255 3131 1307 3180 in
1346 3131 1600 3191 theoloqia
1637 3131 1850 3187 doctori,
1893 3129 2043 3179 Anno
2081 3144 2114 3179 a
2153 3145 2242 3179 na-

40 3267 46 3275 4
78 3213 174 3263 tali
193 3213 485 3263 Christiano
522 3214 856 3263 Maccccxu.
882 3216 1060 3277 quinto
1096 3216 1222 3265 Idus
1257 3218 1472 3265 martias
1495 3216 1586 3275 hec
1612 3215 1794 3264 verba:
1837 3215 2106 3265 ‘Accedent
2145 3217 2244 3276 (in-

37 3278 45 3293 ’
80 3298 211 3361 quit)
238 3303 360 3361 post
392 3312 597 3349 manum
634 3301 856 3350 validam
883 3305 1034 3363 poete
1070 3305 1119 3350 et
1154 3301 1399 3362 historici,
1441 3313 1652 3362 quorum
1689 3300 1784 3349 hoc
1810 3305 2032 3363 tempore
2056 3314 2245 3363 maqna

77 3384 229 3446 eopia
273 3384 417 3444 vivit,
475 3397 591 3433 cum
635 3389 815 3443 eterna
862 3387 1018 3434 vestri
1056 3388 1313 3449 qymnasii
1356 3385 1665 3447 iqnominia’.
1741 3385 1851 3445 Hec
1899 3388 2030 3435 inter
2074 3392 2244 3436 cetera

219 3474 472 3532 peranter
514 3469 716 3531 effudit.
794 3470 861 3518 Et
910 3470 1004 3519 hoc
1051 3472 1199 3520 modo
1238 3470 1371 3530 feda
1419 3471 1747 3519 obscurorum
1791 3472 2047 3533 colloquia
2085 3473 2245 3532 maqis

58 3551 270 3616 „inumb
309 3566 462 3616 quam
499 3559 571 3603 tot
607 3555 988 3604 universitatum
1027 3557 1259 3604 doctores
1296 3561 1386 3605 aut
1421 3569 1498 3604 me
1534 3556 1749 3617 denique
1785 3557 2099 3619 neophitum,
2150 3557 2244 3604 hoc

74 3641 151 3710 3611
180 3651 362 3690 novum
400 3638 589 3689 Christi
626 3652 860 3702 permen,
911 3654 1087 3690 coram
1122 3641 1430 3704 sapientibus
1464 3641 1907 3692 scandalizarunt.
1985 3641 2115 3690 Nam
2144 3654 2245 3702 per

38 3775 58 3888 ξ·
188 3847 227 3876 '²
254 3850 368 3891 Hoec
389 3850 607 3891 Reuclzlini
627 3851 687 3891 ad
708 3850 841 3891 Collin
862 3865 928 3904 ep.
955 3857 1017 3892 est
1037 3853 1080 3891 in
1099 3852 1263 3893 Illustr.
1287 3853 1389 3893 virr.
1412 3865 1511 3905 epp.
1535 3853 1595 3892 ad
1615 3852 1783 3892 lleuchl.
1809 3852 2031 3903 Hayenoa:
2052 3863 2090 3890 α.
2119 3847 2237 3889 1519.

78 3917 139 3959 4⁰.
161 3921 259 3964 edd.
274 3934 405 3975 payy.
430 3933 452 3961 r
471 3919 535 3963 tlh.
546 3919 585 3961 5.
620 3919 692 3962 Cf.
714 3921 903 3963 Arnoldi
934 3922 991 3963 de
1012 3922 1160 3975 Tung.
1184 3921 1395 3963 Articull.
1420 3934 1455 3963 s.
1479 3934 1684 3976 proposse.
1707 3933 1811 3974 pag.
1835 3918 1938 3973 gxij.
