2456 4264
113 1201 211 1241 §.52

117 1685 145 1725 t.
154 1686 210 1723 58.

116 2253 144 2292 ᾗ.
154 2255 210 2289 59.

231 252 352 309 480
904 269 1231 299 HOCHSTRATVS
1256 269 1401 298 ovANs
1423 269 1673 298 DIALOGVS.

231 409 335 470 quid
372 407 476 452 dum
512 407 679 450 viveret
716 408 874 449 contra
909 399 1187 446 Fraternalia
1222 400 1369 445 studia
1404 398 1729 450 meditabatur,
1779 399 1929 460 poetis
1977 400 2263 446 vehementer
2298 400 2363 446 fa-

229 479 428 524 miliaris.
500 489 639 535 porro
676 472 977 533 Wolfgangus
1014 471 1241 517 Fabritius
1278 469 1458 529 Capito,
1507 471 1634 515 cuius
1683 468 1955 529 probitatem
1992 470 2099 517 nolo
2136 470 2360 521 vellicare,

229 556 299 594 est
349 547 464 593 enim
509 547 575 590 vir
620 546 821 590 honestae
868 548 913 587 et
949 544 1141 601 integrae
1179 541 1549 592 existimationis,
1597 553 1732 600 quem
1768 540 1900 586 audio
1947 540 2257 591 consuluisse,
2305 555 2362 586 ne

228 619 602 678 pronuntiaretur*
629 614 841 660 ad'versus
878 627 948 658 me
986 614 1031 658 in
1067 611 1414 662 contumaciam,
1454 611 1571 656 sicut
1607 611 1809 656 futurum
1847 613 2096 658 certissime
2131 618 2361 672 putaram;

229 689 305 734 sed
342 687 567 748 persuasit
602 685 701 737 ille,
746 691 797 730 ut
841 683 955 729 bene
991 697 1213 744 perpensa
1250 696 1386 728 causa
1421 682 1726 731 decernerent
1751 681 1874 742 quod
1909 696 1982 727 res
2020 689 2103 733 est,
2141 681 2254 727 nihil
2292 682 2398 726 of-5

202 757 460 810 ,sendiculi,
499 755 610 802 nihil
647 757 898 806 haereseos,
946 753 1058 799 nihil
1096 752 1339 813 impietatis
1377 767 1430 798 eo
1467 751 1622 815 libello
1660 751 1900 812 Capnionis
1939 766 2070 812 quem
2107 754 2364 813 impugnas-

228 843 341 880 sem,
381 830 452 874 cui
488 827 650 873 titulus
688 825 942 887 ‘Speculum
980 824 1195 875 Oculare’,
1234 823 1483 875 insertum,
1531 823 1772 869 coniuncta
1809 823 2131 869 consultationi
2169 823 2366 868 declara-

228 902 373 952 tione,
412 913 544 959 quam
581 897 657 943 ille
695 898 849 942 eodem
887 895 1040 941 libello
1088 896 1362 950 connexuit:
1400 894 1465 940 sic
1503 893 1657 939 elusus
1707 907 1804 939 sum
1852 893 1988 954 lupus
2035 894 2187 939 hians:
2236 893 2365 939 facile

227 972 387 1016 suisset
423 969 590 1015 mederi
627 969 945 1019 contumaciae,
992 979 1230 1026 negassem
1268 965 1428 1016 licere,
1466 971 1518 1010 ut
1555 963 1666 1010 fides
1703 963 1954 1010 Christiana
1993 970 2191 1009 sumeret
2227 963 2364 1009 detri-

227 1048 423 1087 mentum
462 1041 548 1085 mei
584 1054 741 1091 causa;
789 1040 954 1084 etenim
992 1051 1076 1098 ego
1116 1037 1181 1083 sic
1218 1037 1291 1095 egi
1329 1050 1529 1096 semper,
1578 1049 1629 1081 ac
1665 1036 1703 1080 si
1743 1049 1797 1081 eo
1837 1034 1990 1080 libello
2038 1035 2184 1086 salvo,
2231 1047 2362 1094 quem
2380 1044 2421 1078 10

229 1120 374 1158 13111611
410 1113 478 1156 vix
514 1112 645 1171 pauci
682 1111 825 1155 adhuc
861 1115 1043 1159 norunt,
1082 1107 1319 1154 interitura
1358 1113 1478 1152 esset
1513 1107 1723 1151 universa
1758 1105 1919 1165 religio
1958 1104 2145 1151 Christi:
2185 1111 2368 1165 oportet

229 1183 460 1234 nimirum,
498 1188 549 1227 ut
583 1181 805 1243 publicam
841 1180 1081 1226 utilitatem
1119 1180 1292 1239 privato
1331 1178 1434 1223 odio
1471 1183 1786 1238 praetexamus.
1859 1176 2023 1222 Verum
2060 1176 2114 1221 de
2152 1175 2368 1236 Capitone

229 1256 366 1305 scias,
415 1253 535 1314 quod
580 1252 745 1298 nebulo
785 1250 1071 1297 cautissimus
1109 1251 1174 1295 sic
1210 1263 1305 1295 rem
1342 1254 1631 1308 attemperat,
1681 1247 1801 1308 quod
1848 1260 1950 1292 eum
1997 1254 2044 1292 et
2078 1246 2368 1292 humanitatis

228 1325 360 1386 periti
383 1326 594 1383 iuxtaque
632 1323 902 1384 sophistices
939 1322 1220 1381 antesignani
1256 1321 1480 1381 patienter
1515 1319 1687 1369 ferant,
1727 1332 1927 1364 summus
1964 1324 2110 1363 tamen
2148 1317 2368 1368 Pontifex,

230 1410 318 1456 quo
358 1397 503 1440 minus
540 1395 659 1440 forte
696 1407 798 1440 cum
835 1393 1014 1440 caeteris
1051 1392 1206 1443 latret,
1247 1391 1287 1436 ei
1325 1391 1457 1437 offam
1494 1390 1681 1441 obiecit,
1719 1389 1810 1435 imo
1837 1395 2149 1435 autoramento
2187 1388 2233 1433 in
2259 1402 2364 1434 suas
2383 1397 2424 1430 15

228 1473 381 1527 partes
419 1465 653 1516 conduxit,
701 1478 804 1509 113111
827 1463 1179 1524 Ρ1361103111113111
1218 1462 1398 1508 donavit
1435 1460 1582 1517 sanctiv
1617 1460 1801 1506 Thomae
1837 1459 2184 1520 Argentinensis
2225 1458 2367 1505 eccle-

231 1538 333 1590 siae;
381 1537 523 1597 magis
573 1538 725 1596 itaque
770 1541 922 1581 mutus
968 1535 1053 1579 erit
1100 1548 1231 1594 quam
1277 1532 1439 1594 piscis,
1487 1532 1708 1579 subducet
1744 1544 1792 1577 se
1829 1545 1882 1576 ex
1918 1530 2198 1576 eruditorum
2237 1543 2369 1575 causa

231 1614 276 1653 et
312 1607 611 1653 fortissimum
648 1607 827 1652 hostem
865 1605 955 1651 illis
992 1610 1123 1665 aget,
1163 1604 1382 1664 siquidem
1422 1603 1497 1648 ‘ibi
1534 1603 1625 1654 fas,
1664 1602 1741 1648 ubi
1777 1603 1965 1648 maxima
2000 1601 2202 1647 merces'.

365 1691 509 1726 LEVS.
582 1678 692 1723 Novi
735 1677 982 1727 hominem,
1041 1675 1297 1735 Capitosior
1346 1680 1415 1720 est
1461 1687 1592 1735 quem
1627 1673 1835 1734 equidem
1883 1671 2126 1719 infeliciter
2170 1672 2367 1732 captavi:

226 1764 328 1795 nam
362 1764 444 1810 pro
483 1748 608 1794 molli
644 1748 772 1793 laude
811 1762 943 1808 quam
979 1746 1067 1807 ipsi
1115 1745 1289 1796 31111111,
1337 1744 1701 1791 constantissime
1746 1745 1939 1803 ingessit
1984 1743 2090 1789 mihi
2136 1756 2233 1788 mea
2279 1743 2447 1789 cri-20.

226 1823 356 1866 mina.
430 1819 629 1866 Viderint
663 1819 905 1869 Rhomani,
953 1831 1009 1863 ne
1059 1823 1148 1863 stet
1182 1831 1267 1877 pro
1305 1821 1435 1877 parte
1472 1815 1664 1866 Christi,
1711 1821 1756 1860 et
1803 1829 1893 1861 non
1931 1829 2016 1875 pro
2054 1815 2225 1860 11031113
2262 1827 2370 1860 con-

224 1892 425 1937 lecturis.

363 1974 753 2009 HOOHS'PRATVS.
828 1960 1022 2006 Curatur
1048 1958 1219 2010 sedulo,
1258 1959 1296 2003 si
1321 1957 1452 2010 fallit,
1477 1957 1752 2019 praepositus
1777 1957 1866 2003 erit
1890 1956 2074 2003 Iacobus
2100 1955 2224 2007 Abel,
2251 1970 2369 2002 unus

228 2035 425 2079 omnium
462 2034 517 2079 ad
542 2032 737 2078 venanda
762 2032 1011 2078 sacerdotia
1034 2029 1355 2091 peritissimus,
1391 2043 1484 2075 11011
1509 2028 1667 2090 Capito
1693 2042 1846 2074 earum
1871 2041 2021 2074 rerum
2046 2027 2186 2078 rudis,
2223 2040 2370 2088 neque

227 2104 300 2150 hic
337 2104 466 2150 facile
502 2105 834 2164 possessionem
873 2109 1203 2162 consequetur,
1243 2115 1342 2146 cum
1380 2099 1457 2146 ille
1494 2101 1534 2146 ei
1570 2099 1746 2161 pridem
1782 2100 2016 2159 negotium
2053 2099 2224 2150 fecerit,
2263 2097 2368 2143 affe·
2382 2106 2427 2140 25

227 2175 386 2220 ctando
412 2177 537 2225 viam,
576 2175 630 2220 ad
669 2174 1015 2220 subvertendum
1051 2173 1122 2219 ius
1159 2172 1317 2218 huius:
1357 2173 1462 2232 quia
1498 2171 1552 2217 de
1590 2172 1737 2217 animo
1775 2171 1872 2216 eius
1909 2171 2121 2221 nescitur,
2160 2169 2214 2215 de
2249 2168 2370 2215 1³1·ae-

227 2246 432 2306 positura
471 2245 644 2291 dubitet
681 2260 831 2305 operae
869 2245 1067 2306 pretium
1113 2250 1172 2289 et.
1247 2243 1334 2289 Sed
1370 2243 1528 2289 Eccius
1575 2241 1712 2288 semel
1758 2243 1941 2288 emersit
1987 2247 2032 2287 et
2078 2239 2369 2287 confirmatus

146 2356 149 2360 .
228 2323 297 2362 est
334 2317 379 2361 in
416 2322 596 2378 captato
636 2317 912 2367 sacerdotio,
952 2316 1005 2361 de
1043 2315 1172 2361 cuius
1209 2328 1293 2375 pro
1331 2313 1574 2360 Rhomanis
1613 2313 1788 2364 studio,
1837 2313 1997 2359 ardore
2032 2311 2286 2373 pugnandi,
2324 2317 2370 2356 et

224 2388 380 2433 furore
419 2390 518 2448 quis
556 2387 726 2433 nescit?
765 2386 879 2443 Quid
918 2386 1059 2446 igitur
1094 2387 1139 2431 in
1178 2398 1229 2431 eo
1268 2385 1565 2436 desiderabis,
1605 2384 1783 2445 quando
1821 2382 2199 2430 adiunctissimam
2236 2381 2370 2428 hahet

228 2459 394 2505 sociam
430 2459 744 2520 pervicaciam,
793 2473 894 2518 quae
933 2471 1034 2503 eum
1072 2472 1172 2503 cum
1209 2456 1407 2502 Luthero
1446 2456 1694 2507 commisit,
1732 2461 1778 2501 et
1815 2468 1940 2516 spem
1976 2453 2177 2501 victoriae
2214 2459 2366 2500 osten·
2381 2458 2443 2492 34)-

222 2530 316 2581 ’(111,
354 2530 625 2591 impulitque
661 2536 713 2575 ut
748 2529 964 2575 Rhomam
1002 2530 1088 2573 iret
1124 2528 1382 2574 adiecturus
1419 2527 1597 2588 pondus
1632 2524 1857 2587 pontificii
1892 2524 2052 2573 calculi
2091 2526 2185 2571 suis
2222 2537 2369 2571 asser-

226 2601 462 2652 tiunculis,
502 2601 622 2661 quod
658 2601 801 2661 probe
838 2600 1027 2646 adiecit?
1055 2599 1133 2645 ‘dii
1170 2599 1301 2650 boni,
1351 2612 1483 2660 quam
1521 2596 1769 2644 cursitabat
1806 2611 1990 2658 quoquo
2029 2610 2219 2646 versum,
2259 2610 2370 2656 quo-

227 2673 312 2717 ties
351 2674 549 2717 animose
585 2674 703 2717 inter
740 2672 965 2717 doctiores
1003 2676 1048 2716 et
1087 2672 1327 2731 optimates
1365 2669 1593 2721 clamavit,
1630 2668 1800 2715 viribus
1836 2668 2053 2714 utendum
2091 2674 2136 2713 et
2171 2666 2369 2712 immedi-

228 2742 371 2788 cabile
416 2742 578 2788 vulnus
626 2756 732 2788 ense
781 2742 1145 2794 rescindendum,
1194 2756 1249 2788 ne
1287 2755 1392 2803 pars
1440 2755 1628 2803 syncera
1666 2739 1898 2787 trahatur?
1947 2739 2076 2800 quasi
2114 2753 2196 2786 sua
2232 2737 2368 2785 factio
2446 2744 2447 2747 ’

228 2900 412 2950 tequam
442 2895 585 2949 Spirae
618 2896 908 2936 contionator
946 2894 1101 2946 fieret,
1141 2894 1466 2948 Heidelbergae
1502 2894 1687 2935 bursam
1715 2905 1881 2935 novam
1918 2895 2101 2933 rexerat
2137 2891 2294 2944 ibique
2326 2903 2369 2931 a.

230 2966 352 3009 1492.
374 2970 651 3008 rectoratum
682 2967 839 3019 gessit.
872 2969 1104 3007 auctorem
1132 2965 1280 3006 libelli
1299 2966 1438 3006 Nosce
1460 2970 1501 3005 te
1520 2968 1653 3017 ipsum
1672 2965 1792 3006 facit
1811 2963 2042 3015 Iiicherus‚
2076 2975 2208 3016 quem
2237 2961 2371 3002 libel-

227 3038 319 3077 lum
348 3039 547 3078 Ioannes
577 3037 916 3078 Carthusiensis
949 3037 1209 3090 conposuit,
1243 3036 1324 3076 sed
1357 3037 1432 3076 cui
1463 3035 1624 3076 Gallus
1654 3035 1960 3077 tetrastichon
1991 3033 2248 3087 adscripsit.
2297 3033 2367 3073 De

231 3109 475 3149 concordia
504 3108 802 3149 Pfortzhemii
829 3110 952 3148 inter
981 3107 1226 3161 plebanum
1258 3110 1303 3147 et
1334 3107 1501 3147 fratres
1530 3107 1859 3160 praedicatores
1891 3119 1947 3147 36
1984 3106 2182 3146 minores
2215 3116 2242 3144 a
2270 3103 2367 3145 Iod.

234 3178 366 3219 Gallo
408 3179 656 3220 conciliata
693 3179 799 3221 vide
839 3179 1060 3220 Adamum
1098 3179 1146 3218 in
1182 3179 1282 3218 vita
1319 3177 1570 3219 Pellicani.
1611 3176 1742 3230 (Vitt.
1773 3176 2029 3231 theologor.
2058 3175 2135 3215 Ff.
2159 3172 2283 3215 1653.
2305 3171 2366 3213 8⁰.

230 3263 273 3301 p.
295 3249 410 3299 277.)
444 3248 624 3302 Scripta
652 3250 740 3290 viri
770 3253 1006 3291 enumerat
1026 3248 1200 3290 Schwab
1220 3249 1252 3291 l.
1274 3262 1312 3291 c.
1333 3263 1378 3302 p.
1401 3247 1469 3289 79.
1576 3247 1594 3274 ²
1622 3248 1869 3289 Fabricius
1903 3251 1948 3290 3.
2052 3246 2069 3272 8
2098 3245 2191 3299 lup.
2213 3241 2365 3297 hians]

233 3319 304 3359 Cf.
325 3318 414 3360 vol.
437 3319 496 3360 ΙΙ.
517 3333 559 3372 p.
583 3320 682 3361 487.
706 3321 763 3361 ad
782 3321 870 3364 vol.
890 3322 926 3361 I.
949 3335 992 3374 p.
1019 3319 1114 3361 106.
1191 3319 1209 3345 ⁹
1241 3320 1534 3361 contumatiae
1556 3322 1596 3361 2.
1609 3322 1652 3361 3.
1686 3319 2080 3371 contumaciaeque
2101 3318 2142 3357 4.
2221 3312 2257 3340 ¹⁶
2288 3314 2367 3355 Se·

233 3389 425 3430 cundum
465 3388 745 3431 Gerbellium
786 3391 969 3442 (Adam.
1002 3393 1105 3435 vitt.
1135 3391 1407 3445 Theologor.
1438 3405 1483 3445 p.
1505 3389 1602 3443 90.)
1644 3394 1691 3432 et
1722 3388 1958 3444 (Herzog)
1986 3388 2151 3429 Athen.
2181 3385 2366 3427 Raurie.

230 3474 274 3514 p.
299 3459 364 3500 ll.
397 3459 558 3511 Capito
591 3474 631 3500 a.
655 3461 777 3503 1523.
808 3462 975 3516 templo
1016 3463 1057 3503 d.
1090 3463 1274 3503 Thomoe
1304 3463 1546 3515 Argentor.
1584 3462 1858 3515 praepositus
1897 3463 1981 3501 est.
2043 3458 2256 3499 Ceterum
2293 3456 2368 3496 hic

231 3530 440 3583 dialogus
471 3532 593 3570 totus
623 3532 691 3571 ita
722 3534 978 3586 conpositus
1011 3537 1081 3574 est
1108 3537 1160 3573 ut
1181 3547 1222 3574 a.
1249 3532 1372 3574 1520.
1394 3535 1589 3573 exeunte
1610 3533 1708 3573 sive
1730 3531 1853 3573 1521.
1874 3532 2094 3582 ineunte,⁴
2111 3531 2236 3570 certe
2259 3531 2367 3568 ante

230 3600 477 3642 Reuchlini
507 3601 679 3641 obitum
710 3600 772 3653 (d.
796 3601 864 3642 30.
887 3604 986 3646 Iun.
1019 3617 1061 3644 a,
1088 3603 1230 3656 1522.)
1262 3605 1459 3657 scriptus
1489 3603 1638 3645 videri
1668 3603 1851 3645 debeat.
1967 3600 2003 3628 ¹⁷
2031 3603 2140 3641 mut.
2164 3611 2207 3651 q.
2228 3595 2364 3652 pisc.]

231 3666 532 3725 ἀφωνότερος
561 3669 653 3712 τῶν
685 3665 881 3725 ἰχθύων.
918 3674 1111 3714 Lucian.
1142 3667 1442 3726 ἀφωνότερος
1479 3672 1659 3728 κίχλης.
1681 3670 1865 3715 'Maean
1896 3673 1951 3715 V.
1971 3671 2042 3712 45.
2157 3668 2371 3709 subducit

234 3746 324 3786 1.2.
337 3745 378 3783 4.
495 3741 527 3766 ¹⁹
561 3742 645 3783 Cic.
676 3742 804 3782 Verr.
835 3743 896 3783 II.
919 3742 958 3783 3.
981 3742 1133 3794 62,144.
1172 3757 1383 3796 „semper
1414 3744 1579 3784 habuit
1607 3744 1794 3786 venalia
1823 3743 1981 3793 fidem,
2011 3741 2084 3781 ius
2112 3740 2366 3791 iurandum,
2437 3748 2456 3792 J

231 3814 496 3863 veritatem,
529 3812 750 3863 officium,
784 3812 1095 3866 religionem”.
1181 3811 1267 3840 ²52⁶
1300 3814 1601 3855 assectando?
1705 3813 1743 3841 ³⁰
1773 3828 1812 3856 c.
1833 3808 2061 3864 Luthero]
2085 3811 2134 3851 in
2164 3811 2367 3864 disputa-

230 3886 354 3926 tione
384 3884 631 3938 Lipsiensi.
717 3881 752 3909 ³¹
785 3884 1068 3925 adiecturum
1096 3885 1195 3926 edd.
