2456 4264
121 575 195 616 §.7.

115 1275 188 1317 §.8.

111 1840 187 1881 §.9.

82 2322 113 2363 §.
128 2325 177 2361 10.

81 2688 175 2728 §.lh

215 267 335 325 466
886 284 1213 314 Hocns'rRA'rvs
1235 283 1383 312 OVANS
1406 283 1656 313 DIALOGVS.

212 423 327 470 stola
364 423 497 467 missa
533 411 750 467 referret,
799 430 910 476 quas
949 422 1119 466 tamen,
1169 417 1271 476 quia
1317 424 1424 474 rege
1471 414 1755 474 imprudente
1801 414 1868 460 illi
1910 415 2201 465 infulserant,
2250 416 2344 475 epi-

215 506 379 553 scopus
418 490 594 551 quidam
631 487 805 547 Angliae
843 486 1002 532 doctus
1041 488 1203 531 iterum
1241 484 1479 545 expunxit,
1516 483 1672 530 relicta
1708 486 1944 531 vocatione
1981 499 2261 546 quacunque.

349 560 735 607 Hocns'rRA'rvs.
809 555 916 611 Quis
954 562 1024 601 est
1060 555 1135 602 ille
1174 557 1414 616 episcopus
1450 555 1511 600 ita
1548 554 1772 615 malignus
1809 554 1919 601 tibi?
1959 556 2066 616 quid
2101 555 2251 602 taces?

346 642 491 678 LEvs.
562 628 731 674 Vereor
766 641 845 678 ne,
895 627 932 672 si
969 626 1145 677 dixero,
1195 626 1240 671 id
1287 627 1503 672 resciscat
1548 632 1703 677 autor,
1751 631 1799 671 et
1844 625 1909 672 sic
1955 627 2140 687 incipiat
2188 633 2342 687 aperte

206 702 318 747 male
356 701 491 754 velle„
520 731 524 735 -

344 781 735 817 HocHsTRA'rvs.
808 767 996 814 Tacebo.

342 854 485 889 LEvs.
561 841 626 886 Tu
663 838 859 886 tacebis?
900 839 1017 885 sicut
1054 837 1432 884 consultationem
1457 836 1695 884 Reuchlini
1719 838 1925 889 tacuisti,
1965 851 2097 898 quam
2123 838 2188 883 vir
2213 851 2343 898 aper-

206 920 279 959 tus
316 912 370 959 ad
406 925 564 958 manus
602 910 930 971 archiepiscopi
965 908 1217 970 Moguntini
1255 914 1431 954 secreto
1469 908 1738 968 scripserat,
1787 914 1837 953 tu
1882 907 2007 953 miris
2055 908 2232 954 technis
2271 923 2342 954 ac-

205 984 414 1044 quisitam
450 996 532 1043 per
567 972 847 1042 provincias,
885 994 967 1041 per
1002 980 1207 1026 coenobia
1245 979 1522 1024 diversarum
1560 979 1805 1025 factionum
1843 978 2169 1025 contumeliose
2194 978 2340 1039 publi-

204 1056 340 1104 casti,
379 1067 535 1114 sparsa
572 1052 707 1098 etiam
745 1051 791 1096 in
827 1051 988 1111 vulgus
1027 1051 1142 1097 sama
1178 1063 1259 1110 per
1295 1049 1495 1095 libellum
1532 1049 1747 1110 baptizati
1783 1049 1920 1095 ludaei
1944 1052 2125 1095 nomine
2151 1049 2395 1100 editum,10

203 1125 348 1170 virum
386 1123 510 1169 illum
548 1121 887 1183 integerrimum
935 1134 1034 1167 esse
1079 1120 1364 1171 haereticum,
1416 1120 1524 1166 adeo
1573 1126 1624 1166 ut
1671 1121 1711 1165 ei
1758 1133 1945 1166 necesse
1992 1125 2116 1167 esset
2166 1133 2214 1166 se
2258 1134 2341 1180 per

204 1194 459 1257 apologiam
496 1206 691 1254 purgare
728 1192 840 1238 orbi.
2037 1227 2039 1229 ,

343 1276 730 1312 Hocns'rRA'rvs.
802 1264 861 1308 At
897 1261 973 1308 ille
1009 1269 1104 1308 tum
1142 1268 1362 1308 averterat
1396 1276 1488 1307 non
1528 1261 1674 1307 solum
1711 1262 1906 1308 nominis
1943 1261 2338 1312 immortalitatem,

207 1336 284 1382 sed
321 1342 366 1382 et
402 1335 500 1382 auri
535 1335 697 1380 Iudaici
733 1340 987 1395 capturam:
1028 1339 1265 1393 utramque
1304 1333 1421 1379 enim
1458 1345 1553 1378 rem
1592 1332 1782 1379 facultas
1820 1332 2051 1379 auferendi
2090 1331 2230 1378 libros
2255 1332 2340 1378 He-

203 1407 429 1452 braeorum
467 1405 719 1456 attulisset,
768 1405 889 1466 quod
935 1404 1107 1450 facinus
1154 1410 1277 1449 esset
1312 1403 1540 1464 singulare
1577 1409 1623 1449 ct
1658 1403 1870 1450 arduum:
1920 1404 1997 1464 qui
2046 1402 2164 1449 enim
2202 1414 2394 1464 superis

204 1476 308 1523 fidei
344 1478 563 1537 pravitate
601 1476 839 1522 convenias
877 1488 955 1520 eos
994 1473 1158 1534 quibus
1195 1476 1381 1520 maxime
1418 1474 1547 1525 licet,
1598 1480 1650 1520 ut
1699 1488 1820 1520 nunc
1867 1480 1996 1525 sunt,
2046 1480 2168 1520 extra
2207 1473 2337 1519 fidem

202 1561 406 1599 manere,
446 1548 701 1607 praesertim
737 1546 814 1591 ubi
850 1545 1199 1592 constitutiones
1234 1545 1558 1606 Imperatorum
1598 1551 1643 1590 et
1666 1544 1934 1591 Pontificum
1970 1545 2256 1605 repugnent?
2293 1550 2339 1590 et

203 1617 325 1678 quod
360 1619 512 1664 miseri
550 1617 707 1668 Iudaei,
758 1619 796 1662 si
841 1630 933 1661 non
981 1621 1032 1661 ut
1068 1615 1121 1661 ab
1158 1615 1384 1662 haereticis
1423 1629 1577 1662 eorum
1615 1615 1791 1661 divitias
1827 1616 1936 1661 mihi
1974 1615 2175 1677 rapiendi
2212 1614 2339 1661 fieret

202 1688 414 1739 facultas,
454 1694 578 1734 certe
613 1688 757 1733 coacti
795 1687 988 1732 fuissent
1025 1687 1217 1732 maximo
1256 1687 1476 1732 redimere
1511 1700 1757 1747 paucorum
1783 1686 2038 1733 libellorum
2065 1701 2213 1732 usum.
2253 1700 2338 1732 cae-

202 1766 347 1804 terum
384 1758 500 1804 fidus
539 1772 637 1804 sum
676 1757 753 1803 ubi
790 1756 976 1818 perfidia
1012 1770 1103 1802 non
1141 1757 1299 1802 fecerit
1336 1757 1390 1803 ad
1427 1757 1628 1804 farinam.
2352 1773 2394 1805 ‘20

342 1841 487 1877 ans.
559 1828 650 1874 Imo
689 1829 728 1873 si
764 1828 924 1874 fecerit
959 1827 1013 1872 ad
1050 1827 1234 1878 famam,
1281 1827 1430 1873 effluis
1466 1827 1628 1888 plenus
1663 1827 1903 1879 rimarum,
1952 1829 2027 1889 qui
2065 1828 2340 1875 Praedicator

199 1913 247 1945 es
284 1906 329 1945 et
364 1899 631 1949 Monachus,
669 1911 753 1945 nec
789 1900 849 1944 ita
888 1905 1020 1943 tenax
1057 1899 1218 1944 secreti
1246 1898 1546 1944 confessionis
1573 1898 1856 1945 auricularis.
1893 1899 2012 1944 unde
2037 1899 2220 1960 alioqui,
2259 1898 2338 1946 ob-

199 1984 351 2021 secro,
390 1976 480 2015 tam
518 1983 726 2030 expressa
763 1969 937 2015 notatio
977 1969 1389 2015 occultissimorum
1426 1969 1639 2015 vitiorum
1677 1983 1701 2015 e
1737 1970 1987 2030 suggestu?
2032 1969 2197 2016 lccirco
2236 1984 2335 2032 ego,

195 2041 267 2087 cui
304 2055 405 2087 cum
442 2047 592 2086 vestro
632 2040 838 2086 sodalitio
876 2054 1036 2100 magna
1073 2039 1314 2086 intercedit
1348 2040 1658 2092 necessitudo,
1700 2047 1845 2086 tamen
1883 2040 2010 2087 soleo
2047 2041 2261 2088 duntaxat
2285 2055 2336 2089 ea
2368 2077 2392 2088 η

194 2111 356 2163 dicere,
395 2111 559 2172 quibus
596 2111 742 2172 palam
768 2111 898 2157 factis
924 2125 1014 2157 non
1041 2117 1131 2156 tam
1158 2110 1306 2171 pudor
1331 2125 1465 2171 quam
1489 2111 1731 2172 probitatis
1757 2113 1911 2173 opinio
1936 2113 2160 2158 nascitur:
2199 2112 2333 2158 huius
2351 2130 2393 2161 25

196 2182 438 2228 voluntatis
477 2188 583 2228 sunt
620 2181 964 2243 quibuscunque
1000 2182 1069 2227 vel
1106 2181 1282 2227 indoles
1319 2181 1573 2229 liberalior:
1613 2183 1714 2243 quis
1753 2184 1871 2229 enim
1910 2182 2004 2229 sani
2028 2184 2191 2244 capitis
2217 2182 2336 2229 futili

196 2253 426 2299 concredit
463 2253 583 2313 quod
618 2253 847 2314 proditum
883 2259 1038 2299 notam
1074 2253 1302 2298 inureret?

335 2336 728 2372 Hocns'rRA'rvs.
802 2323 836 2369 Ο
883 2324 1105 2370 nefarium
1151 2324 1400 2375 hominem,
1454 2323 1561 2385 quid
1607 2324 1704 2371 ais?
1752 2324 1923 2371 adeone
1969 2338 2022 2370 ex
2068 2331 2146 2371 tuo
2186 2327 2333 2372 animo

194 2393 389 2441 alienum
427 2394 653 2441 aestimas?
700 2396 875 2455 privato
922 2394 1003 2440 tibi
1049 2408 1209 2455 parum
1255 2394 1613 2441 animadvertens
1649 2395 1861 2441 Erasmus
1911 2397 2095 2457 scripsit
2122 2395 2333 2460 ¹paucula

190 2464 337 2515 verba,
376 2479 475 2525 quae
512 2471 562 2510 tu
598 2465 786 2526 legenda
822 2465 1102 2525 proposuisti
1140 2465 1263 2517 orbi,
1313 2465 1532 2526 siquidem
1585 2465 1685 2512 orbi
1722 2472 1768 2513 te
1804 2466 2002 2513 scribere
2038 2467 2237 2519 iactitas,
2285 2474 2331 2513 et
2347 2481 2388 2513 :30

188 2535 446 2581 istiusmodi
482 2535 678 2582 levitatis
715 2549 785 2580 me
823 2550 1004 2596 quoque
1040 2536 1295 2588 insimulas.
1334 2536 1464 2583 fidem
1502 2538 1643 2598 ipsam
1682 2537 1922 2584 severitate
1960 2545 2262 2599 superantem,

333 2619 617 2654 LVPOLDVS.
694 2606 889 2653 Graecam
903 2606 1112 2669 „scilicet
1776 2602 1779 2605 ’

330 2690 478 2725 ans.
551 2677 746 2724 Vocatus
783 2677 935 2739 itaque
983 2678 1370 2739 qualibuscunque
1414 2678 1559 2725 literis
1605 2679 1660 2725 ad
1705 2679 1873 2740 reginae
1909 2679 2158 2741 Anglorum
2207 2694 2332 2727 sacra

192 2760 293 2792 mox
330 2748 384 2792 ad
420 2749 507 2793 iter
543 2762 614 2793 me
652 2748 841 2799 accinxi,
880 2748 1078 2795 abscessi
1113 2749 1332 2801 Lovanio,
1381 2751 1480 2795 veni
1516 2749 1794 2804 Londinum;
1842 2750 1926 2797 sub
1962 2757 2142 2798 noctem
2180 2758 2330 2798 autem

190 2817 248 2863 ob
287 2817 443 2864 oculos
480 2818 632 2865 nescio
672 2834 760 2880 qua
797 2821 1033 2865 occasione
1069 2822 1273 2866 revocavi
1311 2835 1401 2882 quo
1441 2820 1616 2873 studio,
1655 2829 1823 2883 quanta
1859 2821 2140 2869 observantia
2164 2822 2326 2870 Praedi·
2344 2837 2386 2870 35

190 2894 382 2940 catores,
420 2895 464 2934 et
500 2888 725 2935 Camelitae
749 2889 1046 2936 Lovanienses
1084 2891 1319 2937 affuissent
1354 2892 1586 2938 meditanti
1623 2892 1732 2938 mihi
1769 2892 1955 2940 insidias
1978 2892 2186 2939 Erasmo:
2225 2908 2330 2939 con-

190 2958 394 3004 tulerunt
430 2961 546 3005 enim
584 2962 629 3005 in
665 2960 819 3006 nidum
855 2974 999 3007 meum
1040 2963 1232 3022 quisque
1271 2977 1403 3008 ovum
1429 2977 1587 3015 suum,
1626 2969 1671 3009 et
1696 2964 1757 3010 ita
1784 2977 1940 3010 eorum
1974 2964 2187 3025 praesidio
2224 2964 2333 3011 freti

188 3031 528 3076 annotationum
565 3036 805 3077 centonem
842 3033 962 3078 intra
1009 3032 1238 3078 biennium
1286 3036 1676 3094 conportavimus,
1723 3049 1835 3096 quas
1882 3035 2156 3082 domesticus
2202 3049 2328 3081 meus

187 3098 343 3145 rhetor
387 3101 604 3161 hispanus
650 3116 808 3161 magna
855 3117 911 3171 ex
953 3110 1082 3163 parte
1129 3103 1362 3164 expolivit,
1413 3118 1688 3167 operamque
1735 3108 1949 3167 optimam
1996 3112 2205 3153 navasset
2240 3107 2328 3152 nisi

186 3171 232 3213 in
285 3170 543 3223 stultitiam,
594 3172 748 3218 vitium
797 3175 966 3219 oratori
1016 3175 1279 3226 maximnm,
1331 3182 1419 3222 tam
1466 3175 1624 3223 crebro
1662 3176 1915 3223 incidisset:
1961 3183 2169 3238 pugnant
2205 3177 2322 3223 enim
2342 3193 2383 3225 40

2354 705 2374 735 5

301 3319 315 3346 1
347 3321 624 3363 infalserant
644 3325 685 3363 4.
764 3323 810 3350 ¹·²
843 3323 999 3378 episc]
1031 3325 1248 3379 Wolsey‘?
1335 3325 1353 3351 4
1384 3332 1546 3381 aperta
1575 3331 1670 3371 1.3.
1705 3332 1816 3382 apta
1845 3331 1886 3370 4.
1912 3327 1959 3382 (l)
2055 3329 2072 3356 ⁸
2103 3327 2324 3383 archiep.]

188 3388 358 3430 Urielis
390 3391 430 3431 d.
455 3391 494 3431 d.
518 3391 557 3434 6.
580 3392 680 3434 Oct.
706 3393 828 3435 1510.
851 3396 899 3435 in
919 3395 1162 3436 Reuchlini
1194 3395 1515 3456 elugeuipieget.
1538 3412 1582 3453 p.
1604 3400 1642 3440 I.
1666 3412 1762 3453 sqq.
1796 3398 1868 3439 Cf.
1890 3399 2004 3441 Maii
2029 3400 2111 3443 vit.
2131 3399 2323 3441 Reuchl.

187 3474 230 3513 p.
251 3460 346 3501 257.
370 3474 467 3514 sqq.
500 3463 559 3503 H.
581 3477 617 3503 v.
642 3465 684 3506 d.
706 3465 853 3505 Har-dt
882 3466 1004 3506 Hist.
1036 3466 1103 3506 lit.
1127 3468 1211 3510 ref.
1234 3469 1294 3508 ΙΙ.
1325 3482 1369 3520 p.
1393 3467 1432 3509 6.
1456 3482 1551 3522 sqq.
1670 3501 1680 3510 .
1703 3470 1774 3510 Tu
1810 3471 1907 3513 edd.
2022 3469 2059 3496 ¹⁰
2094 3470 2318 3524 libellum]

185 3527 470 3587 spanbfp'tegel
499 3531 681 3573 Ioannis
702 3534 1002 3576 Pfefferkorn.
1037 3535 1199 3589 (1510.)
1230 3538 1289 3578 4⁰.
1352 3537 1384 3563 ¹²
1417 3539 1694 3594 apologiam]
1733 3538 2069 3598 mugenfpiegel..
2129 3539 2164 3567 ¹³
2196 3554 2321 3582 euer-

185 3603 310 3641 terat
342 3603 385 3642 3.
463 3599 498 3627 ¹⁸
528 3601 722 3644 diuicias
744 3607 785 3644 2.
858 3603 891 3630 ²¹
931 3606 1097 3646 Terent.
1118 3608 1234 3647 Eun.
1257 3608 1293 3647 Ι.
1318 3608 1416 3654 225.
1442 3610 1641 3659 „Plenus
1671 3611 1887 3652 rimarum
1916 3623 2030 3664 sum,
2061 3611 2151 3653 hae
2183 3615 2320 3665 atque

184 3670 295 3711 illae
325 3671 540 3725 perfluo'’.
597 3671 632 3698 ²³
663 3673 884 3714 uiciorum
906 3678 949 3715 2.
1009 3673 1045 3701 ²⁶
1075 3676 1209 3717 futile
1233 3680 1272 3718 1.
1288 3681 1328 3719 3.
1359 3682 1438 3720 sed
1454 3682 1497 3720 in
1518 3680 1669 3724 Errat.
1692 3681 1860 3735 1.1ege
1892 3681 2032 3722 futili.
2088 3680 2125 3706 ³²
2158 3681 2322 3723 Graeca

184 3740 320 3793 fides,
358 3745 411 3782 ut
446 3743 646 3792 Punica,
690 3746 758 3783 est
796 3744 1003 3796 perfidia.
1117 3745 1154 3771 3⁶
1186 3746 1447 3789 Carmelitae
1480 3752 1521 3790 4.
1553 3751 1705 3800 Immo,
1748 3754 1801 3792 de
1837 3753 2047 3793 industria
2083 3754 2220 3792 eiecta
2257 3759 2322 3794 est

182 3814 336 3853 canina
364 3813 522 3855 littera.
609 3811 645 3839 ³⁸
673 3812 1027 3855 Annotationum
1056 3814 1165 3857 libri
1196 3817 1305 3868 duo,
1336 3818 1384 3858 in
1413 3819 1746 3861 Annotationes
1775 3823 1828 3864 N.
1851 3823 1902 3865 T.
1923 3822 1977 3865 D.
2002 3822 2196 3863 Erasmi.
2228 3823 2319 3865 Ba-

183 3881 257 3925 sil.
285 3881 406 3926 1520.
494 3881 530 3908 ‘¹⁰
559 3882 607 3922 in
637 3885 735 3925 edd.
758 3886 894 3928 omiss.
918 3886 1080 3927 addidi.
