2456 4264
734 725 1093 793 ORATIO
1130 723 1602 794 FVNEBRIS

1002 855 1059 902 1N
1094 855 1316 903 LAVDEM

635 979 1092 1061 IOANNIS
1160 979 1715 1061 CERDONIS

1093 1121 1232 1165 SIVE

844 1237 1111 1306 VADE
1150 1233 1494 1304 MECVM

1105 1362 1235 1407 CVM

488 1477 1113 1528 TARDESVRGERII
1167 1478 1259 1531 ET
1317 1477 1857 1530 DORMISECVRE

718 1606 1045 1657 EPISTOLIS
1100 1605 1182 1656 ET
1239 1607 1633 1659 CARMINIBVS.

699 1695 713 1721 Χ

788 2020 1218 2063 PRAEMONlTVM
1260 2019 1567 2062 EDITORIS.

207 2147 436 2191 Parvulus
465 2147 586 2190 liber
615 2161 746 2202 quem
776 2148 855 2191 hic
887 2149 1168 2205 exhibemus,
1198 2148 1320 2190 inter
1340 2149 1791 2203 infrequentissimos
1811 2151 2133 2204 numerandus,
2166 2156 2270 2194 octo

95 2220 253 2274 parvis
282 2220 410 2262 foliis
440 2219 690 2261 octonariis
722 2223 929 2273 constat,
970 2221 1019 2261 in
1058 2234 1247 2274 quorum
1285 2221 1432 2274 primo
1470 2221 1592 2262 inter
1630 2226 1899 2263 ornamenta
1936 2223 2270 2278 xylographica

96 2291 213 2333 satis
241 2291 392 2332 nitida
430 2289 654 2332 Cerdonis
693 2291 830 2334 funus
867 2293 1256 2347 repraesentantia
1283 2305 1444 2334 versus
1475 2304 1556 2333 sex
1587 2293 1663 2346 qui
1693 2293 1850 2334 statim
1881 2307 1989 2348 pag.
2012 2306 2107 2346 seq.
2137 2307 2268 2347 repe-

93 2366 269 2413 tentur,
307 2363 628 2418 inscriptionis
665 2362 818 2404 locum
856 2364 1079 2418 optinent.
1140 2364 1495 2418 Inscriptionem
1534 2365 1815 2418 superiorem
1852 2364 1951 2419 ipse
1991 2365 2103 2407 feci.
2163 2366 2264 2406 Lit-

97 2437 199 2475 tera
229 2447 255 2491 e
283 2438 336 2476 ut
366 2436 426 2475 in.
444 2434 818 2489 praecedentibus
850 2435 1086 2490 opusculis
1117 2435 1481 2477 transcribendis
1511 2447 1621 2477 usus
1658 2449 1771 2480 sum.
1829 2437 2267 2491 Interpunctionem,

98 2517 199 2558 quae
229 2506 279 2547 in
309 2506 501 2560 antiquo
533 2505 787 2560 exemplari
816 2510 988 2561 praeter
1016 2509 1190 2560 puncta
1219 2507 1422 2560 binaque
1454 2511 1650 2561 puncta,
1682 2521 1786 2549 raro
1816 2508 1988 2562 posita,
2023 2507 2152 2549 nulla
2184 2511 2269 2559 est,

97 2577 198 2632 ipse
229 2577 591 2620 accommodavi.
650 2578 810 2632 Neque
842 2582 1020 2633 tempus
1051 2591 1200 2632 neque
1230 2577 1359 2620 locus
1379 2577 1530 2620 libelli
1548 2577 1779 2633 publicati
1801 2578 2057 2634 exemplum
2078 2579 2268 2631 indicat,

99 2647 182 2689 sed
217 2661 311 2690 non
347 2647 538 2691 multum
570 2662 599 2690 a
627 2662 737 2691 vero
770 2648 987 2691 aberrare
1030 2662 1131 2690 eum
1169 2654 1279 2704 puto
1319 2650 1397 2704 qui
1426 2649 1605 2691 Erfurti
1644 2663 1734 2691 non
1772 2651 1840 2691 ita
1877 2650 2015 2706 longe
2046 2654 2152 2704 post
2180 2651 2272 2691 La·
2343 2656 2353 2671 ’

99 2720 407 2779 mcntationcs
446 2720 740 2762 obscurorum
778 2721 979 2763 virorum
1017 2721 1282 2775 publicatas
1323 2734 1425 2763 eum
1455 2721 1698 2776 scriptum,
1737 2722 2079 2764 Parisiensibus
2121 2724 2273 2763 aute‘m

99 2791 254 2846 operis
274 2790 448 2832 editum
479 2803 582 2833 esse
614 2791 861 2833 coniectet.
924 2792 1062 2834 Grilli
1081 2793 1292 2834 Porcarii
1321 2805 1488 2834 nomen
1521 2806 1576 2834 ex
1597 2794 2028 2834 Lamentationibus
2061 2798 2144 2845 est,
2179 2793 2274 2835 alia

102 2861 248 2904 multa
279 2862 341 2904 ad
369 2862 607 2918 Epistolas
629 2862 684 2906 Ο.
704 2863 758 2907 V.
790 2863 1036 2906 referenda
1068 2877 1171 2906 esse
1200 2863 1429 2906 videntur.
1489 2863 1772 2919 Opusculum
1810 2864 1890 2906 ubi
1927 2864 2119 2918 primum
2149 2863 2274 2918 lege-

102 2945 214 2984 ram,
244 2931 339 2974 illis
368 2933 592 2988 Epistolis
624 2934 911 2976 adiciendum
944 2947 1046 2976 esse
1079 2935 1237 2976 statim
1269 2935 1473 2978 decrevi.
1516 2949 1571 2977 ex
1610 2937 1803 2978 incertis
1842 2935 1956 2977 meis
1996 2935 2052 2977 de
2085 2940 2272 2977 auctore

101 3004 436 3059 suspitionibus
465 3017 599 3059 spero
631 3006 832 3047 certiora
863 3005 1110 3060 aliquando
1139 3006 1315 3049 indicia
1346 3011 1636 3048 enascentur.

215 3075 410 3118 Nomine
440 3077 763 3128 Dormisecure,
805 3090 829 3118 e
861 3076 1003 3118 simili
1042 3076 1233 3119 officina
1274 3081 1412 3132 atque
1451 3079 1574 3120 istud
1612 3079 1891 3120 Vademecum
1929 3082 2140 3132 enatum,
2182 3079 2272 3120 for-

109 3151 235 3189 tasse
276 3147 335 3189 ad
373 3159 610 3189 sermones
650 3147 707 3189 de
745 3151 952 3202 tempore
995 3152 1042 3190 et
1081 3149 1136 3190 de
1178 3150 1355 3190 sanctis
1386 3150 1574 3191 Ioannis
1615 3150 1669 3191 de
1702 3150 1934 3191 Werdena
1967 3150 2271 3203 Coloniensis,

105 3218 201 3260 ord.
234 3218 430 3260 fratrum
460 3218 680 3260 minorum
712 3231 748 3261 s.
780 3220 1052 3273 Francisci‚
1094 3219 1348 3271 adluditur‚
1389 3233 1501 3274 quos
1543 3220 1612 3261 sic
1644 3220 1886 3270 dicebant,
1928 3220 2046 3274 quod
2077 3220 2175 3262 sine
2207 3220 2273 3261 la-

32 3339 34 3342 ⁴
105 3289 217 3331 bore
257 3289 456 3343 quilibet
500 3290 782 3344 praedicator
822 3291 870 3330 in
911 3291 978 3332 eis
1018 3290 1238 3345 proficere
1278 3295 1450 3345 posset.
1511 3291 1689 3332 Claruit
1726 3292 1802 3332 hic
1843 3293 2042 3333 Ioannes
2079 3293 2127 3333 in
2168 3305 2273 3333 con-

106 3364 249 3402 ventu
279 3359 548 3402 Coloniensi
588 3361 672 3402 sub
703 3360 984 3403 Wenceslao
1014 3362 1291 3416 imperatore
1334 3362 1460 3403 circa
1493 3376 1535 3404 a.
1563 3362 1710 3410 1300„
1742 3367 1794 3404 ut
1823 3364 2105 3405 Trithemius
2138 3363 2275 3406 catal.

8 3455 12 3461 ·
35 3429 50 3482 'r
113 3430 180 3473 ill.
201 3432 340 3474 viror.
362 3430 527 3488 p.b150.
550 3431 741 3473 rettulit.
775 3433 836 3474 cf.
862 3433 1003 3473 etiam
1033 3433 1326 3474 Hartzhemii
1358 3433 1479 3476 Bibl.
1504 3433 1663 3478 Colon.
1685 3448 1727 3488 p.
1749 3433 1847 3478 205.

22 3493 43 3518 ιδ

0 3248 3 3250 .
0 3173 17 3207 3:
0 3129 16 3144 Γ,
0 3048 17 3096 m„
0 2750 12 2973 ,μ’-.--ψ

8 3538 42 3571 ν

11 3574 46 3686 ἐι

41 3690 49 3752 ἓ

48 3896 53 3928 ι

1801 4044 1908 4099 29*-
