2456 4264
263 260 380 317 340
728 279 1111 309 LAMENTATIONES
1133 279 1438 306 onscvnonvu
1457 278 1668 306 vmonvu
1691 262 1952 319 [vn'rnmssL

252 414 358 473 fuit
396 414 527 474 quod
563 414 613 458 in
644 411 926 470 posteriore
962 410 1179 456 editione
1214 410 1312 456 22262
1346 420 1538 468 92209226
1562 408 1777 456 nominis
1800 410 2097 457 mentionem
2122 409 2396 457 admiscue—
2432 441 2434 443 »

259 502 376 546 22222.
457 497 610 553 Quasi
641 507 833 554 parum
873 491 1056 550 fuisset
1102 493 1342 553 ineptire,
1393 493 1494 539 nisi
1535 505 1626 539 nos
1662 505 1856 552 92209226
1890 498 2147 541 vocassent
2184 495 2235 540 in
2273 494 2396 541 invi-

259 585 417 640 diam,
469 586 516 627 62
559 591 795 638 2222292222222
832 581 1038 638 partem
1075 575 1285 635 fructus
1331 581 1400 624 tot
1434 577 1713 624 studiorum
1749 577 2007 625 laboribus
2042 578 2254 638 expetiti
2285 590 2394 625 cor-

255 668 518 727 rupissent.
595 663 671 710 Ne
707 663 763 710 id
798 663 993 723 quidem
1029 663 1151 709 satis
1186 665 1259 709 est
1293 663 1465 709 visum.
1542 660 1622 708 En
1669 661 1800 709 alter
1834 662 2029 710 libellus
2061 663 2230 722 priori
2263 662 2394 710 adsi·
2423 722 2429 726 ᾗ

253 752 395 809 2222223,
438 751 488 796 222
526 748 701 809 quibus
737 747 919 795 crebra
955 748 1137 794 mentio
1169 747 1228 804 fit
1263 758 1432 794 eorum
1470 746 1645 805 quibus
1679 747 1782 793 scio
1817 747 1954 794 lusus
1987 730 2272 794 huiusmodi
2304 759 2385 794 226-
2405 758 2430 793 ι

253 847 504 895 quaquam
536 833 765 894 probari.
844 831 998 888 Quam
1035 832 1165 878 male
1199 831 1462 878 consulunt
1499 832 1603 890 isti,
1659 844 1758 879 non
1793 831 1950 879 solum
1988 832 2041 878 in
2075 831 2276 892 seipsos,
2317 843 2395 878 ve·

253 933 363 967 rum
389 921 537 966 etiam
563 919 613 965 in
642 931 810 965 omnes
834 917 1010 977 quibus
1034 916 1158 973 bone
1195 917 1360 972 littere
1396 916 1553 974 6122226
1589 920 1719 964 322222.
1794 915 1905 963 122222
1931 916 2059 963 2222222
2081 921 2153 963 632
2180 916 2394 963 omnium

252 1006 638 1052 molestissimum
674 1002 817 1062 2222122,
859 1004 905 1050 32
937 1002 1083 1049 2220220
1121 1014 1289 1048 verum
1327 1004 1413 1058 est,
1456 1000 1592 1060 quod
1624 999 1748 1047 2222122
1782 1002 1928 1048 2322226
1963 1013 2192 1048 reversus
2220 998 2393 1058 famu—
2444 1034 2447 1035 γ

251 1091 329 1137 1223
365 1102 500 1136 2226223
535 1088 751 1136 Iacobus
788 1087 1046 1145 narravit,
1100 1086 1241 1146 apud
1284 1086 1564 1146 complures
1600 1085 1784 1133 baberi
1818 1084 2021 1143 Colonie
2056 1085 2275 1132 libellum
2311 1097 2392 1132 ne-

250 1176 351 1221 3620
389 1187 530 1234 9226222
568 1175 619 1220 222
655 1172 838 1220 Iulium
865 1173 1180 1232 pontificem,
1233 1171 1478 1229 quomodo
1525 1175 1749 1218 mortuus
1792 1171 2027 1218 exclusus
2061 1171 2125 1218 sit
2160 1170 2265 1228 6620
2293 1183 2392 1230 per
2407 1182 2456 1222 m

251 1259 467 1306 Petrum.
543 1258 816 1305 Audieram
854 1258 953 1303 iam
983 1256 1184 1316 pridem
1221 1254 1506 1302 huiusmodi
1533 1253 1767 1313 fabulam
1805 1259 1971 1302 actam
2008 1255 2060 1302 in
2088 1254 2270 1312 Gallia,
2311 1253 2396 1301 ubi
2428 1312 2432 1322 Ι

250 1345 710 1402 2222222222·2222922222222
748 1343 1013 1389 22222220222622
1049 1340 1251 1387 1266222222
1287 1352 1484 1399 semper
1512 1337 1636 1397 fuit.
1713 1339 1840 1387 Eam
1890 1340 2069 1399 opinor
2116 1339 2297 1399 aliquis
2342 1339 2393 1386 in
2414 1329 2447 1350 ⁰⁴

248 1429 459 1475 latinum
496 1440 770 1474 sermonem
808 1427 1080 1474 transtulit.
1158 1424 1390 1471 Demiror
1426 1424 1551 1483 quid
1584 1425 1691 1471 istis
1727 1425 1778 1471 in
1816 1429 2024 1471 mentem
2062 1425 2241 1482 veniat,
2282 1411 2421 1471 cum'
2455 1437 2456 1490 ᾗ

247 1515 321 1560 326
358 1514 518 1560 06222222
555 1517 603 1559 62
639 1525 844 1572 operam
877 1512 1116 1571 perdunt.
1193 1509 1416 1556 Ceterum
1455 1509 1683 1556 admiror
1718 1522 1822 1556 esse
1845 1510 1932 1568 qui
1951 1509 2268 1569 suspicentur
2292 1512 2392 1555 tam
2454 1498 2456 1511 ¹

250 1599 490 1657 insiqnem
527 1597 764 1657 ineptiam
791 1609 823 1642 a
848 1609 924 1642 2226
950 1593 1261 1655 profectam,
1303 1594 1483 1653 opinor
1520 1593 1578 1641 ob
1617 1594 1672 1640 id
1707 1594 1842 1654 quod
1874 1606 2036 1641 sermo
2067 1591 2294 1651 fortasse
2327 1593 2445 1645 situ

245 1683 401 1742 paulo
438 1682 664 1728 latinior.
740 1680 866 1727 Lusi
897 1680 1093 1739 quidem
1130 1680 1182 1726 in
1209 1677 1394 1736 Moria,
1436 1679 1526 1725 sed
1549 1679 1821 1736 incruente,
1865 1677 2047 1726 nullius
2076 1676 2277 1736 famam
2303 1689 2389 1725 no-

250 1768 475 1814 minatim
507 1766 820 1826 perstrinxi:
859 1765 910 1811 in
933 1777 1094 1811 mores
1129 1763 1381 1810 hominum
1417 1763 1636 1821 lusimus,
1677 1775 1776 1810 non
1814 1764 1865 1809 in
1899 1760 2095 1822 famam
2119 1762 2387 1810 bominum.
2415 1798 2441 1824 a:

254 1851 353 1909 Quc
376 1853 422 1898 si
445 1863 565 1897 uera
590 1850 714 1896 2222122
736 1850 995 1897 nunciavit
1011 1846 1265 1906 famulus:
1290 1847 1511 1894 nondum
1536 1848 1666 1894 enim
1690 1848 1814 1894 satis
1839 1848 1992 1894 credo
2006 1862 2023 1893 .·
2050 1860 2197 1907 queso
2222 1851 2285 1906 te,
2315 1847 2392 1899 vir

163 1955 187 1986 α
206 1952 226 1983 5
250 1937 444 1996 optime,
487 1939 539 1982 ut
562 1934 840 1982 istiusmodi
862 1947 1025 1992 22229223
1050 1934 1229 1994 impias
1250 1946 1348 1993 pro
1373 1931 1393 1995 Η
1421 1937 1509 1979 22222
1546 1933 1685 1979 virili
1697 1932 2004 1999 premendas
2027 1943 2187 1991 cures,
2223 1931 2410 2001 prius-v.

248 2033 395 2080 quam
432 2020 781 2078 excudantur‚
824 2032 923 2066 non
963 2019 1094 2078 quod
1130 2019 1215 2066 isti
1249 2018 1395 2078 diyni
1426 2023 1567 2077 sunt,
1621 2016 1798 2077 quibus
1832 2016 1928 2065 1206
1957 2022 2214 2078 prestetur
2249 2017 2442 2086 bene-22⁰

242 2107 362 2164 sicii,
403 2105 493 2152 sed
528 2104 664 2164 quod
698 2109 921 2151 nostrum
958 2108 1044 2163 est,
1077 2104 1278 2164 publice
1314 2103 1592 2151 studiorum
1627 2101 1882 2150 honestati
1913 2102 2202 2162 consulere,
2243 2115 2397 2163 quam¹>

248 2191 332 2238 isti
376 2190 560 2237 talibus
603 2189 792 2237 lusibus
837 2189 1045 2248 2222229226
1091 2189 1454 2237 602222222222222222.
1531 2186 1693 2235 Ρο220
1740 2187 1877 2247 922οά
1920 2187 1992 2234 2222
2035 2200 2112 2234 2226
2146 2189 2398 2262 pertinet&

154 2277 226 2331 isi
247 2277 349 2323 scio
387 2276 627 2323 neminem
658 2273 805 2334 fore,
847 2275 936 2334 qui
968 2287 1045 2321 me
1081 2274 1231 2333 norit,
1273 2274 1391 2334 quin
1428 2273 1550 2320 satis
1585 2272 1851 2332 intelliqat,
1891 2267 2185 2338 istiusmoldi
2216 2273 2399 2330 nenias„

247 2360 371 2407 2222122
402 2373 559 2420 supra
595 2359 792 2407 modum
831 2359 1159 2420 displicuisse,
1201 2359 1391 2418 quippe
1425 2358 1666 2418 indiqnas
1700 2357 1911 2405 eruditis
1947 2370 2011 2404 ac
2040 2357 2214 2418 probis
2250 2346 2398 2409 viris.

244 2445 431 2492 Iacobo
467 2445 724 2492 Hornensi
764 2444 968 2492 multam
1015 2457 1081 2491 622
1126 2456 1203 2490 me
1236 2443 1446 2490 salutem
1485 2443 1661 2501 dicite,
1712 2442 1854 2490 6222223
1898 2443 2108 2503 epistola
2146 2443 2252 2490 dici
2284 2454 2392 2507 non.

239 2535 401 2590 potest
438 2534 751 2590 quantopere
786 2530 877 2576 sim
915 2529 1201 2576 delectatus.
1277 2528 1352 2575 De
1388 2528 1664 2589 composita
1699 2528 1787 2575 lite
1819 2526 2152 2575 Reucblinica
2197 2528 2395 2596 utinam·

244 2627 367 2661 vera
403 2616 624 2662 nuncies.
702 2614 975 2662 Nuneiavit
1009 2614 1132 2661 2222122
1165 2613 1370 2674 quidam
1395 2613 1768 2680 Alcmariensis‚
1810 2617 1857 2660 te
1882 2613 2072 2660 alteras
2098 2613 2168 2660 ad
2191 2626 2281 2661 nos
2305 2612 2385 2676 def

246 2699 375 2746 disse
409 2701 605 2757 22262223,
658 2713 827 2770 verum
865 2712 951 2746 eas
987 2699 1206 2746 nondum
1244 2699 1437 2763 accepi,
1514 2697 1654 2745 Bene
1700 2698 1833 2756 vale,
1876 2697 2158 2746 doctissime
2195 2682 2396 2769 Cfsarit}

244 2783 528 2844 Antwerpic
558 2785 806 2844 postridie
841 2788 1089 2844 assumpte
1125 2784 1351 2842 2222922223.
1398 2782 1575 2836 ,Α22220
1613 2781 1986 2832 .Μ.66666.Χ2Ἡ.

1267 2933 1354 2990 11.

719 3059 759 3106 (Ι
806 3052 1096 3109 Ioannes
1148 3051 1570 3109 Arnoldinus
1617 3051 1911 3128 Lyricen

263 3163 568 3212 Pultrono
605 3164 1071 3224 Fenestrificis
1107 3167 1351 3226 totique
1387 3166 1790 3214 obscurorum
1827 3165 2080 3214 cohorti
2114 3163 2184 3212 .S.
2212 3164 2267 3212 P.
2296 3163 2356 3211 D.

658 3265 699 3312 V
701 3266 926 3324 ulneror,
967 3270 1015 3312 et
1050 3266 1272 3313 clausum
1298 3269 1454 3326 porto
1489 3265 1577 3313 sub
1606 3270 1813 3326 pectore
1849 3265 2021 3323 telum,

745 3349 933 3397 Crescit
967 3354 1016 3397 et
1051 3350 1250 3398 assidue
1274 3350 1440 3410 playa
1477 3350 1718 3410 dolorque
1752 3349 1898 3397 mibi:
2428 3381 2456 3422 5·

646 3431 748 3480 Sed
774 3432 1008 3491 ferientis
1044 3434 1212 3482 222212226
1247 3447 1347 3481 22022
1382 3435 1549 3488 ,audeo
1586 3435 1755 3482 dicere
1789 3447 1991 3493 nomen,
2367 3491 2379 3500 „
2427 3400 2456 3551 ᾖ

742 3517 848 3565 Ν66
883 3520 1001 3565 322222
1038 3523 1266 3580 aspectus
1291 3519 1459 3580 playa
1495 3520 1665 3568 videre
1697 3532 1828 3567 suos.
2366 3506 2456 3568 '³⁵1³

242 3613 483 3660 Miserum
537 3619 607 3660 est
661 3616 927 3663 exturbari
976 3614 1200 3673 fortunis
1251 3618 1496 3678 omnibus,
1549 3623 1727 3679 patres
1773 3619 2083 3679 conscripti,
2145 3616 2376 3665 acerbum
2423 3557 2456 3676 ’,ς

354 3736 364 3762 ¹
398 3739 443 3778 in
475 3742 590 3791 post.
616 3736 702 3790 e‹].]
746 3740 842 3778 Vult
874 3740 1006 3791 episss.
1029 3740 1064 3778 I.
1086 3741 1169 3788 42„
1201 3741 1391 3793 primam
1424 3743 1692 3794 appendicis
1723 3743 1967 3784 voluminis
1986 3744 2023 3783 I.
2100 3741 2117 3767 ⁹
2147 3734 2368 3794 libellum]
2435 3680 2456 3855 ἱ

239 3823 266 3848 a
295 3810 412 3850 nobis
439 3812 517 3850 vol.
540 3810 647 3850 1111.
666 3822 711 3860 p.
736 3807 832 3847 421.
854 3822 946 3861 sqq.
970 3809 1208 3849 eoelzibitum.
1287 3809 1323 3834 ³²
1355 3811 1647 3852 fenestrifieis
1680 3816 1718 3852 1.
1752 3813 1966 3855 cultrifici
1986 3816 2028 3856 2.
2086 3811 2124 3837 ³³
2153 3811 2388 3854 Vulneror
2420 3837 2422 3842 ·

236 3884 332 3928 etc.]
372 3881 531 3920 Versus
561 3880 699 3920 neseio
729 3884 844 3919 cuius
874 3880 1062 3929 artificis.
2447 3875 2449 3877 ’
