2456 4264
582 310 918 339 rueras-mmo.
979 310 1258 341 svmumvu
1279 310 1448 340 'ronvs
1471 310 1685 340 NEGOTII.
1752 311 1754 313 '
2094 289 2212 346 157

45 443 261 493 ventiwn
298 441 436 500 (cum
473 444 641 505 tamen
677 442 991 491 Christianus
1027 443 1134 504 ipse
1169 442 1287 502 sim)
1326 454 1430 490 esse
1467 442 1734 491 delendum
1771 442 2048 491 crudeliter
2086 445 2214 493 iudi-

47 527 287 578 dicando.
361 524 575 574 Accedit
609 526 900 576 Ioachimus
933 526 1195 577 Vadianus
1242 527 1430 586 Vienne
1467 527 1729 586 Pannonie
1768 527 1847 586 (ut
1882 530 2087 589 accepi)
2126 529 2216 576 lia-

45 613 211 662 bitans
221 647 239 672 ,
288 612 380 672 qui
419 624 499 659 me
542 613 677 659 male
719 612 1033 674 baptizatum
1076 612 1346 660 scribendo
1384 611 1659 673 Capnionis
1704 626 1911 661 causam
1959 615 2215 663 victricem

45 697 240 748 iudicat
261 700 312 744 et
333 696 465 744 nulli
487 697 796 759 impudentie
810 698 1005 758 parcit.
1070 697 1182 745 Hoc
1207 698 1374 745 tamen
1399 697 1505 745 solo
1540 698 1807 746 Vadianus
1831 699 1938 759 ipse
1961 699 2014 746 in
2040 701 2215 748 eadem

12 781 262 845 &epistola
273 781 553 843 plurimum
577 782 1018 841 commendandus,
1049 782 1188 842 quod
1209 783 1559 831 adversarium
1583 786 1808 830 nostrum
1827 782 1962 831 Iovis
1986 785 2090 832 vult
2112 798 2218 832 esse

44 868 393 928 interpretem,
433 866 531 915 hoc
563 871 636 914 est
670 867 886 927 diaboli,
927 868 1079 916 iuxta
1123 867 1343 916 eiusdem
1378 867 1670 915 adversarii
1700 867 1753 914 in
1790 865 2088 925 defensione
2120 882 2216 917 sua

32 955 388 1015 preposteram
413 952 896 1013 interpretationem.
971 951 1307 1012 Subsequitur
1330 951 1570 1012 deinceps
1593 964 1661 998 ex
1697 951 1870 998 eodem
1906 953 2019 1000 loco
2043 951 2216 1001 Simon

46 1030 237 1089 lazius
271 1048 375 1084 non
410 1036 600 1084 minori
630 1049 709 1084 me
743 1049 941 1085 vexans
975 1037 1297 1084 contumelia.
1374 1034 1531 1083 Adest
1568 1048 1766 1095 quoque
1802 1035 1912 1084 dux
1933 1038 2110 1097 qreqis
2133 1038 2215 1086 Io-

45 1133 202 1181 annes
236 1119 489 1170 Beucklin
526 1122 617 1182 qui
649 1122 703 1169 in
741 1122 915 1169 iisdem
952 1121 1176 1182 epistolis
1214 1120 1294 1178 (in
1332 1120 1510 1180 quibus
1544 1133 1598 1168 se
1632 1121 1819 1168 mutuis
1854 1121 2092 1170 laudibus
2127 1135 2216 1171 ex-

0 1206 226 1261 utdlunt
259 1218 411 1273 seque
445 1218 586 1254 more
612 1219 892 1267 porcorum
922 1204 1153 1265 fricant)
1183 1204 1492 1265 Cuspiniano
1528 1217 1618 1253 suo
1654 1205 1880 1253 scribens
1918 1206 2100 1254 rabido
2125 1220 2216 1255 nos

5 1291 9 1296 ’
42 1291 239 1340 latratu
274 1295 325 1338 et
358 1290 634 1349 nividentie
669 1291 921 1340 morsibus
957 1291 1160 1339 invasit.
1241 1288 1411 1338 Tertio
1446 1289 1708 1337 brevitatis
1743 1303 1837 1349 eqo
1871 1292 2048 1351 qratia
2074 1296 2218 1340 taceo

41 1387 121 1425 ne
154 1376 207 1424 in
244 1374 520 1436 Moquntia
556 1377 775 1438 turpiter
811 1376 875 1424 ab
913 1389 971 1424 eo
998 1388 1103 1437 pro
1141 1375 1392 1423 tribunali
1423 1375 1596 1432 lesum.
1677 1359 1888 1435 Quarto,
1931 1380 1986 1423 ut
2020 1375 2221 1425 brevius

40 1461 152 1522 sim,
191 1460 365 1509 omitto
398 1461 725 1523 multiplicem
762 1461 1115 1510 contumeliam
1140 1458 1291 1521 Spire
1314 1459 1442 1507 milii
1462 1460 1701 1522 neophito
1738 1464 1789 1508 et
1820 1461 2009 1509 insonti
2042 1461 2219 1523 (prout

2307 1462 2322 1524 ἶ

42 1546 97 1594 in
131 1546 261 1595 actis
293 1547 515 1606 constat)
554 1547 863 1607 iniquissime
897 1550 947 1594 et
972 1540 993 1612 Η
1017 1549 1202 1594 contra
1228 1544 1440 1604 Cesaree
1467 1544 1749 1593 Maiestatis
1771 1546 2068 1595 mandatum
2094 1548 2199 1595 ino-
2213 1526 2330 1614 gmij

0 1629 300 1682 *bedienter
334 1630 549 1679 illatam.
629 1629 811 1688 Quinto
847 1632 1093 1693 impressa
1129 1636 1203 1678 est
1246 1632 1399 1679 etiam
1445 1631 1610 1678 denuo
1659 1631 1885 1679 mendax
1931 1631 2225 1680 adversarii

23 1707 432 1776 'defensiojtum
469 1719 651 1764 contra
686 1717 878 1765 silentii
908 1716 1221 1775 mandatum,
1263 1720 1366 1764 tum
1392 1719 1578 1763 contra
1603 1716 1746 1775 illud,
1789 1716 1925 1776 quod
1950 1720 2053 1764 tam
2079 1730 2217 1765 ama-

41 1801 295 1850 rulentam
330 1799 675 1859 defensionem
713 1806 802 1850 aut
827 1802 1005 1863 potius
1042 1801 1371 1863 offensionem
1411 1800 1537 1860 (qua
1573 1805 1730 1848 totam
1761 1814 1896 1861 pene
1922 1800 2218 1850 Christiani-

42 1890 194 1934 tatem
221 1886 498 1947 pervertit)
534 1888 791 1948 supprimi
825 1888 981 1946 iussit,
1024 1886 1443 1947 quemadmodum
1481 1886 1534 1933 in
1550 1885 1946 1946 precedentibus
1970 1892 2044 1935 est
2067 1900 2216 1935 enar-

42 1974 232 2019 ratum,
307 1968 483 2030 Sexto,
523 1973 824 2020 mentionem
859 1984 937 2019 me
966 1970 1154 2030 facere
1191 1975 1391 2033 oportet
1427 1971 1562 2018 illius
1597 1970 1804 2031 epistole
1831 1969 2042 2029 infamis
2066 1985 2218 2032 quam

0 2054 497 2119 „Parrhysiensibus
531 2057 681 2116 misit,
723 2057 820 2105 deo
857 2069 922 2104 ac
958 2056 1240 2104 hominibus
1277 2069 1340 2103 ac
1375 2055 1500 2103 milii
1522 2055 1725 2102 tandem
1761 2067 1858 2116 per
1883 2056 2078 2116 aliquot
2102 2070 2218 2105 con-

43 2140 177 2189 vicia
221 2144 272 2188 et
312 2138 489 2199 falsas
523 2143 886 2203 persuasiones
931 2142 1219 2203 turpissime
1265 2141 1538 2189 illudentis.
1614 2139 1900 2200 Impressus
1947 2142 2100 2189 etiam
2147 2147 2220 2190 est

44 2224 311 2286 Moountie
345 2224 545 2274 libellus
579 2230 765 2274 contra
799 2228 1081 2286 maleficum
1120 2231 1331 2275 auctore
1359 2225 1531 2274 Ulrico
1555 2224 1779 2273 Hutteno
1816 2227 1934 2286 iqne
1969 2232 2216 2288 exustum,

44 2311 99 2360 in
133 2310 280 2360 cuius
306 2308 609 2371 prefatione
644 2315 694 2359 et
728 2311 855 2359 mihi
886 2316 936 2359 et
961 2312 1213 2373 prosapie
1245 2323 1350 2369 mee
1375 2310 1622 2358 immerito
1646 2311 1988 2360 maledicitur.
2053 2311 2220 2361 Tanta

44 2408 179 2445 nunc
211 2399 287 2445 est
321 2396 640 2456 quorundam
666 2396 958 2457 prohdolor
972 2395 1172 2457 pseudo
1197 2395 1591 2443 christianorum
1628 2395 1821 2456 levitas,
1863 2400 2105 2458 tantaque
2142 2411 2220 2445 or-

0 2478 269 2540 mthodooee
310 2479 438 2538 fidei
481 2480 799 2541 deyenerans
846 2482 1071 2530 audacia
1110 2484 1177 2528 ‚et
1194 2494 1239 2528 c.
1318 2478 1360 2526 (Ι
1407 2479 1714 2528 Intueantur
1761 2493 1898 2530 nunc
1947 2481 2227 2530 Christiani

47 2577 216 2614 omnes
249 2566 404 2627 quam
440 2565 624 2614 iniuste
661 2565 886 2614 Ioannes
923 2565 1173 2614 Reuclzlin
1211 2570 1261 2613 et
1297 2570 1480 2613 contra
1520 2564 1731 2624 Cesaree
1759 2566 2047 2615 Maiestatis
2083 2581 2222 2615 man-

42 2647 249 2711 'datum
298 2654 402 2698 tam
427 2662 532 2712 per
565 2663 620 2699 se
655 2664 808 2712 quam
837 2665 938 2713 per
972 2663 1113 2710 suos,
1155 2662 1234 2698 me
1269 2651 1321 2698 in
1357 2651 1551 2700 cunctis
1588 2650 1892 2700 obedientem
1919 2654 2224 2714 penitusque

46 2738 291 2784 tacentem
327 2735 617 2797 offenderit.
695 2736 1025 2786 Considerent
1060 2737 1211 2784 etiam
1248 2736 1370 2784 boni
1401 2736 1504 2784 viri
1526 2749 1677 2796 quam
1701 2737 2021 2798 impudenter
2043 2744 2223 2786 contra

46 2832 139 2869 nos
171 2820 447 2870 mentiatur
481 2822 535 2869 in
573 2820 827 2883 Apoloqia
862 2836 957 2871 sua
992 2827 1040 2870 et
1075 2822 1244 2870 multis
1281 2822 1398 2870 aliis
1433 2822 1487 2870 in
1523 2822 1672 2882 locis,
1728 2835 1818 2871 nos
1858 2822 2069 2882 Cesaree
2106 2823 2221 2871 Ma-

22 2903 240 2966 ⁴*testatis
272 2905 526 2956 silentium
562 2904 839 2968 infreqisse
875 2907 1121 2956 delirans.
1187 2906 1506 2955 Provocatus
1542 2907 1713 2968 itaque
1737 2911 1813 2956 tot
1836 2921 1900 2956 ac
1924 2910 2082 2956 tantis
2105 2922 2221 2957 con-

49 3027 244 3073 emen*
269 3043 406 3085 quam
437 3031 650 3077 Latinas.
707 3031 778 3074 Ex
809 3033 974 3087 quibus
1007 3031 1174 3074 Graeca
1205 3032 1297 3073 ista
1327 3033 1487 3085 mitto,
1525 3031 1746 3073 missurus
1779 3038 1824 3074 et
1855 3034 2028 3074 Latina
2067 3035 2106 3075 si
2135 3035 2221 3074 tibi

49 3098 98 3142 id
119 3100 317 3156 plaeere
346 3102 638 3158 intellexero,
669 3107 797 3145 tuum
828 3104 987 3158 itaque
1021 3104 1109 3145 erit
1139 3103 1412 3145 rescribere.
1473 3102 1591 3145 Vale
1625 3107 1671 3143 et
1692 3116 1975 3157 quaecunque
1998 3108 2219 3158 praestare

49 3175 238 3227 potero,
265 3187 296 3215 a
323 3186 398 3216 me
427 3173 626 3216 fidenter
656 3176 806 3230 exige.
863 3175 935 3216 Ex
965 3175 1271 3230 Nurenberga
1302 3174 1459 3215 kalen.
1493 3157 1766 3215 decembris.
1791 3173 1922 3216 Anno
1954 3175 2215 3217 M.D.XII.''

161 3241 181 3270 ²
208 3243 412 3286 vadiani
442 3244 499 3286 ad
520 3244 713 3288 Reuchl.
737 3259 808 3300 ep.
831 3245 1003 3301 legitur
1030 3247 1079 3287 in
1102 3246 1172 3287 ed.
1187 3245 1313 3288 1513.
1337 3259 1475 3299 pagg.
1498 3243 1592 3299 hijb
1615 3243 1716 3298 biij,
1751 3245 1797 3285 in
1821 3245 1890 3288 ed.
1917 3244 2038 3290 1519.
2062 3259 2201 3301 pagg.

48 3308 177 3377 Ml.
262 3313 282 3341 ⁸
301 3328 438 3370 „cum
464 3316 528 3357 sis
557 3315 859 3370 philosophus
892 3321 938 3358 et
957 3317 1083 3359 Iovis
1113 3330 1196 3371 per
1226 3317 1543 3358 secretissima
1574 3316 1795 3368 mysteria
1826 3315 1947 3357 inter
1970 3316 2222 3358 Germanos

39 3365 352 3511 “mnam''
436 3385 456 3413 '¹
469 3386 767 3498 ὅΙῗΧεωρΙιιι·
798 3387 1025 3498 quogdam
1057 3386 1182 3498 i(lllius
1213 3386 1597 3499 pernictiosissirgi
1636 3386 1835 3427 hominis
1867 3387 2125 3428 adversarii
2155 3389 2223 3429 tui

201 3457 370 3498 omasi
406 3457 446 3498 is
509 3471 535 3498 o
556 3457 761 3499 oniensis
793 3470 821 3498 a
856 3470 885 3498 u
978 3470 1067 3498 uen
1101 3470 1174 3499 am
1205 3471 1363 3499 merca
1386 3470 1511 3499 orem
1577 3469 1742 3499 uevum
1774 3457 1929 3499 inveni
2008 3458 2056 3499 ui
2079 3460 2221 3500 etiam

52 3502 60 3530 Γ
318 3470 486 3570 νεξεηί
519 3541 574 3569 ex
605 3527 765 3569 libello
797 3471 876 3569 illo
909 3470 1086 3569 signoso
1120 3529 1166 3569 in
1199 3532 1245 3570 te
1277 3541 1533 3582 nomenque
1566 3531 1690 3569 tuum
1722 3471 2032 3581 suxerat,⁷c(1lxi
2066 3533 2113 3570 et
2144 3543 2221 3569 no-

67 3642 69 3645 ,
184 3601 314 3640 tuum
342 3598 550 3640 odiosum
583 3602 630 3639 et
650 3597 930 3640 detestabile
954 3601 1069 3641 erat.
1130 3599 1231 3653 Ego
1251 3599 1409 3642 statim
1432 3599 1537 3641 huic
1559 3611 1793 3641 venenoso
1816 3599 2027 3641 morbillo
2051 3600 2223 3640 mederi

44 3657 272 3724 §sugens
300 3669 712 3724 praesentissimum
744 3669 1041 3724 pharmacum
1075 3669 1227 3724 attuli,
1257 3674 1419 3725 utpote
1440 3668 1716 3725 Apologiam
1740 3674 1865 3712 tuam
1888 3682 2023 3729 quam
2044 3670 2223 3723 legeret

46 3763 47 3767 =
133 3737 308 3794 ‘i,Quoe
321 3738 449 3781 lecta
464 3740 647 3782 fortiter
667 3753 800 3783 omne
820 3752 1048 3783 venenum
1068 3740 1273 3782 latenter
1293 3741 1416 3783 intra
1435 3746 1600 3797 pectus
1620 3743 1841 3797 irreptum
1861 3742 2222 3796 praesentissimo

59 3851 62 3853 s
115 3806 264 3852 tidoto
284 3810 500 3865 expulit”.
574 3810 608 3838 ¹⁰
628 3810 750 3853 Edit.
776 3825 818 3854 a.
845 3811 967 3854 1513.
990 3825 1129 3866 pagg.
1152 3811 1263 3866 hiijb
1285 3825 1383 3866 sqq.
1407 3813 1478 3855 ed.
1510 3813 1628 3855 1519.
1651 3812 1860 3867 pagg.1ib
1882 3826 1978 3865 sqq.
2049 3810 2084 3837 ¹⁹
2104 3811 2219 3852 IIaec

57 3888 131 3934 Op.
157 3879 270 3924 data
298 3880 450 3937 stutg.
472 3896 579 3924 1111.
601 3881 696 3924 kal.
718 3883 806 3925 Iul.
838 3897 883 3924 a.
909 3882 1031 3927 1514.
1063 3887 1192 3925 extat
1221 3884 1269 3924 in
1298 3884 1429 3926 Actis
1450 3886 1553 3926 DD.
1576 3884 1738 3926 Parth.
1759 3882 1817 3936 hj.
1839 3895 1906 3937 sq.
1932 3886 1978 3923 et
2000 3883 2046 3921 in
2067 3881 2215 3920 Buloei

55 3944 163 3993 hist.
184 3952 309 3995 univ.
330 3953 478 3995 Paris.
502 3956 612 3994 tom.
635 3953 712 3996 VI.
731 3967 777 4007 p.
799 3952 869 3995 63.
892 3966 991 4006 sqq.
1078 3952 1116 3980 ²⁰
1145 3954 1232 3995 Est
1260 3954 1308 3995 in
1338 3955 1469 3997 Hutt.
1494 3955 1613 4009 Opp.
1637 3958 1745 3995 tom.
1769 3954 1853 3994 111.
1877 3967 1921 4006 p.
1943 3951 2039 3993 345.
2063 3963 2160 4002 sqq.
