2456 4264
176 307 588 340 consvnrAwlonsss
610 308 817 341 HOGVNT.
840 309 1077 338 ERPHORD.
1100 308 1326 340 REIDELB.
1349 308 1408 337 ΕΤ
1431 308 1731 337 HocHSTRA'rI
1754 309 1800 338 D.
1821 310 1866 340 D.
1890 306 1924 340 9.
1948 306 2115 342 oc'r.‘A.
2204 286 2284 343 99

115 445 272 491 strum
306 443 380 489 est
403 439 684 488 ‘humillime
722 440 952 488 dedimus
989 447 1138 500 atque
1174 438 1479 494 devovemus.
1553 438 1679 498 Date
1714 453 1781 488 ex
1819 438 2078 499 Moquntia
2121 442 2290 501 pridie

118 525 299 574 Calen:
338 524 534 574 Novem,
573 516 719 573 Anno
755 526 968 586 virqinei
993 529 1178 586 partus
1213 523 1479 573 Millesimo
1507 525 1895 585 quinqentesimo
1932 525 2136 574 decimo.

1292 608 1612 669 Serenissime
1649 610 1919 659 maiestatis
1955 615 2035 670 tue

1205 694 1515 744 Deditissimi
1546 694 1729 744 Rector
1762 695 1988 744 doctores
2023 700 2218 757 totaque

72 796 97 829 ε
1206 781 1505 829 universitas
1536 781 1696 829 incliti
1737 781 1891 830 studii
1919 780 2216 841 Moquntini.

257 893 302 942 11
332 893 731 943 Consultatio
762 893 1060 942 venerabilis
1076 893 1412 953 Academie
1436 895 1695 954 utriusque
1716 892 1978 954 facultatis
2001 894 2289 956 Erphor—

114 979 336 1051 densis
381 986 559 1028 contra
595 979 823 1042 perfidos
849 979 1120 1039 Iudeorum
1166 979 1341 1039 libros,
1385 991 1535 1039 quam
1583 978 1666 1027 hic
1706 982 1917 1040 propter
1943 980 2288 1040 prolixitatem

111 1065 274 1125 omisi,
311 1079 406 1126 que
441 1065 640 1126 quidem
672 1065 965 1114 consultatio
989 1078 1101 1113 cum
1133 1065 1352 1113 consiliis
1380 1063 1730 1134 predictarum
1757 1056 2132 1114 universitatum
2163 1079 2265 1114 con-

107 1148 291 1212 formis
324 1155 419 1209 est,
452 1149 868 1219 quemadmodum
898 1147 1116 1208 inferius
1153 1149 1202 1197 in
1225 1150 1582 1198 consultatione
1613 1149 2016 1197 reverendissimi
2038 1152 2148 1199 luce
2175 1153 2289 1200 cla-

9 1234 14 1294 ’,
57 1236 220 1305 tor-ius
252 1234 513 1284 videbitur.
588 1235 633 1283 (Ι
668 1234 727 1282 H
729 1236 789 1284 ei
795 1234 897 1283 del
906 1234 935 1282 b
947 1247 1250 1295 erqenses
1280 1247 1397 1283 vero
1426 1236 1772 1283 consultarunt
1794 1235 2014 1283 aliarum
2040 1238 2291 1285 universi-

114 1324 277 1389 tatum
303 1320 529 1370 doctores
562 1321 712 1370 simul
743 1333 849 1369 esse
881 1319 1249 1377 convocandos,
1300 1323 1356 1368 ut
1386 1320 1460 1368 ad
1493 1319 1697 1378 ecclesie
1731 1319 1966 1368 honorem
2003 1325 2060 1369 et-
2086 1321 2291 1370 christi-

109 1405 333 1468 fidelium
365 1407 576 1455 salutem
607 1407 774 1454 omnia
811 1411 988 1454 contra
1027 1405 1210 1465 Iudeos
1246 1405 1515 1455 salubriter
1564 1406 1783 1453 tractari
1822 1407 2027 1467 possint.
2103 1405 2168 1455 Et
2202 1407 2294 1466 hec

113 1488 193 1542 est
207 1505 401 1541 summa
425 1493 798 1541 consultationis
820 1493 1036 1541 illorum.
1075 1504 1227 1552 quam
1263 1491 1462 1552 quidem
1501 1491 1908 1557 consultationem
1944 1491 2009 1539 de
2042 1491 2189 1540 verbo
2224 1493 2296 1540 ad

113 1577 312 1627 verbum
348 1581 399 1627 et
426 1591 495 1627 ex
524 1578 715 1638 inteqro
743 1577 827 1626 hic
861 1578 1084 1627 inserere
1113 1577 1362 1626 omisimus
1398 1589 1455 1626 eo
1479 1576 1616 1638 quod
1641 1577 1694 1624 in
1724 1576 1852 1625 libro
1877 1581 2044 1625 nostro
2076 1576 2277 1626 Theuto-

58 1680 99 1716 ιι
110 1663 224 1713 nico
257 1664 506 1726 inteqram
540 1663 901 1712 collocavimus.
936 1667 1028 1712 etc.

363 1790 408 1840 (ἶ
443 1791 841 1841 Consultatio
874 1791 1158 1841 venerandi
1181 1805 1245 1841 ac
1281 1791 1537 1841 benedocti
1568 1791 1791 1841 Iacobi
1823 1791 2038 1842 Hoch-

365 1882 612 1927 straten
664 1877 880 1938 heretice
925 1878 1203 1939 pravitatis
1254 1878 1486 1938 maqistri
1527 1882 1705 1926 contra
1757 1879 2037 1927 immundos

955 1962 1106 2011 libros
1140 1961 1429 2022 Iudeorum.

14 2125 15 2128 Ἴ
256 2061 498 2125 Obsequio
545 2067 596 2112 et
627 2062 804 2112 devota
853 2063 1151 2112 salutatione
1188 2063 1445 2125 premissa
1473 2061 1768 2111 Reverende
1814 2063 1866 2110 in
1906 2062 2098 2112 Christo
2139 2069 2290 2125 pater

14 2152 22 2181 1³
53 2157 98 2191 ²⁰
111 2162 176 2198 ac
221 2148 420 2198 domine
446 2148 831 2210 ‘qratiosissime
878 2149 1134 2211 imperiali
1175 2149 1383 2196 iussioni
1419 2152 1468 2196 et
1503 2147 1751 2196 desiderio
1779 2149 1946 2208 qratie
1983 2152 2140 2208 vestre
2175 2163 2287 2198 cum

107 2233 275 2290 debita
297 2235 578 2284 reverentia
613 2233 913 2294 satisfacere
947 2230 1199 2300 cusspienS,
1228 2246 1331 2295 pro
1357 2238 1411 2281 ut
1444 2233 1726 2294 inquisitori
1754 2233 1968 2293 heretice
1996 2235 2267 2296 pravitatis
2285 2238 2405 2293 ‹eliijb

109 2332 144 2370 a
170 2320 282 2370 iure
306 2320 648 2382 prescriptum
685 2324 772 2380 est,
809 2320 1039 2369 consului
1065 2320 1281 2368 maiores
1318 2319 1369 2366 in
1408 2318 1580 2367 divina
1613 2320 1722 2380 leqe
1750 2320 1950 2381 pariter
1984 2324 2033 2367 et
2066 2319 2290 2368 humana

107 2407 217 2468 leae
249 2406 382 2455 viros
411 2406 889 2468 precellentissimos.
930 2417 1043 2454 cum
1079 2418 1200 2465 erqo
1236 2417 1347 2452 mea
1374 2405 1576 2454 exilitas
1599 2404 1652 2452 in
1680 2403 1893 2452 eandem
1924 2417 2036 2453 cum
2066 2406 2138 2454 eis
2163 2419 2291 2454 con-

109 2491 331 2541 currerit
361 2492 680 2555 sententiam,
737 2489 1038 2550 satisfacere
1074 2490 1198 2539 mihi
1226 2492 1381 2539 visum
1411 2489 1517 2550 fuit
1553 2489 1625 2538 ad
1655 2489 2059 2552 respondendum
2092 2492 2292 2551 qratio-

16 2631 27 2637 .
54 2576 301 2637 unissime
335 2581 494 2637 vestre
521 2578 845 2639 paternitati,
893 2578 941 2626 si
965 2588 1043 2626 me
1077 2575 1303 2636 referam
1339 2576 1412 2625 ad
1443 2576 1735 2625 sententiam
1776 2575 2087 2625 dominorum
2118 2576 2292 2625 docto-

113 2675 227 2712 rum
270 2661 336 2712 de
378 2666 552 2712 nostra
591 2663 971 2725 preclarissima
1018 2662 1338 2711 universitate
1378 2661 1668 2711 Coloniensi.
1742 2660 2119 2723 Supervacuum
2162 2664 2291 2711 enim

114 2746 245 2798 duxi
267 2751 482 2798 vestram
507 2748 920 2810 qratiosissimam
957 2748 1338 2797 dominationem
1374 2748 1582 2797 aliunde
1617 2747 1739 2796 satis
1775 2748 2115 2810 multipliciter
2142 2760 2292 2797 occu—

31 2844 34 2849 ·
105 2838 286 2896 patum
329 2834 477 2884 nimis
518 2834 768 2895 attediare
802 2833 1168 2897 prolixioribus
1210 2835 1422 2896 ineptiis,
1497 2834 1591 2882 hoc
1628 2846 1780 2882 unum
1826 2838 1990 2882 tamen
2026 2847 2094 2882 ex
2129 2838 2292 2882 vestra

113 2919 528 2970 reverendissima
561 2920 895 2970 dominatione
925 2919 1178 2970 humiliter
1214 2925 1475 2982 exoptans,
1513 2923 1567 2967 ut
1593 2923 1641 2968 et
1668 2932 1744 2967 me
1771 2920 1901 2967 inter
1936 2931 2050 2968 suos
2086 2918 2293 2969 humiles

59 3014 102 3051 a·
116 3008 339 3056 oeatores
367 3009 418 3055 et
443 3007 664 3055 servulos
697 3009 1083 3056 annumeratum
1119 3004 1304 3055 habere
1331 3005 1579 3067 diqnetur‚
1617 3013 1663 3053 et
1687 3004 1804 3053 huic
1833 3006 2145 3067 pauperculo
2160 3018 2293 3066 pre,-

111 3090 320 3140 sentium
353 3091 509 3141 latori
537 3090 726 3140 Ioanni
757 3090 1058 3152 Pefferlcorn
1090 3092 1357 3154 paternali
1385 3089 1573 3150 affectu
1610 3091 1843 3139 assistere
1880 3091 2010 3148 velit,
2051 3094 2294 3150 tanquam

111 3176 219 3227 viro
248 3175 459 3239 probato
493 3181 545 3226 et
572 3176 699 3237 fidei
733 3176 1015 3238 Christiane
1043 3191 1142 3240 pre
1182 3177 1361 3227 ceteris
1390 3190 1458 3226 ex
1493 3175 1753 3225 Iudaismo
1797 3176 2048 3224 conversis
2089 3173 2292 3235 fervido

113 3262 337 3323 zelator-t,
371 3263 458 3312 cui
487 3267 602 3325 post
626 3276 769 3312 suam
805 3264 857 3313 in
885 3262 1078 3312 Christo
1109 3263 1537 3325 reqenerationem
1570 3263 1685 3310 laus
1706 3265 1780 3309 est
1801 3265 1850 3309 et
1873 3259 2169 3324 approbatio
2198 3273 2292 3322 per

39 3347 51 3371 ·’
114 3351 264 3398 totam
308 3348 571 3398 ecclesiam
611 3353 840 3399 sanctam
888 3347 1239 3398 Coloniensem.
1312 3348 1376 3397 In
1420 3347 1498 3397 his
1537 3347 1870 3409 quamoptime
1920 3349 2086 3396 valeat
2128 3350 2291 3394 vestra

27 3429 105 3501 ''L’‘
119 3429 390 3483 dmninatio
417 3447 514 3495 per
545 3435 699 3483 multa
730 3435 901 3494 secula
924 3432 1072 3493 felix.
1150 3432 1235 3482 Ex
1261 3433 1463 3483 Colonia
1501 3433 1582 3482 die
1610 3444 1743 3481 nona
1773 3431 1904 3481 Octo.
1940 3432 2083 3481 Anno
2114 3432 2259 3480 incar

113 3518 341 3568 monis.
378 3518 708 3568 M.GCCGG.X.

341 3604 510 3662 Vestre
539 3603 949 3664 reverendissime
975 3603 1296 3666 paternitatis
1332 3610 1379 3652 et
1410 3603 1768 3665 qratiosissime
1800 3603 2149 3653 dominationis

325 3688 542 3738 Humilis
575 3693 748 3738 orator
782 3693 832 3738 et
863 3689 1090 3739 servulus
1115 3688 1290 3748 frater
1325 3688 1540 3738 Iacobus

327 3773 659 3824 Hochstraten
689 3774 881 3824 ordinis
905 3775 1282 3837 predicatorum
1312 3773 1512 3836 Reqens
1544 3775 1700 3825 studii

40 3860 109 3932 ,⁴⁸
327 3858 398 3909 Et
427 3859 640 3923 heretice
660 3861 932 3924 pravitatis
966 3861 1240 3923 inquisitor.
1276 3865 1392 3909 etc.

1052 3947 1236 3996 Frater
1272 3945 1484 3995 Iacobus
1517 3943 1868 3993 Hochstraten.

1845 4025 1873 4072 7
1889 4020 1917 4051 tt:

34 3754 64 3788 Δί,
34 3675 46 3738 «.·.·
37 3632 42 3635 2
26 3511 50 3584 ,τε
