2456 4264
949 299 1169 330 vonvussn
1193 299 1416 330 Tssn‘rtvu.
2143 280 2264 338 525

109 429 283 481 vivere,
322 427 439 475 etin
477 429 628 477 studio
665 445 751 478 suo
787 432 852 479 ita
886 439 1139 494 potuerunt
1174 446 1430 486 assumere,
1467 439 1521 480 ut
1556 434 1670 481 nihil
1707 449 1844 497 supra
1880 434 1982 482 fuit.
2055 436 2142 484 Sed
2179 439 2265 485 iam

108 514 202 546 non
238 499 384 560 magis
420 507 492 547 est
527 502 618 554 sic,
666 510 711 549 et
755 502 1174 551 miserabilissimus
1211 511 1281 550 est
1318 511 1466 552 status
1500 519 1602 552 cum
1640 505 1774 553 bonis
1810 506 2119 555 studentibus.
2179 509 2267 556 Po·

109 570 316 617 tebamus
353 585 441 618 nos
477 586 615 634 prave
651 587 860 621 exercere
897 577 943 621 in
978 574 1199 628 bibendo,
1247 582 1295 622 et
1331 577 1684 629 schmausando,
1733 584 1779 624 et
1827 579 2005 640 quando
2044 593 2135 626 non
2172 580 2265 627 ibat

109 643 230 689 sicut
263 655 350 689 nos
386 642 671 697 volebamus,
708 646 847 692 dense
883 660 970 692 nos
1006 646 1377 700 verberabamus:
1416 654 1463 694 et
1498 662 1552 694 ex
1589 649 1677 696 hoc
1713 648 1986 696 habebamus
2026 651 2144 698 hunc
2170 652 2264 698 fru-

70 718 259 764 setum,
298 714 478 775 quando
515 715 774 763 volebamus
813 716 910 763 fieri
946 717 1124 770 luristi.
1164 733 1254 765 non
1291 718 1561 766 timebamus
1599 734 1682 781 pro
1720 727 1880 767 nostro
1906 722 2180 775 adversario,
2218 731 2263 769 et

109 798 191 831 sua
226 791 359 832 acuta
394 799 565 848 penna,
614 795 661 834 et
695 787 964 850 petebamus
1002 788 1090 851 ipsi
1128 791 1174 836 in
1211 789 1357 837 oculis
1394 790 1646 851 adspicere,
1695 805 1914 852 quorsum
1953 792 2130 840 volebat
2165 807 2262 840 ver·

104 855 291 908 berare,
341 863 394 903 ut
441 865 520 904 aut
566 872 650 920 per
687 859 931 907 secundam
967 867 1045 907 aut
1079 875 1164 922 per
1200 862 1402 913 tertiam,
1450 860 1678 907 interdum
1723 862 1857 908 etiam
1893 877 1976 924 per
2011 864 2260 926 septimam,

105 928 173 974 uti
219 927 410 980 dicitur,
464 929 552 975 Per
598 931 836 991 septimam
892 930 1089 978 libenter
1134 934 1439 983 mentiuntur,
1494 932 1838 979 exsumebamus
1884 934 2132 982 verberem.
2206 937 2261 982 Et

105 998 285 1060 quando
322 998 584 1047 volebamus
620 1000 721 1048 fieri
746 1002 1022 1064 Theolongi‚
1061 1011 1171 1049 tunc
1206 1017 1299 1049 non
1335 1002 1565 1050 stabamus
1602 1010 1653 1049 ut
1688 1004 1863 1065 lignum
1901 1005 1945 1051 in
1984 1006 2261 1059 cancellaria.

48 1075 92 1110 ¹⁰
107 1069 188 1116 sed
223 1069 407 1118 brachia
443 1079 708 1133 poteramus
744 1087 925 1120 movere
963 1082 1054 1120 tam
1091 1073 1350 1126 artificiter,
1387 1081 1440 1120 ut
1476 1087 1632 1120 omnes
1668 1074 1874 1122 homines
1899 1077 1942 1122 id
1967 1077 2189 1124 mirabant
2214 1086 2260 1125 et

0 1138 2 1142 ’
101 1140 327 1188 ridebant.
401 1141 587 1200 Quando
634 1158 740 1190 vero
778 1144 977 1192 Medicus
1022 1144 1284 1192 volebamus
1330 1143 1452 1198 fieri,
1502 1152 1609 1193 tunc
1645 1145 1760 1192 bene
1805 1147 2074 1208 petebamus
2111 1149 2259 1210 adspi-

101 1226 207 1259 cere
242 1211 478 1275 vulneres,
516 1222 561 1261 et
597 1215 850 1268 cicatricia,
888 1223 934 1263 et
971 1229 1212 1278 sanguem:
1248 1216 1305 1262 Et
1343 1217 1466 1277 quod
1489 1216 1831 1278 magnissimum
1857 1226 1952 1271 est,
1993 1221 2098 1280 quia
2123 1220 2257 1267 homo

102 1289 176 1331 est
210 1284 401 1337 animal,
448 1285 527 1347 qui
562 1285 761 1334 libenter
796 1301 898 1334 cum
935 1286 1037 1334 aliis
1074 1287 1307 1339 circumit,
1357 1287 1475 1334 sicut
1513 1287 1620 1335 dicit
1657 1288 1837 1350 sapiens
1875 1291 2123 1352 Apostolus
2160 1293 2259 1338 Ari-

100 1353 317 1408 stoteles,
362 1358 629 1404 cantharum
664 1372 807 1405 unum
843 1357 912 1404 vel
949 1359 1039 1405 duo
1077 1358 1308 1405 cerevisiae
1345 1357 1414 1404 vel
1451 1359 1584 1406 etiam
1622 1359 1712 1406 vini
1749 1360 2017 1422 potebamus
2054 1376 2155 1409 cum
2194 1365 2257 1409 in·

45 1430 89 1465 1⁵
108 1425 247 1473 vicem
280 1426 460 1480 bibere,
508 1435 556 1476 et
590 1443 684 1476 non
719 1429 893 1480 rixare,
944 1429 1068 1491 quod
1103 1443 1196 1475 non
1234 1430 1486 1477 feceramus
1523 1429 1654 1477 alteri
1701 1431 1955 1485 decretum,
2004 1434 2109 1494 quia
2146 1433 2256 1480 illud

99 1497 216 1546 bene
251 1498 638 1547 docueramus-in
670 1500 926 1548 Academia.
1003 1501 1149 1562 Super
1185 1501 1297 1548 illud
1335 1502 1470 1547 etiam
1494 1502 1677 1548 Doctori
1717 1510 1764 1550 et
1797 1503 2076 1566 Praeceptori
2109 1507 2257 1552 nostri

100 1583 222 1631 saepe
259 1570 394 1617 etiam
429 1585 516 1633 pro
553 1571 692 1618 charo
729 1571 1173 1619 sumebant'honum
1211 1572 1352 1624 diem,
1401 1580 1447 1619 et
1494 1573 1673 1635 quando
1720 1582 1848 1622 erant
1884 1575 1995 1622 fessi
2032 1575 2257 1623 bonorum

99 1639 300 1694 dierum,
340 1647 452 1690 tunc
485 1641 699 1704 legebant
732 1643 960 1690 interdum
995 1643 1154 1691 horam
1191 1644 1260 1691 vel
1298 1644 1525 1691 dimidiam
1562 1646 1745 1698 horam,
1784 1647 1846 1693 ita
1883 1653 1934 1694 ut
1960 1646 2151 1709 quilibet
2176 1649 2257 1694 mi-

97 1711 251 1766 rabat,
297 1713 421 1775 quod
471 1719 560 1761 tam
596 1715 863 1776 perfectiter
897 1715 1119 1777 potebant
1152 1715 1328 1779 legere,
1380 1723 1425 1762 et
1461 1731 1547 1764 nos
1584 1717 1902 1771 credebamus,
1949 1719 2071 1781 quod
2109 1721 2258 1767 omnia

43 1788 230 1832 ²⁰certe
267 1785 335 1832 sic
370 1793 515 1832 erant.
584 1785 692 1833 Inde
736 1787 1032 1849 parcebamus
1075 1786 1269 1835 multum
1315 1789 1360 1834 in
1397 1795 1555 1836 nostra
1592 1788 1867 1842 valetudine,
1914 1796 1960 1836 et
1996 1805 2088 1838 non
2125 1791 2258 1838 debe-

96 1854 259 1903 bamus
294 1864 433 1919 caput
467 1863 678 1905 nostrum
716 1865 807 1905 tam
845 1873 969 1921 saepe
1005 1859 1214 1922 frangere
1251 1873 1390 1922 super
1427 1866 1517 1907 tam
1554 1860 1719 1907 multas
1756 1875 1845 1908 res.
1918 1861 1973 1908 Et
2010 1876 2096 1909 nos
2120 1862 2256 1910 habe-

96 1926 259 1975 bamus
293 1942 431 1976 unam
464 1929 631 1977 bonam
669 1937 862 1983 sectam,
913 1945 1014 1992 quae
1062 1931 1273 1978 omnibus
1320 1939 1407 1978 tam
1459 1930 1573 1978 bene
1619 1931 1848 1994 placebat,
1894 1940 1946 1980 ut
1982 1932 2255 1987 iurabamus,

98 1998 222 2062 quod
256 2013 343 2047 nos
379 2000 497 2063 apud
536 2001 658 2048 illam
696 2001 844 2048 vivere
881 2009 927 2050 et
964 2004 1081 2050 mori
1117 2002 1352 2055 volumus,
1401 2005 1520 2050 sicut
1557 2003 1701 2051 'furca
1739 2004 1975 2057 iuraverit,
2023 2006 2172 2052 vivere
2210 2012 2254 2053 et

95 2071 216 2118 mori
250 2071 371 2134 apud
405 2071 664 2125 fornacem,
704 2081 750 2120 et
784 2074 893 2121 huic
929 2081 1066 2122 sectae
1102 2074 1328 2123 Patronus
1365 2081 1463 2121 erat
1497 2075 1787 2122 Aristoteles.
1859 2075 2002 2123 Etiam
2039 2090 2131 2123 non
2158 2083 2255 2125 erat

38 2141 266 2191 amalum
300 2142 495 2197 factum,
533 2145 715 2208 quando
752 2147 973 2208 virginem
1009 2161 1144 2194 unam
1182 2147 1252 2194 vel
1290 2146 1530 2194 secundam
1568 2147 1908 2209 quaerebamus,
1957 2154 2003 2194 et
2039 2162 2141 2195 cum
2178 2148 2253 2195 illa

94 2227 256 2276 parum
290 2213 619 2279 loquebamus,
665 2217 810 2265 multo
858 2219 1002 2279 magis
1049 2219 1183 2265 etiam
1221 2218 1515 2270 faciebamus,
1567 2225 1619 2265 ut
1655 2218 1962 2281 intelligabat,
2011 2220 2131 2281 quod
2169 2234 2252 2267 nos

94 2285 210 2333 bene
256 2287 484 2336 cum-illa
529 2289 777 2336 sentiamus
825 2296 871 2336 et
916 2287 1025 2336 boni
1064 2288 1306 2337 Studentes
1354 2304 1525 2336 sumus.
1598 2289 1660 2336 Ex
1707 2304 1798 2351 quo
1835 2290 2028 2337 luristus
2065 2291 2254 2353 potebat

95 2356 286 2412 docere,
333 2360 564 2422 quomodo
609 2361 823 2409 clientem
870 2376 1002 2408 suum
1052 2368 1207 2423 potest
1254 2361 1429 2409 obviam
1476 2363 1565 2414 ire,
1615 2368 1667 2408 ut
1713 2362 1984 2424 accipiebat,
2034 2362 2156 2424 quod
2200 2362 2254 2409 li-

92 2427 256 2477 benter
289 2429 507 2486 habebat;
553 2431 849 2494 Theolongus
885 2440 1067 2495 poterat
1103 2433 1288 2486 docere,
1338 2432 1565 2494 quomodo
1603 2439 1758 2494 potest
1795 2433 1944 2480 solare
1981 2440 2169 2481 moestos
2207 2441 2253 2481 et

37 2501 256 2549 ”tristes
291 2505 579 2556 meretrices,
617 2505 797 2567 quando
835 2503 1033 2551 libenter
1068 2505 1229 2552 volunt
1265 2504 1429 2552 habere
1466 2506 1610 2551 virum
1647 2511 1693 2550 et
1729 2518 1819 2551 non
1847 2511 2042 2566 possunt
2067 2519 2251 2568 capere:

93 2571 292 2620 Medicus
327 2587 461 2628 vero,
499 2576 729 2638 quomodo
766 2583 922 2638 potest
958 2583 1137 2639 aegroto
1176 2578 1221 2623 in
1259 2576 1441 2638 pulsum
1478 2575 1778 2638 prehendere,
1826 2583 1871 2622 et
1909 2577 2137 2638 quomodo
2177 2577 2252 2623 ille

92 2643 300 2706 vapulat,
339 2652 386 2693 et
422 2647 651 2709 quomodo
690 2662 830 2695 unum
868 2663 922 2695 ex
960 2648 1159 2696 secundo
1198 2648 1422 2710 sequitur.
1497 2648 1542 2693 ln
1584 2662 1780 2703 summa,
1821 2650 2132 2710 unusquisque
2170 2663 2252 2710 po·

95 2713 220 2762 tebat
244 2730 347 2764 cum
372 2717 605 2781 voluptate
643 2727 690 2766 et
726 2733 880 2767 amore
916 2719 1104 2772 docere,
1143 2720 1266 2782 quod
1302 2718 1494 2766 volebat.
1569 2719 1732 2766 Verum
1771 2719 1887 2781 proh
1926 2719 2079 2766 dolor!
2120 2733 2252 2767 omne

93 2793 318 2835 mutatum
354 2796 451 2837 est:
488 2789 558 2837 Dii
599 2792 685 2838 iam
726 2791 882 2838 volunt
919 2792 1102 2838 ruinare
1139 2791 1438 2843 Parnassum,
1478 2791 1582 2852 quia
1619 2789 1990 2853 prohibiverunt.
2030 2798 2080 2837 ut
2117 2805 2249 2837 nemo

34 2859 240 2921 ”magis
276 2874 326 2907 se
363 2861 546 2924 vapulet
583 2877 685 2910 cum
723 2862 936 2915 invicem,
975 2871 1022 2911 et
1058 2861 1407 2914 concluserunt.
1447 2862 1570 2924 quod
1607 2862 1817 2909 omnibus
1844 2861 1935 2908 illis
1963 2861 2119 2909 volunt
2145 2863 2251 2909 dare

92 2928 276 2978 rubram
312 2945 478 2985 ceram,
515 2933 586 2980 vel
622 2933 810 2982 rubrum
847 2949 1003 2998 regem
1042 2933 1110 2982 vel
1149 2934 1393 2987 Caesarem.
1443 2935 1520 2996 qui
1567 2949 1616 2981 se
1655 2948 1755 2981 cum
1795 2933 1982 2980 invicem
2023 2933 2247 2996 vapulant.

89 3000 186 3049 lmo
223 3008 314 3050 tam
350 3003 478 3052 valde
514 3013 856 3068 persequuntur
891 3005 1039 3054 bonos
1076 3006 1344 3058 Studentes‚
1391 3012 1444 3051 ut
1480 3006 1612 3051 etiam
1652 3005 1716 3051 eis
1755 3003 1912 3052 volunt
1948 3012 2084 3067 caput
2119 3005 2248 3051 dese·

91 3085 218 3126 care,
266 3081 313 3121 et
347 3077 631 3138 suspendere
666 3085 713 3124 et
748 3077 1001 3130 rotiiicare.
1056 3079 1133 3140 qui
1172 3092 1262 3124 non
1302 3077 1521 3123 omittunt
1558 3076 1781 3138 vapulare.
1857 3075 1970 3133 Quid
2010 3076 2129 3123 aliud
2168 3091 2248 3139 po·

91 3150 186 3191 test
218 3144 276 3192 ad
311 3145 400 3195 hoc
435 3161 655 3210 sequere,
707 3164 841 3212 quam
878 3149 992 3202 hoc,
1040 3157 1092 3197 ut
1128 3157 1301 3196 stamus
1338 3151 1458 3197 sicut
1506 3147 1736 3209 patrueles
1784 3162 1941 3199 canes,
1989 3147 2249 3195 Germanice

35 3214 453 3271 ⁴⁰Hundsvettern,
502 3219 683 3281 quando
732 3221 1037 3269 adversarium
1076 3219 1337 3282 accipimus.
1410 3218 1478 3265 Ad
1515 3219 1602 3267 hoc
1640 3220 1784 3271 venit.
1835 3219 1956 3281 quod
1994 3220 2128 3266 etiam
2166 3219 2248 3266 Do-

90 3293 245 3336 ctores
268 3290 416 3337 nostri
441 3298 646 3339 nostram
683 3291 983 3339 valetudinem
1021 3307 1113 3339 non
1153 3299 1241 3338 tam
1282 3290 1406 3338 valde
1442 3298 1658 3352 parcunt,
1698 3290 1815 3337 sicut
1853 3290 1975 3338 olim.
2050 3289 2158 3338 Nam
2185 3290 2249 3337 le-

89 3365 206 3420 gunt
241 3358 376 3408 nobis
412 3360 508 3409 fere
546 3377 704 3410 omnes
740 3363 863 3415 dies,
912 3370 958 3410 et
994 3364 1175 3415 volunt.
1224 3369 1273 3409 ut
1310 3377 1395 3409 nos
1433 3361 1676 3409 debeamus
1724 3362 2020 3424 respondere,
2069 3362 2248 3424 quando

90 3443 180 3478 nos
215 3439 451 3493 quaerunt;
498 3440 547 3480 et
584 3435 720 3482 etiam
758 3449 851 3482 non
888 3442 996 3482 sunt
1029 3434 1258 3486 contenti,
1308 3433 1486 3496 quando
1525 3433 1742 3485 dicimus,
1779 3434 1945 3480 Asinus
1983 3447 2072 3481 non
2111 3434 2247 3485 volat.

91 3502 197 3563 quia
233 3501 279 3549 id
314 3502 425 3550 dicit
459 3503 710 3566 Apostolus
746 3505 1045 3560 Aristoteles,
1092 3505 1170 3553 sed
1218 3504 1399 3558 volunt.
1447 3505 1569 3567 quod
1616 3513 1663 3552 et
1700 3519 1785 3553 nos
1821 3504 1991 3568 aliquid
2029 3504 2245 3555 addimus.

34 3575 143 3620 ⁴⁵et
178 3572 393 3627 dicimus.
431 3590 515 3623 cur
550 3591 641 3623 non
680 3576 825 3629 volat.
866 3591 1050 3639 nempe.
1100 3579 1203 3639 quia
1241 3591 1332 3624 non
1371 3576 1505 3624 habet
1542 3590 1736 3638 pennas,
1784 3577 1913 3640 quasi
1951 3589 2057 3623 vero
2097 3576 2244 3638 ipsum

91 3644 385 3693 Aristotelem
422 3661 513 3693 non
551 3648 738 3694 dixisset
774 3662 944 3695 verum.
1018 3648 1072 3695 Et
1118 3663 1259 3710 super
1306 3663 1397 3711 quo
1444 3648 1634 3695 maxime
1682 3648 1788 3695 flere
1825 3647 2062 3700 debemus,
2112 3659 2243 3709 qnam

90 3729 195 3762 mox
240 3718 358 3764 imus
405 3718 458 3765 ad
506 3719 764 3767 cerevisiam
811 3718 879 3767 vel
919 3720 1138 3781 virginem
1178 3721 1460 3768 catharinam
1509 3719 1575 3766 vel
1615 3718 1930 3782 sybillicham,
1982 3727 2087 3766 tunc
2125 3730 2242 3779 pone

204 3868 289 3898 ¹²¹⁴
318 3871 478 3927 Arist.]
515 3872 612 3914 Pol.
636 3873 670 3914 1.
754 3871 788 3900 ¹⁸
815 3873 1099 3916 Aecademia
1128 3876 1226 3917 edd.
1250 3878 1292 3916 2.
1381 3873 1569 3917 Doctori
1602 3877 1647 3915 et
1678 3873 1842 3927 Proec.]
1876 3876 1988 3926 plur.
2073 3868 2109 3896 ²⁰
2139 3883 2240 3924 par·

91 3953 246 3983 cemus
266 3944 363 3984 edd.
425 3943 461 3969 ³⁶
493 3944 703 3985 exsilium
726 3957 762 3986 s.
782 3958 823 3999 q.
842 3958 885 3987 v.
906 3946 1146 3987 consitium
1170 3945 1385 3987 abeundi.
1445 3944 1480 3972 ⁴⁴
1513 3948 1572 3987 ef.
1596 3946 1732 3986 Arist.
1756 3945 1810 3985 cle
1835 3942 2018 3984 animal.
2045 3942 2239 3983 incessu.
