2456 4264
226 223 341 281 168
514 245 607 274 10A.
633 244 944 273 PEPERICORNI
967 243 1194 271 DEFENSIO
1219 241 1402 271 CONTRA
1422 240 1631 270 FAMOSAS
1655 241 1697 270 Ο.
1720 242 1764 271 V.
1788 242 2058 271 EPISTOLAS.

219 377 676 427 Reuclelinistarum
715 373 1029 435 quorundam
1067 374 1295 421 convicia
1332 385 1431 420 non
1469 372 1770 429 iustificatur
1804 385 1962 421 causa
1986 374 2143 435 ipsius
2167 373 2359 422 Reueh-

218 464 316 521 lin,
370 462 489 521 quia
539 459 619 517 (ut
665 458 728 504 ab
775 458 888 504 aliis
934 459 1182 517 intellexi)
1232 457 1472 516 Alleqare
1515 457 1866 504 inconveniens
1910 470 2012 505 non
2056 462 2130 505 est
2172 459 2362 506 solvere

221 552 286 594 ,et
312 560 355 593 c.
431 541 744 601 Intelliqenti
777 541 916 588 satis.
994 540 1035 586 (Ι
1076 539 1277 588 Octavo.
1318 542 1432 588 licet
1469 541 1792 588 adversarius
1829 546 1996 589 noster
2032 542 2149 589 illas
2187 542 2255 599 (si
2289 543 2363 589 ita

221 628 464 686 volumus)
504 638 604 672 non
641 625 991 684 composuerit,
1035 624 1275 671 debebant
1311 629 1473 671 tamen
1503 623 1843 682 Reuchliniste
1868 625 2072 685 quidam
2099 626 2365 685 deqeneres
2414 683 2417 685 ‚

221 713 343 770 (non
385 711 447 757 de
484 708 704 756 omnibus
728 709 929 768 loquor)
948 709 1165 768 parcius
1189 721 1376 756 mecum
1401 709 1574 768 eqisse,
1617 712 1705 755 aut
1728 710 1914 757 rectius
1936 710 2196 769 scripsisse
2219 709 2361 757 nihil.
2379 725 2401 756 5

221 795 351 842 Nam
390 796 666 854 imperator
703 793 808 853 ipse
839 792 1283 840 christianissimus
1318 797 1366 839 et
1389 805 1603 840 summus
1628 793 1842 852 denique
1855 791 2100 854 pontifex
2138 793 2217 850 (ut
2237 806 2365 853 pau-

220 881 388 927 loante
424 883 495 925 est
530 879 848 937 enarratum)
897 890 996 924 non
1045 876 1184 925 nobis
1227 878 1385 925 solum
1433 876 1650 935 duobuS,
1700 878 1792 924 sed
1835 877 2059 925 omnibus
2095 878 2147 924 in
2181 889 2368 937 qenere

219 963 466 1011 silentium
518 962 589 1009 ad
630 963 822 1020 iusticie
867 963 1207 1009 executionem
1252 962 1546 1022 imposuere.
1622 960 1940 1021 Iniquissime
1984 962 2141 1021 iqitur
2175 965 2224 1009 et
2259 962 2367 1019 infi-

220 1049 337 1095 nitis
360 1060 488 1107 pene
514 1047 729 1105 iniuriis,
774 1046 1251 1106 incredibilibusque
1287 1046 1588 1104 mendaciis,
1631 1046 1682 1093 in
1713 1043 2001 1104 fornicibus
2028 1045 2369 1106 proculdubio

222 1132 337 1179 altis
374 1135 523 1192 atque
560 1132 734 1189 auctis,
777 1130 847 1177 ad
882 1131 1280 1191 respondendum
1308 1134 1617 1192 provocatus
1652 1130 1786 1178 hanc
1821 1134 2043 1178 nostram
2080 1130 2367 1190 apoloqiam
2385 1112 2456 1196 ω]

223 1229 324 1263 non
363 1216 649 1263 indecenter
671 1216 737 1263 in
776 1216 935 1263 lucem
974 1215 1105 1262 dedi.
1184 1214 1508 1276 Quapropter
1546 1214 1845 1276 Antiphates
1888 1216 1995 1275 ipse
2031 1214 2261 1275 Capnion
2306 1225 2369 1261 ac

222 1301 406 1360 reliqui
439 1299 860 1360 Pltilocapniones
896 1312 996 1347 non
1033 1300 1180 1347 modo
1225 1300 1577 1359 qravissimam
1617 1299 1824 1357 Cesaree
1871 1300 2147 1347 maiestatis
2195 1311 2368 1346 censu-

223 1397 358 1443 ram,
411 1397 580 1431 verum
627 1385 886 1431 indelebile
921 1388 1246 1442 sacrosancte
1282 1384 1414 1431 sedis
1450 1385 1720 1445 apostolice
1763 1383 2162 1431 maledictionem
2200 1383 2369 1431 incur-

223 1472 413 1516 rerunt.
492 1467 533 1513 (Ι
572 1468 826 1516 Postremo
863 1472 916 1515 ut
944 1468 1130 1529 paucis
1161 1469 1366 1527 finiam,
1419 1469 1662 1517 Fumulus
1698 1472 1747 1515 et
1786 1466 1998 1516 Obscuri
2030 1481 2130 1516 non
2170 1467 2372 1528 illepide
2448 1474 2456 1510 ῑ

220 1553 368 1599 simul
403 1553 702 1600 conveniunt
726 1551 866 1600 Sicut
901 1553 1031 1599 enim
1062 1550 1293 1611 fumulus
1328 1553 1456 1600 nihil
1490 1555 1541 1601 in
1579 1567 1631 1600 se
1666 1552 1867 1602 luminis
1902 1552 2066 1611 habet,
2106 1553 2182 1599 sic
2217 1552 2368 1599 etiam
2387 1555 2456 1630 ¹⁵4

223 1635 424 1684 obscuri
460 1637 684 1684 veritatis
721 1636 883 1684 lumen
921 1637 1108 1684 sentire
1132 1650 1231 1684 non
1248 1642 1478 1697 possunt.
1548 1638 1729 1686 Verum
1754 1637 1854 1685 hac
1879 1637 1942 1684 de
1966 1650 2024 1684 re
2046 1637 2184 1695 satis,
2225 1636 2372 1684 modo
2447 1642 2456 1685 ἓ

221 1721 409 1777 iusticie
446 1734 509 1768 ac
546 1721 749 1767 veritati
773 1718 933 1777 fauor
969 1734 1068 1768 non
1107 1719 1319 1779 officiat.

558 1859 789 1907 Notate
825 1861 1151 1921 impudens
1188 1861 1588 1921 quorundam
1626 1861 2032 1911 mendacium.

361 1969 403 2017 (Ι
439 1971 627 2019 Dicunt
673 1973 906 2020 nonnulli
950 1986 1158 2021 causam
1206 1978 1430 2021 nostram
1475 1979 1658 2022 contra
1695 1974 1937 2023 Ioannem
1975 1974 2222 2023 Reuchlin
2271 1989 2372 2023 non
2415 1952 2456 2039 ,ἐ

220 2068 322 2102 6336
358 2068 562 2102 causam
595 2055 719 2114 fidei
751 2058 842 2104 sed
877 2058 1077 2115 invidie.
1155 2058 1266 2106 Hoc
1293 2057 1534 2119 profecto
1564 2057 1897 2118 falsissimum
1924 2065 2010 2107 est.
2068 2059 2200 2108 Nam
2227 2053 2456 2131 nullam}

220 2151 438 2198 unquam
493 2141 744 2189 contentio
794 2142 924 2189 inter
971 2143 1131 2203 ipsum
1178 2148 1226 2190 et
1274 2148 1524 2192 nostrates
1563 2141 1696 2204 fuit,
1747 2144 1900 2192 veluti
1941 2145 2106 2192 multis
2151 2145 2373 2205 epistolis
2440 2141 2456 2204 ’,-

221 2224 348 2270 ultro
385 2224 611 2284 citroque
647 2225 699 2272 in
737 2225 991 2274 charitate
1026 2240 1123 2275 non
1157 2229 1279 2286 ficta
1304 2229 1462 2276 missis
1485 2229 1597 2276 luce
1620 2229 1810 2278 clarius
1834 2242 1897 2276 ac
1923 2241 2040 2276 vero
2064 2229 2228 2277 verius
2249 2242 2371 2289 pro·

218 2307 335 2354 bari
360 2314 540 2367 potest.
616 2309 839 2370 Itemque
875 2316 929 2358 ut
967 2312 1029 2358 de
1063 2314 1250 2374 meipso
1286 2314 1496 2373 loquar,
1548 2326 1649 2361 non
1679 2314 1771 2373 'eqi
1813 2314 2082 2373 quicquam
2127 2318 2309 2361 contra
2349 2308 2370 2377 ΙΙ
2439 2312 2456 2366 ἕ

155 2402 198 2444 (ω
219 2393 445 2452 eundem,
489 2398 577 2441 aut
611 2399 793 2442 contra
831 2395 1012 2453 Iudeos
1051 2396 1242 2445 inuidia
1279 2402 1455 2455 motus,
1498 2398 1618 2457 quia
1655 2411 1754 2446 non
1793 2397 1927 2446 hunc
1964 2402 2053 2446 aut
2089 2398 2243 2456 illum,
2283 2397 2371 2445 sed
2427 2403 2456 2466 421

220 2489 385 2524 omnes
408 2478 556 2525 simul
579 2478 777 2539 Iudeos,
820 2484 921 2527 tam
960 2486 1129 2529 notum
1167 2495 1316 2543 quam
1354 2483 1592 2541 iqnotum,
1635 2483 1898 2530 iustissimo
1934 2483 2044 2530 zelo
2071 2486 2425 2543 persecutus25

217 2573 339 2607 sum.
423 2561 574 2610 Nemo
613 2564 770 2623 iqitur
800 2562 996 2622 falsum
1034 2566 1277 2626 loquatur
1315 2567 1363 2623 in
1404 2567 1606 2624 ecclesie
1641 2567 1957 2626 scandalum,
2000 2579 2063 2614 ne
2097 2579 2213 2615 sero
2231 2570 2386 2628 post-.
2449 2594 2453 2598 ·

218 2645 414 2692 modum
443 2648 688 2706 peniteat.

509 2793 747 2864 Contra
781 2816 881 2852 eos
919 2805 1026 2864 qui
1059 2806 1226 2852 male
1263 2807 1486 2854 dicunt
1522 2819 1608 2854 me
1646 2819 1766 2855 non
1805 2820 1941 2855 6336
1987 2806 2079 2855 di·
2423 2811 2450 2876 g,

501 2899 690 2945 qnum
763 2901 896 2951 cum
968 2902 1086 2949 quo
1146 2890 1420 2938 Ioannes
1481 2891 1796 2939 Reuchlin
1857 2891 2081 2940 debeat
2454 2939 2456 2941 .

1110 2978 1288 3022 stare
1325 2976 1469 3023 iuri.
2381 2997 2425 3032 3ο

359 3079 398 3124 (Ι
436 3081 691 3141 Imprimis
718 3090 975 3144 protestor
1011 3091 1058 3133 et
1096 3087 1209 3135 dico
1246 3100 1346 3135 non
1385 3101 1550 3135 omnes
1586 3102 1668 3136 eos
1703 3090 1940 3137 continuo
1976 3089 2134 3137 malos
2157 3102 2261 3137 esse
2285 3089 2373 3148 qui

218 3163 512 3212 adversario
549 3172 719 3215 nostro
753 3168 987 3227 favorem
1015 3175 1252 3230 prestant
1287 3179 1375 3219 aut
1411 3173 1490 3219 illi
1514 3174 1670 3220 etiam
1718 3173 1989 3230 adherent..
2057 3172 2370 3233 anoranter
2444 3172 2445 3175 ’

218 3247 346 3293 enim
378 3255 610 3306 peccant.
687 3251 817 3299 Nam
854 3252 1176 3311 manifestum
1223 3261 1296 3303 est
1331 3257 1637 3304 christianos
1673 3258 1866 3317 aliquot
1903 3258 2166 3318 principes
2212 3262 2258 3304 et
2295 3258 2365 3304 in·
2401 3271 2440 3305 «τ

218 3342 451 3377 numeros
486 3334 849 3391 quodammodo
883 3339 1019 3385 viros
1051 3344 1152 3386 tam
1188 3341 1413 3388 eruditos
1451 3354 1599 3400 quam
1626 3343 1842 3390 omnium
1867 3343 2190 3390 scientiarum
2214 3342 2367 3388 rudes
2418 3335 2444 3352 'f

217 3414 350 3461 illius
387 3413 710 3471 vaframento
748 3432 810 3467 ac
848 3421 962 3468 dolo
999 3423 1133 3470 malo
1171 3424 1404 3485 deceptos
1440 3439 1559 3473 esse.
1639 3425 1749 3482 Qua
1782 3429 1999 3486 propter
2033 3427 2081 3473 si
2113 3426 2234 3474 boni
2266 3427 2435 3480 viri-ss,

217 3511 385 3545 rerum
424 3499 648 3547 ordinem
687 3502 818 3550 inter
855 3518 945 3552 nos
981 3520 1105 3566 equo
1142 3508 1408 3556 libramine
1437 3515 1741 3570 pensarent,
1792 3511 2113 3569 iustissimam
2150 3524 2240 3559 nos
2275 3511 2366 3557 Iza-
2415 3555 2419 3578 3

216 3582 332 3629 bere
369 3594 575 3629 causam
605 3586 1013 3647 proclamarent,
1057 3604 1150 3638 nec
1189 3593 1389 3640 verbum
1428 3595 1643 3653 amplius
1679 3600 1859 3642 contra
1896 3607 1987 3642 nos
2021 3594 2374 3654 loquerentur.
2437 3644 2444 3650 ,

217 3665 389 3712 Bonos
427 3666 580 3724 iqitur
616 3667 985 3718 Reucblinistas
1022 3678 1069 3719 et
1105 3676 1305 3722 ratione
1341 3675 1688 3734 informabiles
1733 3691 1925 3725 summa
1964 3691 2252 3739 prosequor
2285 3678 2378 3725 be·

327 3831 364 3859 3⁴
394 3832 515 3874 rides
552 3834 586 3875 1.
