2456 4264
252 265 372 321 424
408 289 564 316 ΙΔΟΟΒΙ
588 287 922 316 HOCHSTRATEN
946 286 1006 313 AD
1028 286 1214 314 LEONEM
1237 285 1387 314 PAPAM
1409 287 1465 313 ΕΤ
1487 285 1859 315 MAXAEMILIANVM
1880 288 1976 318 nst.
1999 284 2236 316 EPISTOLA.

248 422 377 468 nales
422 422 544 465 citra
592 419 814 478 replicam
853 417 1107 476 perdurat.
1181 416 1362 462 Medius
1404 417 1620 476 deinceps
1665 429 1728 464 ex
1775 419 1993 465 heroibus
2036 420 2123 464 illis
2153 419 2315 465 crebro
2352 435 2382 465 a

249 493 374 539 nobis
400 491 545 543 Rome
574 490 787 548 percepit
825 491 1035 532 nostrum
1069 490 1302 547 aqonisma
1335 491 1419 533 aut
1453 491 1690 534 certamen
1728 490 1891 535 initum
1923 503 2213 550 nequaquam
2234 490 2384 549 fuisse

250 564 302 609 ob
340 566 423 608 aut
464 560 706 605 adversum
748 558 1065 604 Thalmudicos
1094 558 1252 615 libros,
1294 559 1377 604 sed
1426 562 1594 604 eontra
1636 561 1844 618 ipsorum
1883 560 2178 616 hereticalem
2224 561 2382 620 defen-

249 635 438 688 sionem,
486 633 678 676 auctore
713 629 965 675 Reuehlino
1012 630 1235 674 almanice
1281 633 1328 674 et
1369 633 1631 689 conqestam
1664 634 1710 675 et
1758 631 1952 688 editam,
1999 633 2259 677 adiicientes
2294 646 2386 677 non

249 706 397 748 minus
429 702 688 748 huiusmodi
708 714 916 760 puqnam
952 712 1037 745 nos
1068 712 1369 760 aqqressuros
1403 703 1452 745 in
1480 701 1677 746 alterum
1711 704 1991 760 quempiam,
2037 705 2116 762 qui
2146 705 2382 748 sanctissi-
2399 715 2420 748 ὅ

249 787 345 820 mos
382 774 473 819 divi
498 771 744 832 Auqustini
777 771 916 817 libros
952 771 1066 817 adeo
1101 771 1304 826 heretice
1352 775 1405 817 ut
1438 770 1644 830 Capnion
1673 773 1871 832 perfidie
1909 772 2046 818 libros
2089 774 2268 828 iudaice
2307 773 2387 818 de·

248 845 487 905 fensatum
532 844 603 889 ire
640 844 975 888 attentavisset.
1049 841 1139 897 Qui
1181 842 1361 901 quidem
1403 843 1541 888 heros
1575 855 1661 888 nec
1694 843 1828 888 verbo
1862 857 1953 889 uno
1990 844 2216 899 obtendit,
2269 844 2390 889 unde
2425 830 2439 862 ‘²'

248 930 340 961 non
359 915 574 961 videmus
611 929 702 974 qua
739 915 921 959 ratione
958 913 1014 959 de
1052 912 1139 958 hoc
1170 914 1266 959 viro
1304 913 1585 973 triumphum
1627 914 1714 959 sibi
1736 915 2062 973 polliceantur.
2136 916 2208 961 De
2232 916 2389 974 primo
2432 903 2436 941 Ῑ

251 989 405 1033 autem
441 986 580 1032 heroe
625 985 681 1030 ab
722 986 785 1030 eis
817 983 1212 1044 (quemadmodum
1259 996 1321 1030 ex
1367 998 1564 1031 romana
1613 986 1745 1031 curia
1781 987 2006 1031 certiores
2050 985 2173 1045 facti
2212 985 2387 1046 sumus)

251 1058 443 1117 'conficto
478 1069 610 1118 quem
645 1058 792 1102 virum
824 1057 1098 1101 existentem
1128 1055 1371 1101 obscurum
1417 1060 1502 1102 aut
1537 1057 1602 1101 ad
1627 1057 1775 1102 minus
1809 1068 1873 1102 ex
1907 1056 2202 1103 obscurorum
2235 1065 2420 1117 qreqe,1

251 1129 450 1175 candida
485 1131 631 1184 veste,
677 1130 722 1173 et
750 1128 929 1173 nomine
964 1127 1229 1172 lucidissimi
1258 1128 1473 1172 amiciere
1507 1129 1614 1183 viri,
1655 1128 1704 1172 in
1731 1129 2084 1187 presentiarum
2118 1142 2210 1174 non
2244 1129 2392 1173 multa

248 1200 472 1261 factitari
502 1211 662 1244 sumus
688 1199 850 1255 verba,
891 1199 1107 1244 nimirum
1141 1199 1218 1242 cui
1238 1199 1406 1257 *palam
1441 1200 1488 1243 in
1509 1210 1738 1258 processu
1764 1199 2085 1255 ostendemus,
2129 1213 2216 1260 quo
2246 1202 2392 1258 pacto

253 1269 456 1318 vinctum
491 1270 733 1316 durissime
766 1271 1000 1329 laquearit
1046 1270 1316 1328 capnionem
1331 1305 1342 1326 ,
1385 1272 1431 1314 et
1472 1269 1521 1314 id
1566 1281 1629 1315 ex
1664 1270 1902 1328 ipsiusmet
1937 1270 2072 1315 dictis
2106 1274 2153 1315 et
2187 1271 2391 1330 scriptis,

253 1341 473 1403 quomodo
507 1342 698 1400 denique
735 1341 965 1386 tendicula
998 1341 1143 1399 ipsius
1173 1344 1339 1386 contra
1374 1342 1617 1386 veritatem
1650 1340 1866 1400 fraqilia‚
1904 1341 2152 1400 decipulas,
2184 1340 2392 1401 fraudu-

254 1415 421 1460 lentias
451 1426 541 1473 pro
577 1411 811 1471 Capnione
840 1416 1131 1471 apparenter
1168 1415 1304 1457 tensa
1339 1412 1672 1471 diruperimus,
1709 1412 2137 1471 detexerimusque,
2187 1413 2389 1471 qualiter

254 1487 445 1545 insuper
479 1482 675 1543 vafricie
710 1484 887 1538 astucie
932 1483 1108 1542 dolique
1151 1486 1287 1539 sunt,
1336 1495 1604 1542 quecunque
1648 1483 1797 1528 eiusce
1845 1483 1979 1528 libelli
2021 1482 2396 1542 confabulatores

251 1555 612 1616 prefatoresque
646 1557 813 1600 contra
850 1555 1095 1600 veritatem
1125 1557 1172 1599 et
1202 1566 1286 1599 nos
1319 1554 1596 1610 moliuntur,
1638 1550 1829 1612 facturi
1861 1555 2019 1613 reipsa
2055 1554 2176 1613 quod
2223 1555 2314 1613 ipsi
2345 1565 2397 1599 se
2430 1573 2434 1575 ·

252 1627 424 1688 fecisse
451 1625 578 1686 falso
605 1626 884 1685 qloriantur.
935 1638 1024 1683 quo
1061 1625 1145 1684 siet
1192 1628 1246 1670 ut
1269 1626 1441 1684 procul
1472 1625 1600 1670 dubio
1628 1624 1857 1684 penitebit
1893 1624 2054 1670 bellum
2090 1627 2175 1671 aut
2193 1625 2397 1684 prelium

249 1712 344 1758 pro
380 1697 611 1756 Capnione
645 1697 798 1741 iniisse
812 1731 824 1753 ,
857 1696 963 1741 dum
998 1707 1048 1741 se
1083 1696 1297 1741 videbunt
1333 1697 1494 1741 lusisse
1528 1707 1734 1755 operam,
1771 1699 1819 1741 et
1851 1697 1997 1741 amico
2027 1708 2077 1741 se
2112 1695 2259 1755 fuisse
2290 1707 2396 1741 one-

257 1781 402 1815 rosos.
473 1767 598 1814 Hinc
632 1768 862 1812 veraciter
896 1766 1122 1812 constabit
1162 1780 1301 1826 quam
1335 1768 1683 1812 immeritissime
1729 1766 1786 1811 ab
1832 1765 1905 1812 his
1940 1765 2268 1827 prefatoribus
2306 1778 2395 1825 per

258 1841 342 1886 hos
383 1838 546 1885 heroes
592 1837 854 1898 triumphus
891 1837 1115 1897 Capnioni
1156 1838 1542 1895 repromittatur,
1586 1850 1778 1897 quorum
1815 1837 2000 1896 primus
2038 1837 2264 1897 Capnioni
2291 1851 2399 1883 con-

256 1910 509 1972 fabulando
524 1946 536 1967 ,
591 1909 698 1954 dum
742 1911 790 1954 in
830 1909 956 1954 calce
999 1909 1224 1954 sermonis
1266 1921 1350 1954 nos
1395 1909 1754 1954 calumniatores
1804 1909 1986 1954 malicia
2033 1911 2301 1964 excecatos,
2355 1911 2401 1954 et

259 1985 383 2029 inter
407 1980 780 2041 persequendum
810 1981 859 2025 id
888 1992 1034 2039 qenus
1069 1980 1215 2025 multa
1250 1979 1378 2025 nobis
1410 1980 1756 2026 iniuriosissima
1788 1980 2021 2040 impinqit,
2056 1992 2111 2026 ea
2147 1993 2235 2039 que
2270 1992 2401 2025 nemo
2455 2010 2456 2038 3

260 2056 330 2101 vir
364 2053 507 2099 bonus
541 2052 767 2098 hactenus
808 2051 935 2097 nobis
978 2050 1162 2108 tribuit,
1211 2050 1386 2096 heroici
1427 2051 1514 2096 viri
1559 2063 1728 2097 munus
1770 2062 1821 2096 se
1863 2053 2006 2111 eqisse
2047 2065 2139 2097 non
2177 2052 2388 2097 ostendit.

263 2123 304 2171 (ἱ
341 2123 460 2180 Quid
494 2127 650 2171 autem
677 2137 786 2169 nam
821 2135 963 2179 cause
996 2124 1058 2168 sit
1092 2121 1384 2183 quamobrem
1420 2121 1536 2167 dicti
1557 2121 1835 2182 prefatores
1872 2135 1975 2168 cum
2008 2123 2196 2183 reliquis
2231 2122 2288 2168 de
2319 2123 2399 2168 illa
2413 2129 2456 2165 w

262 2195 475 2252 cohorte,
524 2194 833 2256 theoloqorum
871 2207 930 2240 ac
965 2193 1345 2254 philosophorum
1384 2192 1613 2250 osoribus,
1666 2205 1810 2254 usque
1843 2193 1959 2239 adeo
1995 2207 2098 2240 cum
2132 2206 2215 2239 suo
2241 2195 2404 2252 primi·

263 2269 385 2314 cerio
419 2268 721 2327 antesiqnano
754 2265 987 2326 Capnione
1011 2266 1258 2326 qloriosum
1294 2265 1409 2311 illud
1441 2277 1500 2310 ac
1527 2266 1818 2311 victoriosum
1847 2278 2007 2325 puqne
2033 2267 2404 2322 instrumentum,

262 2338 559 2385 nobilissimos
584 2338 867 2398 strinqentes
888 2336 1201 2397 theoloqorum
1239 2339 1526 2383 execrentur
1559 2337 1856 2397 sylloqismos,
1887 2337 2025 2383 veluti
2057 2349 2154 2382 rem
2183 2337 2311 2381 circa
2335 2336 2406 2382 di-

265 2412 372 2457 vina
396 2409 687 2456 vehementer
715 2410 918 2465 noxiam,
944 2408 1053 2454 alibi
1075 2408 1258 2468 quando
1290 2420 1379 2468 per
1407 2409 1553 2454 ocium
1586 2407 1750 2464 licebit,
1781 2409 2008 2454 rationem
2044 2407 2287 2454 reddemus
2314 2404 2408 2467 dif-

264 2482 503 2542 fusiorem.
576 2479 638 2527 In
672 2482 1024 2541 presentiarum
1061 2492 1195 2526 nosse
1231 2485 1305 2525 sat
1335 2482 1428 2536 est,
1475 2479 1713 2525 edentulos
1748 2478 1957 2525 dentibus
1986 2479 2187 2525 invidere
2221 2490 2402 2524 vescen-
2418 2482 2456 2520 w

267 2554 394 2609 tium,
429 2552 495 2598 Et
529 2551 683 2599 Saulis
707 2565 843 2597 arma
864 2551 1019 2597 David
1040 2551 1347 2611 importabilia
1368 2562 1481 2610 esse,
1509 2550 1777 2610 puellosque
1798 2550 1927 2596 odire
1950 2551 2291 2611 castiqatricem
2315 2550 2407 2596 vir-

265 2623 442 2684 qellam‚
481 2623 884 2684 difficillimumque
918 2622 1089 2668 homini
1116 2634 1216 2668 esse
1250 2635 1465 2669 verarum
1495 2622 1814 2668 doctrinarum
1848 2623 2056 2682 experti,
2095 2622 2174 2681 qui
2205 2622 2271 2666 nil
2291 2633 2410 2681 pre-

269 2699 343 2740 ter
377 2694 565 2754 fabulas
595 2696 734 2751 novit,
768 2694 825 2740 de
859 2694 1059 2740 moribus
1095 2697 1250 2739 autem
1282 2697 1367 2740 aut
1399 2694 1676 2749 conscientie
1703 2692 1843 2739 rebus
1873 2704 1958 2739 nec
1983 2706 2123 2739 unam
2148 2694 2275 2753 sapit
2294 2705 2409 2752 pro—

261 2767 556 2826 positionem,
590 2767 777 2814 verbum
813 2766 1009 2812 reddere
1035 2778 1128 2825 pro
1164 2764 1298 2812 verbo
1313 2801 1325 2823 ,
1374 2769 1420 2811 et
1455 2765 1520 2810 ad
1542 2767 1771 2824 punctum
1807 2765 1942 2825 loqui.
1975 2765 2025 2810 id
2056 2763 2178 2824 quod
2201 2763 2416 2823 preclari

158 2836 284 2893 aiiijb
306 2836 571 2898 efflaqitant
595 2838 849 2898 sylloqismi,
886 2838 966 2897 qui
993 2829 1001 2902 Ι
1032 2837 1254 2883 hominem
1278 2839 1510 2897 expetunt
1532 2836 1798 2882 solidissime
1828 2838 1876 2882 in
1904 2835 2030 2882 bonis
2054 2835 2277 2881 doctrinis
2295 2833 2410 2894 fun·
2424 2837 2456 2877 ⁸1

274 2909 447 2954 datum.
526 2909 731 2955 Tametsi
763 2911 917 2955 autem
952 2904 1344 2973 rumpanturzilia
1382 2908 1530 2954 Codro
1544 2942 1556 2964 ‚
1598 2907 1853 2967 periculosi
1895 2909 1943 2953 in
1985 2906 2122 2966 fidem
2159 2919 2216 2951 ac
2248 2918 2412 2951 sanam

272 2980 532 3026 doctrinam
569 2992 756 3026 errores
791 2979 1150 3040 vaqabundeque
1183 2992 1242 3025 ac
1275 2978 1438 3040 futiles
1465 2979 1670 3024 inanium
1703 2979 1935 3025 hominum
1963 2978 2309 3024 allucinationes
2344 2979 2410 3022 te-

273 3052 399 3096 renti
448 3051 759 3111 theoloqorum
811 3052 1086 3112 sylloqistice
1142 3051 1245 3106 lime
1301 3051 1438 3097 velint
1481 3049 1624 3095 nolint
1670 3050 1930 3097 subdentur
1943 3085 1954 3106 ,
2009 3051 2414 3109 quantumcunque

275 3121 517 3181 theoloqis,
555 3125 956 3183 quantumcunque
989 3121 1246 3168 detrahant
1280 3122 1560 3182 sylloqismis.
1635 3117 1679 3166 (Ι
1710 3120 1776 3166 Et
1811 3132 1870 3166 ne
1903 3120 2083 3167 modum
2118 3119 2411 3174 excedamus,

275 3192 528 3238 diiudicetis
559 3194 742 3239 tandem
756 3229 767 3250 ,
806 3207 832 3239 o
867 3206 946 3239 vos
969 3195 1212 3254 principes
1245 3194 1432 3249 summi,
1469 3191 1639 3237 iudices
1670 3192 1920 3253 equissimi,
1960 3203 2044 3237 nos
2073 3192 2193 3251 loqui
2224 3202 2282 3236 ne
2307 3192 2456 3235 coe-U

275 3257 530 3326 qerintjilla
547 3299 559 3319 ,
592 3267 638 3308 et
666 3266 769 3323 ipsa
806 3264 985 3324 quidem
1025 3266 1068 3310 si
1096 3265 1196 3311 sola
1234 3267 1387 3310 essent
1418 3264 1744 3309 cruentissima
1780 3266 1932 3308 metra
1965 3264 2013 3308 in
2047 3263 2175 3307 calce
2210 3260 2347 3307 libelli
2367 3261 2415 3305 in

277 3345 409 3393 quem
445 3335 604 3379 acturi
635 3347 791 3381 sumus
823 3335 1029 3394 adiecta,
1058 3349 1152 3396 per
1187 3335 1410 3382 hominem
1441 3336 1571 3380 cuius
1603 3334 1828 3380 illustrem
1853 3335 2150 3394 prosapiam,
2185 3333 2314 3378 euius
2337 3343 2414 3392 qe-

278 3416 466 3449 nerosos
488 3406 808 3463 proqenitores
841 3419 971 3452 nemo
997 3409 1115 3453 satis
1148 3407 1357 3453 laudibus
1388 3405 1562 3465 efferre
1577 3408 1762 3465 potest,
1801 3419 1995 3464 quorum
2026 3405 2204 3450 utinam
2237 3415 2287 3448 se
2318 3415 2414 3448 mo-

280 3489 385 3521 rum
422 3476 645 3519 asseclam
668 3476 913 3535 preberet.-
957 3481 1053 3524 tum
1089 3481 1216 3524 certe
1245 3492 1337 3524 non
1364 3481 1460 3523 tam
1498 3477 1750 3522 crudeliter
1782 3478 1829 3522 in
1858 3476 2084 3536 theoloqos
2113 3477 2416 3535 qrassaretur
2439 3468 2442 3474 ’

282 3546 586 3602 Colonienses,
629 3548 724 3600 suis
764 3549 1036 3606 parentibus
1072 3552 1118 3595 et
1162 3548 1248 3595 sibi
1279 3551 1423 3609 maqis
1458 3549 1620 3593 merito
1658 3547 1968 3604 venerandos,
2016 3560 2042 3592 e
2072 3546 2233 3607 quibus
2267 3546 2456 3591 virum&

286 3616 356 3677 (ut
379 3618 570 3676 ipsemet
604 3617 782 3675 inficias
812 3619 881 3663 ire
915 3632 1007 3665 non
1038 3618 1196 3679 audet)
1244 3621 1404 3680 anqelo
1444 3619 1632 3665 similem
1672 3620 1839 3678 paucis
1880 3619 2050 3678 elapsis
2093 3618 2228 3662 annis
2258 3615 2418 3661 habuit

281 3688 594 3748 fidelissimum
631 3689 917 3748 maqistrum.
993 3688 1083 3745 Qui
1112 3688 1183 3749 (ut
1217 3692 1399 3737 iuvenes
1444 3691 1681 3749 inexperti
1723 3703 1780 3735 ac
1823 3690 2062 3736 temerarii
2092 3685 2310 3747 assolent)
2355 3697 2418 3732 ex

401 3913 438 3944 ⁴²
464 3910 708 3967 hominem]
741 3909 963 3953 Comitem
992 3910 1286 3953 Nuenarium.
