2456 4264
272 229 293 284 1
313 226 347 285 8
915 248 1151 277 EPISTOLAE
1175 246 1480 275 OBSCVRORVM
1502 244 1730 275 VIRORVM.

266 384 472 444 possunt
516 393 622 427 esse
670 377 1076 427 excommunicati
1121 391 1147 424 a
1195 389 1336 439 papa.
1413 373 1463 422 Si
1510 374 1693 421 scirent
1740 373 1998 429 curtisani‚
2053 373 2148 436 ipsi
2195 374 2404 424 citarent
2440 420 2456 445 ,-

267 479 350 512 eos
403 463 462 511 ad
517 463 699 511 curiam
753 475 1031 516 romanam,
1090 465 1137 508 et
1189 461 1510 522 impetrarent
1558 471 1729 505 eorum
1779 456 2040 514 beneficia,
2098 456 2174 506 vel
2231 458 2403 508 saltem

265 545 557 595 tribularent
594 559 680 593 eos
717 559 828 591 cum
866 545 1106 607 expensis
1182 541 1300 599 Quis
1336 555 1548 605 unquam
1596 540 1800 598 audivit,
1850 540 1980 605 quod
2028 540 2275 604 simplices
2323 557 2402 590 so·
2453 581 2456 587 .

263 631 338 685 cii,
377 630 424 677 in
463 627 592 676 nulla
630 625 855 675 facultate
893 627 1104 690 promoti
1141 625 1215 674 vel
1255 625 1530 690 qualificati,
1571 624 1811 674 deberent
1845 639 2024 674 vexare
2062 630 2160 674 tam
2198 627 2403 675 eximios
2452 687 2456 691 ι

260 714 413 769 viros,
460 713 510 759 in
561 711 693 759 omni
744 710 965 774 profecto
1014 708 1172 758 scibili
1219 709 1654 772 profundissimoS,
1704 714 1758 757 ut
1803 713 1918 757 sunt
1961 709 2181 772 magistri
2218 703 2456 786 nostrii-'23'

259 796 343 845 sed
382 797 475 859 ipsi
520 793 809 859 superbiunt
854 799 1057 858 propter
1095 808 1180 841 sua
1227 797 1399 841 metra.
1474 793 1578 855 Ego
1626 794 1771 842 etiam
1819 792 1923 840 scio
1960 792 2124 842 facere
2162 799 2316 843 metra
2356 800 2404 844 et
2435 790 2456 859 ¹l

260 880 540 935 dictamina,
581 880 692 943 quia
731 877 827 942 legi
866 879 1008 927 etiam
1048 891 1226 926 novum
1263 875 1465 924 latinum
1513 876 1691 924 idioma
1738 877 1963 939 magistri
1997 877 2245 927 Laurentii
2283 878 2402 928 Cor·
2446 886 2456 934 j

259 965 380 1022 vini,
432 969 480 1012 et
515 962 876 1026 grammaticam
917 962 1214 1017 Brassicani,
1266 966 1313 1009 et
1349 960 1594 1009 Valerium
1633 960 1923 1018 Maximum,
1973 967 2020 1010 et
2056 961 2178 1010 alios
2214 968 2402 1025 poetas·
2444 941 2456 1088 i

259 1047 319 1096 Et
357 1046 607 1111 compilavi
661 1061 818 1110 nuper
864 1047 912 1094 in
959 1046 1032 1094 via
1081 1045 1240 1094 eundo
1289 1060 1440 1092 unum
1493 1044 1735 1094 dictamen
1775 1045 2032 1096 metricum
2071 1051 2244 1095 contra
2282 1048 2401 1097 istos

258 1131 352 1180 hoc
390 1131 562 1180 modo:
2418 1107 2456 1213 ¹³

595 1214 719 1263 Sunt
754 1213 1000 1277 Maguntie
1039 1214 1087 1261 in
1126 1213 1320 1276 publica
1361 1214 1578 1270 Corona,
2447 1219 2456 1228 '

592 1298 645 1347 In
685 1314 779 1361 qua
818 1313 975 1362 nuper
1015 1298 1218 1346 dormivi
1256 1299 1303 1345 in
1341 1300 1540 1362 propria
1580 1312 1820 1362 persona,

591 1383 696 1431 Duo
734 1382 980 1431 indiscreti
1018 1381 1225 1430 bufones

589 1467 643 1514 In
682 1467 938 1530 magistros
976 1472 1169 1515 nostros
1206 1464 1600 1515 irreverentiales
1637 1464 1940 1523 nebuloneS‚

591 1551 682 1608 Qui
720 1550 900 1598 audent
936 1550 1300 1612 reprehendere
1338 1552 1597 1614 magistros
1634 1551 1680 1598 in
1721 1550 2013 1614 Theologia‚

590 1635 817 1692 Quamvis
854 1635 944 1698 ipsi
982 1650 1080 1682 non
1118 1641 1230 1683 sunt
1266 1636 1477 1699 promoti
1516 1636 1563 1683 in
1602 1633 1940 1700 Philosophia;

587 1718 688 1767 Nec
726 1720 886 1767 sciunt
921 1719 969 1766 in
1008 1719 1187 1768 scholis
1225 1719 1495 1768 formaliter
1532 1719 1808 1782 disputare,

588 1801 650 1849 Et
686 1818 744 1850 ex
781 1818 876 1851 una
914 1803 1226 1853 conclusione
1264 1803 1413 1852 multa
1452 1803 1709 1853 corollaria
1749 1805 1988 1861 formare:

556 1934 559 1938 ,
590 1886 651 1934 Ut
688 1886 831 1935 docet
867 1886 1296 1937 fundamentaliter
1333 1889 1506 1936 doctor
1543 1888 1766 1938 subtilis:

589 1967 680 2025 Qui
718 1972 983 2019 contemnit
1021 1987 1130 2020 eum
1171 1978 1244 2021 est
1282 1972 1487 2022 multum
1525 1973 1658 2022 vilis:

585 2054 648 2102 Ut
685 2054 984 2104 concludunt
1022 2056 1299 2120 quodlibeta
1338 2058 1555 2106 doctoris
1592 2058 1970 2122 irrefragabiliS,

587 2135 680 2192 Qui
718 2145 790 2187 est
825 2141 873 2188 in
911 2141 1126 2189 scientiis
1163 2157 1262 2189 non
1301 2142 1663 2206 expugnabilis:

587 2221 648 2269 Et
683 2236 781 2270 non
821 2224 979 2272 sciunt
1017 2226 1131 2287 quid
1172 2231 1244 2273 est
1281 2226 1454 2274 doctor
1493 2226 1817 2289 SeraphicuS,

588 2305 701 2353 Sine
740 2321 836 2370 quo
874 2307 1036 2357 nullus
1074 2310 1125 2357 fit
1162 2309 1322 2359 bonus
1359 2309 1609 2360 Phisicus:

586 2388 766 2452 Et.qui
802 2393 1038 2440 veraciter
1076 2392 1269 2450 scribit,
1309 2394 1482 2442 doctor
1519 2399 1742 2452 sanctus,

589 2472 643 2520 In
681 2473 938 2524 Aristotele
977 2482 1022 2524 et
1058 2475 1331 2541 Porphyrio
1371 2483 1556 2535 tantuS‚

591 2555 731 2613 Quod
769 2557 900 2606 solus
935 2564 1070 2609 recte
1108 2562 1306 2624 exponit
1343 2563 1558 2626 quinque
1594 2563 1917 2622 universalia,

592 2637 694 2703 Que
733 2640 963 2690 dicuntur
1002 2645 1144 2692 etiam
1185 2646 1399 2709 quinque
1438 2647 1782 2710 predicabilia:
1889 2703 1893 2706 ,

589 2722 630 2771 Ο
668 2739 813 2787 quam
850 2725 999 2776 breve
1039 2729 1287 2777 continuat
1323 2729 1475 2779 libros
1512 2731 1947 2795 predicamentales

588 2807 650 2855 Et
686 2815 896 2858 summat
931 2811 1202 2860 Aristotelis
1239 2816 1504 2863 sententias
1540 2816 1765 2867 morales,

590 2891 693 2955 Que
732 2894 893 2942 omnia
930 2909 1028 2943 non
1065 2895 1341 2959 intelligunt
1376 2905 1545 2964 poete:

589 2975 704 3025 Ideo
741 2975 1012 3041 loquuntur
1048 2980 1112 3029 ita
1150 2981 1434 3039 indiscrete,

588 3059 651 3109 Ut
687 3060 763 3109 isti
801 3061 897 3110 duo
934 3066 1294 3128 presumptuosi
1331 3068 1618 3126 trufatoreS,

591 3141 682 3199 Qui
719 3151 893 3194 vocant
929 3148 1187 3210 magistros
1224 3155 1420 3200 nostros
1458 3168 1650 3210 osores:

589 3227 683 3276 Sed
722 3231 953 3291 magister
989 3237 1155 3281 noster
1192 3234 1253 3283 de
1288 3234 1551 3286 Hochstrat
1587 3238 1733 3288 debet
1770 3255 1854 3289 eos
1892 3242 2067 3302 citare,

590 3309 726 3361 Tunc
765 3328 865 3362 non
903 3314 1110 3379 amplius
1149 3318 1399 3369 audebunt
1436 3320 1734 3373 illuminatos
1772 3341 1963 3378 vexare.
1993 3363 1998 3365 Δ

395 3434 559 3486 Valete
608 3444 654 3486 et
701 3438 906 3489 salutate
956 3442 1074 3491 mihi
1123 3459 1233 3493 cum
1282 3461 1457 3511 magna
1494 3451 1766 3501 reverentia
1804 3453 2029 3504 dominos
2064 3471 2203 3506 meos
2239 3444 2415 3521 magi*

254 3526 410 3569 strum
447 3525 668 3569 nostrum
706 3523 976 3574 Arnoldum
1014 3526 1074 3575 de
1111 3527 1379 3592 'fungariS,
1430 3537 1476 3581 et
1512 3536 1801 3598 magistrum
1839 3544 2065 3589 nostrum
2101 3541 2381 3605 Remigium¹>
2411 3586 2417 3592 .

254 3610 302 3654 et
337 3605 621 3667 magistrum
661 3612 880 3656 nostrum
919 3608 1224 3661 Valentinum
1263 3614 1323 3663 de
1362 3614 1729 3677 Gelterssheim,
1780 3628 1828 3670 et
1875 3623 2126 3675 dominum
2163 3617 2365 3676 Iacobu

253 3687 314 3736 de
352 3688 519 3737 Ganda
557 3690 741 3738 ordinis
777 3693 1137 3756 predicatorum
1174 3704 1368 3760 poetam
1406 3700 1796 3761 subtilissimum,
1838 3712 1885 3755 et
1922 3707 2059 3757 alios,
2375 3692 2378 3698 ¹

363 3827 398 3854 ²¹
438 3828 693 3881 quotlibeta.
725 3833 841 3874 1...3.
928 3831 964 3859 ²⁰
992 3835 1246 3890 Prophyrio
1279 3841 1321 3879 3.
1410 3839 1446 3865 39
1480 3841 1781 3885 Gelterrheim
1811 3849 1851 3887 2.
