2456 4264
509 330 904 361 LAMENTATIONRS
927 331 1237 361 OBSCVROBVM
1258 332 1704 363 REVCHLINISTARVM
1726 333 1875 363 NOVAE.
2157 310 2276 368 379

43 483 45 485 ·
114 463 450 514 deliramenta
485 463 773 512 lectitasset.
848 462 954 513 Sed
987 464 1084 513 hoc
1119 476 1198 512 me
1229 465 1503 526 plurimum
1540 466 1826 526 conturbat,
1869 467 2006 528 quod
2040 468 2145 516 viri
2165 467 2285 517 boni

111 551 163 598 et
193 548 427 598 verbosos
459 561 553 597 nos
586 562 691 598 esse
727 550 904 599 dicunt
939 554 988 598 et
1023 562 1272 611 nuqaces,
1326 552 1700 613 omniqenisque
1736 555 2095 601 tormentorum
2129 566 2280 614 qene-

110 633 253 683 ribus
285 634 661 683 interimendos.
739 634 873 693 Quid
906 636 1111 684 multis?
1150 634 1402 693 Quantum
1438 636 1564 684 mihi
1596 637 1767 685 videre
1803 638 2003 695 videor,
2043 639 2090 686 si
2130 637 2282 686 Troes

26 762 29 763 ⁷
112 730 334 780 mquam
362 716 585 779 suimus,
626 719 723 769 boc
759 725 842 769 est·
868 721 948 769 vel
975 717 1146 779 fortes
1181 721 1260 769 vel
1294 722 1514 781 strenui,
1548 722 1822 784 'Mysorum
1858 727 1997 770 certe
2033 737 2168 772 nunc
2205 724 2280 772 ul-

40 807 79 856 's
115 804 230 854 timi
257 805 453 864 smnus,
495 817 620 865 quos
656 805 990 867 despicabiles
1026 807 1077 854 in
1106 807 1293 867 primis
1330 810 1379 854 et
1406 806 1637 855 *ludibrio
1675 807 1930 867 quondam
1955 807 2155 856 habitos
2179 822 2279 856 non

22 927 42 959 4
110 890 422 950 ionoramus.
508 890 634 939 Vale
680 875 795 939 cum
840 891 962 950 tuis,
1013 895 1063 940 et
1107 904 1228 939 cras
1263 891 1539 952 responde,
1590 904 1654 939 ne
1690 893 1744 939 in
1781 893 1958 940 mediis
1995 893 2281 942 sitibundus

0 963 29 1044 ἕξ
109 973 261 1025 tendis
281 987 396 1025 cum
423 973 646 1025 Tantalo
669 989 991 1026 exarescam.
1069 976 1154 1026 Ex
1178 975 1301 1024 urbe
1330 975 1603 1054 Treberica
1620 976 1798 1039 pridie
1822 977 1938 1026 idus
1960 977 2276 1040 septembres.

1146 1210 1240 1269 22.

841 1337 884 1385 (ἱ
925 1331 1280 1389 Henricus
1326 1331 1560 1390 iunior

40 1452 99 1489 ,ιο
312 1435 317 1438 ’
588 1503 591 1506 .
934 1444 1453 1507 Piqmalioni'suo

231 1536 238 1541 ·
747 1526 751 1529 ’
1083 1545 1136 1594 S.
1166 1545 1223 1594 P.
1252 1546 1330 1595 o.-

435 1658 679 1722 ·Rumpor
713 1663 764 1709 et
799 1672 895 1727 ora
931 1649 1057 1708 milti
1080 1660 1286 1722 pariter
1320 1672 1434 1710 cum
1470 1664 1632 1709 mente
1667 1665 1968 1720 tumescunt,

558 1745 873 1807 Pectoraque
908 1746 1128 1796 inclusis-
1151 1745 1354 1806 ionibus
1390 1750 1505 1795 usta
1543 1747 1729 1795 dolent.
1856 1743 1861 1747 ’
2006 1744 2009 1747 ’

0 1843 13 1898 j
107 1828 279 1879 Miror
313 1834 363 1879 te
397 1829 650 1880 hominem
684 1832 933 1881 audacem
971 1844 1036 1880 ac
1063 1832 1228 1893 plane
1264 1833 1591 1880 temerarium
1628 1831 1800 1880 urbem
1837 1832 2115 1892 inoressum
2158 1833 2277 1882 Tre-

19 1886 99 1977 ³:1⁶
118 1914 367 1976 bei-icam,
408 1917 499 1978 qui
534 1917 588 1965 in
624 1918 811 1965 nostris
847 1917 1102 1978 scripsisti
1135 1917 1358 1978 epistolis
1384 1917 1574 1965 Christi
1596 1918 1821 1966 tunicam
1847 1922 2026 1966 vestem
2052 1932 2158 1967 esse
2184 1933 2276 1968 an-

18 2011 43 2073 23
103 2001 296 2063 tiquam
333 2005 383 2050 et
409 2002 780 2064 pediculosam.
855 2002 1014 2051 Recte
1050 2003 1210 2062 iqitur
1247 2002 1340 2050 tibi
1373 2003 1565 2051 Insano
1604 2016 1807 2062 nomen,
1850 2004 1940 2063 qui
1971 2017 2127 2052 sanus
2152 2018 2274 2053 non-

0 2072 44 2123 Ὗ
102 2099 363 2148 nunquam
407 2091 604 2136 tantam
640 2088 905 2137 incurristi
927 2073 1239 2135 insaniam(
1284 2087 1583 2148 Revertere,
1637 2088 1952 2148 Piymalion,
2004 2094 2272 2150 revertere,

40 2171 43 2175 ’
103 2184 168 2221 ne
200 2171 451 2233 carnifex
498 2173 605 2222 illic
650 2174 1021 2235 sanquinarius
1068 2177 1116 2221 te
1150 2174 1386 2235 supinum
1424 2174 1477 2222 in
1508 2172 1724 2232 furcam
1761 2175 2055 2236 suspendat.
2135 2174 2278 2233 Quod

51 2261 270 2315 v,autem
307 2259 372 2318 de
407 2247 668 2316 Abderite¹
680 2259 987 2321 philosopho
1023 2259 1299 2321 scripsisti,
1356 2272 1456 2314 non
1482 2272 1693 2320 ⁴possum
1719 2271 1832 2315 *non
1861 2259 2108 2320 probare.
2164 2261 2273 2322 ple—

45 2344 255 2406 wrique
289 2348 457 2393 lamen
494 2343 575 2403 (ut
611 2345 790 2406 audio)
829 2344 1045 2394 credunt
1081 2345 1270 2406 maqis,
1311 2345 1451 2393 illum
1489 2345 1534 2392 si
1568 2345 1631 2392 ab
1669 2342 1855 2403 inferis
1890 2350 2144 2405 resurqat,
2188 2359 2273 2394 no-

100 2428 178 2479 bis
212 2429 406 2479 derisui
437 2430 763 2492 ludibrioque
801 2428 1066 2490 futurum,
1118 2442 1462 2491 novorumque
1507 2430 1658 2478 simul
1704 2430 1972 2478 criminum
2009 2432 2274 2479 materiam

96 2514 438 2577 prebiturum‚
487 2519 662 2582 utpote
697 2516 788 2577 qui
810 2528 916 2578 pro
952 2519 1129 2564 nostra
1166 2516 1451 2564 inveterata
1488 2515 1699 2563 libidine
1735 2519 1783 2563 et
1818 2515 2027 2563 malicia
2055 2529 2275 2577 prorsus

42 2605 52 2610 “
100 2599 267 2663 indies
301 2601 550 2660 infinitum
586 2606 934 2662 excrescente,
975 2614 1078 2650 non
1116 2602 1275 2650 solum
1312 2601 1527 2650 stultitia
1564 2606 1614 2649 et
1651 2600 1930 2649 temeritate
1955 2605 2132 2649 nostra
2157 2616 2272 2650 con-

101 2686 228 2735 tenti
257 2699 451 2748 sumus,
498 2687 592 2736 sed
622 2688 948 2750 prudentiam
986 2700 1209 2748 quoque,
1245 2686 1309 2735 'si'
1334 2687 1430 2747 'qui
1452 2687 1738 2748 prudentes
1773 2687 1897 2746 sint,
1948 2687 2272 2748 sapientiam--

41 2783 201 2834 aque
244 2759 627 2841 contemnimus,
680 2778 730 2822 et
773 2786 987 2835 quorum
1034 2763 1203 2821 vereri
1253 2772 1486 2841 debemus
1517 2772 1925 2843 auctoritatem,
1959 2772 2273 2833 presentiam

57 2846 74 2857 ⁶
92 2853 396 2920 frequenter
430 2859 718 2908 irridemus.
806 2859 932 2908 Vale
968 2859 1059 2907 diu
1095 2862 1143 2906 et
1179 2859 1329 2926 deos,
1338 2871 1432 2906 ora
1458 2857 1791 2917 immortales,
1834 2860 1890 2924 ut
1915 2870 2008 2929 nos
2021 2843 2272 2919 'perpetuo

101 2941 165 2992 ab
201 2942 488 2994 invidorum
523 2944 684 2994 livore
722 2928 1003 3004 defensent.
1080 2944 1166 2993 Ex
1203 2944 1385 3007 templo
1422 2943 1589 3004 Diane
1627 2942 1894 3005 Ephesine‚

38 1672 59 1687 ἵ
0 1138 30 1574 κ-ἁᾱὼ.ι’-ιώςῂ””
18 1105 26 1111 ⁰
20 1050 29 1090 ,σ’-

1133 3179 1232 3240 23.-

40 3363 42 3365 .
681 3307 723 3355 (1
768 3300 1078 3360 Ioacltim
1127 3301 1700 3359 Carbunculanus

20 3424 86 3479 „u
182 3429 184 3431 ’
595 3487 598 3490 ⁴
834 3415 1099 3478 ,Ioanni
1132 3413 1497 3474 Busfelino.

41 3516 48 3577 ἵ
240 3527 462 3587 Preterii
513 3542 678 3590 nuper
725 3528 927 3588 Colonie
957 3528 1323 3589 'theoloqorum
1379 3522 1604 3587 scholas,
1662 3527 1882 3576 celebres
1928 3522 2171 3588 profecto
2222 3531 2270 3574 et

21 3579 67 3671 k
96 3614 261 3675 mois
294 3626 446 3675 quam
483 3614 591 3675 ipse
621 3619 866 3675 putaram
902 3613 1047 3661 bonis
1085 3614 1314 3668 omnibus
1351 3613 1694 3672 venerandas,
1737 3613 1823 3670 ubi
1845 3614 1981 3661 inter
2006 3613 2264 3673 disputan-

40 3691 57 3782 }
97 3697 216 3747 dum
250 3699 486 3748 nonnulli
520 3699 739 3747 aderant
746 3735 762 3760 ,
812 3704 862 3747 et
909 3699 966 3747 lzi
999 3699 1198 3760 quidem
1237 3699 1300 3750 de
1335 3699 1620 3759 caliqinosa
1661 3696 1995 3747 Obscurorum
2034 3698 2264 3746 Beucleli-

7 3803 12 3806 ·
44 3815 47 3825 ι
95 3783 340 3834 nistarum
364 3784 588 3845 cohorte,
628 3784 718 3833 sub
744 3785 931 3846 vapido
955 3785 1301 3845 mediusfidius
1316 3789 1527 3846 pectore
1552 3789 1770 3833 astutam
1794 3788 2024 3844 aerentes
2050 3783 2259 3842 vulpem.

211 3977 247 4006 ¹²
278 3979 395 4022 ovid.
421 3981 703 4035 epist.V111.
731 3981 801 4022 57.
824 3993 890 4034 sq.
983 3978 1016 4006 ¹⁵
1046 3962 1287 4024 seherias.
1311 3984 1352 4020 2.
1432 3978 1469 4005 ³⁴
1502 3979 1577 4021 cf.
1602 3981 1725 4021 Pers.
1749 3982 1834 4022 sat.
1861 3979 1910 4018 v.
1938 3976 2030 4018 117.
