2456 4264
232 249 352 306 206
822 270 1059 298 EPISTOLAE
1083 268 1389 297 OBSCVRORVM
1410 267 1622 296 VIRORVM
1644 266 1790 296 NOVAE.

231 402 385 455 solus,
437 417 494 449 ex
540 401 656 447 Arte
703 397 1028 446 metrificandi
1066 395 1255 445 Bebelii
1305 411 1395 459 que
1447 399 1520 443 est
1566 392 1773 443 multum
1813 392 2020 443 subtilis.
2096 392 2181 442 Est
2219 399 2381 442 autem

230 486 324 534 hoc
366 484 589 533 Carmen.

566 565 882 627 Astripotenti
921 563 999 612 dei
1106 563 1259 612 Mater
1298 561 1594 612 venerabilis
1633 560 1838 618 Christi,

678 647 747 696 Da
786 646 1018 711 precibus
1054 646 1222 695 famuli
1331 661 1475 696 aures
1512 646 1751 708 benignas
1790 645 1880 694 tui:

567 733 659 790 Qui
696 737 744 780 te
784 737 919 786 orat,
961 730 1133 787 Maria,
1245 745 1335 793 pro
1374 736 1541 779 sancta
1580 728 1871 792 Theologia‚
2395 747 2415 778 5

677 817 854 865 Contra
894 829 1040 879 quam
1079 812 1247 863 scribit
1353 814 1595 864 Reuchlin
1631 814 1808 863 Iurista
1846 813 2026 870 maluS,

563 900 670 950 Non
711 899 1004 948 clarificatus
1112 912 1202 946 nec
1243 882 1455 961 desuper
1491 897 1818 954 illuminatus,

677 983 894 1040 Qualiter
935 997 1039 1031 esse
1080 981 1226 1031 debet
1334 983 1418 1046 qui
1455 981 1555 1031 vult
1591 981 1788 1046 placere
1825 981 1931 1031 tibi.

562 1069 693 1131 Ergo
734 1074 869 1117 tuum
909 1073 1074 1116 natum
1184 1073 1432 1115 memento
1470 1065 1655 1122 habere
1692 1075 1944 1130 rogatum,
1979 1077 1984 1083 ·

676 1154 736 1202 Ut
773 1151 1031 1201 subvenire
1141 1149 1251 1199 velit
1288 1150 1403 1199 huic
1442 1149 1654 1199 facultati
1692 1164 1779 1214 sue
2395 1165 2437 1198 ιο

227 1240 287 1288 Et
347 1246 422 1288 est
476 1238 759 1300 Elegiacum
815 1243 861 1285 et
916 1235 1166 1284 scanditur
1221 1236 1348 1283 sicut
1403 1235 1615 1299 primum
1674 1239 1885 1283 metrum
1943 1235 1991 1282 in
2038 1235 2208 1284 Boetio
2259 1235 2379 1283 inci·

226 1325 364 1387 piens
404 1323 642 1372 ‘Carmina
684 1323 768 1385 qui
806 1320 1052 1383 quondam
1092 1318 1250 1367 studio
1291 1317 1397 1367 etc.’
1462 1319 1558 1368 Sed
1598 1319 1807 1368 nuncius
1833 1333 1933 1367 non
1960 1317 2080 1368 dixit
2106 1319 2223 1368 mihi
2249 1318 2380 1384 quod

228 1408 327 1456 vult
365 1409 426 1456 ita
467 1408 561 1455 cito
600 1406 859 1461 recedere,
911 1403 1026 1452 alias
1079 1403 1207 1452 volui
1255 1403 1390 1452 vobis
1438 1405 1627 1452 misisse
1672 1401 1813 1466 plura
1864 1408 2020 1452 metra
2073 1419 2167 1468 que
2206 1403 2380 1467 scripsi

228 1507 317 1556 pro
370 1491 655 1540 defensione
704 1488 909 1551 ecclesie
961 1499 1007 1538 et
1055 1489 1180 1537 fidei.
1258 1488 1388 1551 Ergo
1436 1488 1646 1550 cogitate
1697 1487 1826 1550 quod
1879 1488 2079 1556 mittatis
2127 1487 2245 1536 mihi
2283 1486 2380 1537 tale

227 1581 557 1625 commentum
597 1590 620 1622 a
662 1573 795 1622 vobis
833 1574 1168 1637 practicatum.
1244 1579 1360 1620 tunc
1397 1572 1576 1620 iterum
1617 1570 1724 1619 volo
1764 1571 1898 1620 vobis
1925 1570 2105 1636 aliquid
2130 1573 2240 1620 novi
2266 1572 2439 1620 mit-1⁵

225 1668 348 1726 tere.
426 1659 589 1708 Valete
627 1658 802 1722 raptim
845 1657 1039 1705 faustim
1078 1655 1238 1704 zelose
1277 1656 1454 1705 Datum
1494 1654 1721 1704 Olmuntz
1760 1656 1812 1703 in
1850 1655 2079 1705 Moravia.

1262 1878 1344 1935 12.

671 1997 712 2043 (ἴ
758 1994 1139 2075 Magister
1185 1991 1650 2055 Wilhelmus
1696 1992 1933 2074 Lamp

1076 2110 1255 2157 artium
1295 2107 1525 2171 Magister
1759 2098 1762 2101 ⁴

820 2204 1154 2274 Magistro
1195 2203 1491 2256 Ortvino
1531 2203 1768 2256 Gratio
1991 2260 1995 2263 ,
2393 2206 2456 2268 π.

1177 2305 1410 2354 Salutem.

362 2420 647 2470 Reverende
695 2419 801 2475 Vir,
862 2417 1133 2467 secundum
1192 2417 1323 2482 quod
1376 2417 1564 2466 dixistis
1625 2423 1673 2465 et
1736 2417 2002 2467 mandastis
2063 2416 2183 2466 mihi
2247 2416 2379 2482 quod
2455 2450 2456 2461 ³

221 2506 382 2554 statim
423 2504 617 2569 quando
656 2504 796 2551 venio
836 2503 895 2551 ad
932 2502 1162 2558 Romam,
1217 2501 1374 2550 debeo
1423 2501 1559 2550 vobis
1606 2500 1825 2551 scrihere
1872 2501 2120 2566 quomodo
2157 2503 2380 2551 transivit
2454 2510 2456 2525 ¹

223 2589 339 2642 mihi
388 2591 435 2637 in
482 2589 556 2637 via
603 2601 692 2651 per
741 2588 901 2635 omnia
951 2592 998 2635 et
1045 2587 1290 2649 quomodo
1340 2591 1413 2634 sto
1453 2586 1612 2650 quoad
1650 2587 1907 2636 sanitatem
1946 2587 2168 2650 corporis
2206 2586 2379 2635 Sciatis

222 2673 352 2737 quod
392 2673 452 2721 de
491 2672 642 2735 gratia
683 2670 760 2719 dei
800 2670 959 2719 adhuc
992 2662 1105 2719 ‘sum
1143 2684 1315 2727 sanuS,
1368 2676 1415 2719 et
1461 2670 1634 2720 vellem
1682 2672 1826 2720 etiam
1875 2670 1936 2720 de
1983 2669 2121 2720 vohis
2168 2669 2434 2723 libentem

221 2757 391 2806 audire
431 2756 559 2820 quod
609 2757 723 2804 estis
770 2770 928 2804 sanus.
1006 2755 1100 2804 Sed
1152 2770 1328 2818 spere,
1379 2755 1420 2802 si
1467 2754 1567 2803 vult
1614 2755 1841 2804 dominus
1890 2755 2035 2811 deuS‚
2086 2756 2215 2819 quod
2265 2756 2378 2804 estis

220 2857 382 2891 sanus.
459 2841 518 2889 Et
565 2840 688 2888 facio
738 2839 875 2888 vobis
927 2845 1097 2888 notum
1137 2838 1343 2903 qualiter
1381 2842 1542 2888 statim
1582 2839 1779 2902 quando
1825 2840 1935 2889 veni
1981 2839 2042 2888 ad
2079 2839 2374 2904 Maguntiam

221 2929 268 2974 in
308 2926 572 2988 hospitium
613 2923 830 2987 Corone,
882 2930 1001 2972 tunc
1047 2924 1210 2972 inveni
1260 2922 1327 2971 ibi
1374 2923 1610 2987 quosdam
1658 2925 1789 2973 viros
1829 2925 1912 2988 qui
1949 2922 2278 2987 loquebantur
2317 2923 2376 2973 de
2425 2954 2433 2960 ι

221 3010 373 3059 Causa
412 3009 548 3065 fidei,
589 3014 638 3057 et
676 3009 815 3057 eran't
851 3022 944 3072 pro
982 3009 1193 3058 Doctore
1230 3008 1485 3065 Reuchlin,
1527 3014 1574 3057 et
1612 3007 1807 3072 quando
1847 3007 2074 3057 viderunt
2112 3007 2245 3071 quod
2284 3021 2375 3069 ego

218 3109 324 3143 sum
365 3092 679 3150 coloniensis,
720 3092 880 3141 adhuc
917 3094 1073 3156 magis
1111 3092 1439 3157 loquebantur
1478 3098 1526 3141 et
1563 3093 1789 3142 fecerunt
1826 3092 1946 3142 mihi
1982 3092 2029 3140 in
2069 3091 2369 3156 despectum.
2386 3110 2428 3145 ³0

219 3178 278 3225 Et
315 3176 637 3226 laudaverunt
673 3177 939 3226 Iohannem
977 3176 1216 3226 Reuchlin
1256 3182 1302 3226 et
1340 3177 1755 3242 parvipenderunt
1779 3177 2052 3241 Magistros
2090 3182 2287 3225 nostros
2324 3177 2374 3224 in

220 3260 418 3310 Colonia
466 3266 513 3309 et
560 3261 787 3310 dixerunt
835 3262 964 3325 quod
1016 3266 1178 3310 essent
1226 3261 1593 3325 vespertiliones
1642 3263 1724 3325 qui
1761 3260 1882 3310 nihil
1921 3260 2104 3310 habent
2141 3275 2287 3325 agere
2323 3260 2373 3308 in

219 3344 354 3400 luce,
409 3344 492 3393 sed
542 3344 705 3393 volant
751 3347 803 3392 in
852 3345 1092 3403 tenebriS‚
1156 3351 1203 3395 et
1259 3352 1470 3394 tractant
1507 3345 1858 3411 obscuritates.
1936 3345 2075 3395 Tunc
2131 3358 2221 3407 ego
2276 3343 2374 3393 dixi

221 3428 474 3478 ‘Audiatur
523 3443 637 3491 pars
685 3428 867 3486 altera',
917 3436 965 3479 et
1015 3429 1203 3493 alligavi
1252 3429 1421 3479 Flores
1468 3430 1648 3494 legum.
1723 3429 1784 3478 Et
1827 3430 1920 3493 ipsi
1966 3413 2259 3492 inceperunt
2294 3442 2373 3476 me

218 3515 415 3561 irritare
465 3511 630 3562 multis
679 3513 817 3561 malis
865 3514 1053 3569 verbis,
1106 3513 1236 3577 quod
1277 3514 1402 3562 dixi:
1454 3514 1593 3572 ‘Quid
1634 3514 1752 3562 mihi
1790 3529 1903 3562 cum
1942 3512 2215 3563 Reuchlin‘?
2252 3512 2426 3565 Per-ss

332 3668 366 3693 ¹0
398 3667 646 3707 faculatati
668 3669 708 3706 4.
790 3665 821 3692 ¹¹
854 3667 1052 3718 Incipies
1075 3669 1114 3706 4.
1209 3666 1239 3692 ¹²
1270 3668 1414 3708 studio
1446 3670 1495 3709 23.
1527 3681 1608 3708 non
1639 3668 1764 3708 habet
1786 3670 1826 3710 4.
1913 3667 2053 3708 michi
2074 3671 2114 3708 5.
2183 3665 2218 3692 ¹3
2249 3680 2258 3706 :
2283 3663 2368 3719 (⁸14.

219 3737 252 3764 ¹⁴
285 3751 307 3778 e
342 3740 381 3779 4.
415 3751 439 3791 Q
471 3742 510 3780 5.
600 3736 739 3776 michi
759 3740 798 3776 5.
2443 3762 2446 3767 v

330 3807 364 3834 1³
397 3807 643 3848 eu111101m⁹
665 3811 706 3847 5.
765 3805 802 3832 20
832 3807 892 3846 M.
918 3809 957 3846 4.
1018 3804 1054 3830 2⁴
1086 3806 1223 3846 miehi
1244 3810 1282 3846 5.
1340 3805 1377 3831 2⁵
1409 3806 1506 3846 ran⁹
1539 3812 1584 3846 et
1604 3811 1645 3846 5.
1706 3807 1742 3833 28
1773 3795 1868 3850 e'4.
1901 3821 1927 3860 q
1950 3811 1990 3848 5.
2051 3805 2088 3832 ³⁰
2118 3806 2306 3860 ἀτρεκῆ.
2328 3807 2369 3850 5.
2441 3803 2448 3846 ³.

215 3877 250 3905 ³¹
283 3878 317 3921 1.
340 3877 518 3919 reuchli
548 3882 588 3918 5.
678 3876 713 3902 33
744 3877 1057 3918 obscuritates.
1081 3880 1119 3919 5.
1209 3875 1243 3901 3⁴
1278 3876 1470 3929 alligaui
1499 3878 1560 3916 sic
1592 3879 1631 3917 4.
1644 3881 1683 3917 5.
1774 3876 1811 3902 35
1840 3877 2108 3918 Permitatis
2141 3879 2182 3918 4.
2408 3882 2412 3886 ’
2441 3877 2451 3889 '
