2456 4264
747 330 1079 361 HOCRSTBA'I'VS
1102 302 1260 360 OVANS·
1273 329 1524 360 Dunoovs.
2085 299 2209 362 483

50 463 275 512 clamabat
299 478 403 512 ,non
439 463 588 511 solum
626 465 842 512 adversus
878 465 1151 517 Rhomanos,
1188 464 1269 511 sed
1306 465 1458 521 etiam,
1498 478 1526 511 o
1563 464 1789 512 nefarium
1828 465 2016 516 facinus,
2054 463 2100 510 in
2127 476 2214 509 nos

51 535 298 583 monachos
330 534 611 583 declamabat
647 543 693 582 et
727 536 886 583 Patres
923 536 1106 583 Fratres
1143 536 1426 583 Reverendos
1464 536 1703 597 Magistros
1727 536 1938 589 Nostros,
1975 536 2215 597 Magistros

52 615 99 654 et
135 606 435 668 Regulatores
470 605 575 653 fidei
614 615 751 669 atque
787 607 1078 654 Formatores
1114 608 1512 655 conscientiarum.

192 689 480 726 Lvronnvs.
555 678 722 739 quibus
760 677 930 725 nullam
965 692 1067 726 esse
1103 680 1426 727 conscientiam
1464 678 1602 741 vulgo
1640 687 1890 727 autumant.

192 761 586 798 uocnsrssawvs.
664 749 826 796 Verum
863 765 918 798 ex
956 756 1082 797 tanto
1109 750 1242 797 hoste
1269 750 1476 812 praesidia
1505 750 1637 797 nobis
1662 758 1795 798 suut:
1833 764 1932 798 nam
1960 752 2212 798 instructus
2229 750 2332 798 §.ot-

52 815 261 883 plurimis
297 819 447 867 literis
484 820 749 882 pontificum
787 822 842 867 ad
880 835 1136 883 synagogas
1176 822 1547 874 universitatum,
1586 822 1641 869 ad
1678 835 1859 883 regem,
1898 822 1952 868 ad
1992 823 2220 884 principes

54 891 303 939 Germaniae
348 891 420 939 bis
468 891 628 940 diebus
678 893 880 944 advenit,
933 893 1051 940 haud
1097 893 1308 944 dubium,
1358 900 1410 939 nt
1446 900 1518 939 est
1556 893 1821 954 impotentis
1870 893 1972 945 irae.
2021 892 2221 939 Luthero

54 977 138 1025 per
173 962 344 1010 Bullam
382 970 430 1010 et
466 963 976 1010 excommunicationem
1014 963 1280 1011 conculcata
1320 963 1558 1011 insultabit
1593 963 1943 1015 contumeliose,
1983 965 2145 1010 veteris
2172 962 2225 1009 il·

53 1033 146 1082 lins
183 1034 414 1096 opinionis
460 1033 679 1097 reliquias
724 1033 1012 1097 profligabit.
1066 1038 1218 1083 omnia
1263 1035 1487 1083 librorum
1524 1035 1905 1083 Lutlierianorum
1952 1035 2224 1097 exemplaria

0 1108 160 1167 migne
194 1103 412 1154 abolebit.

51 1179 54 1182 ’
195 1190 484 1226 ινΡοιῡνε.
558 1177 632 1229 lo,
679 1179 768 1224 erit
804 1180 850 1224 in
888 1192 983 1224 rem
1020 1177 1377 1240 Impressorum,
1416 1192 1529 1224 nova
1569 1179 1735 1225 iterum
1774 1178 2020 1228 excudent,
2061 1176 2227 1239 quibus

55 1250 163 1296 binc
198 1248 509 1311 promptiores
547 1250 775 1296 invenient
810 1255 1068 1310 emptores,
1107 1263 1208 1296 cum
1250 1249 1392 1296 l'erme
1429 1249 1667 1311 cupiamus
1694 1264 1796 1311 quae
1823 1249 1963 1296 vetita
1991 1257 2100 1295 sunt
2125 1263 2229 1311 per-

59 1334 264 1369 noscere.
1767 1370 1770 1373 ,

198 1404 350 1441 ans.
421 1390 686 1439 Claudendae
723 1390 867 1451 igitur
901 1391 1113 1438 videntur
1151 1390 1345 1439 officinae
1384 1394 1659 1444 excusoriae,
1698 1406 1756 1439 ne
1794 1394 1840 1438 in
1880 1400 2083 1440 nostram
2122 1405 2224 1453 per·
2244 1407 2342 1450 §.⁷0.

6 1462 225 1512 taniciem
261 1461 442 1512 codices
479 1461 601 1524 pleni
640 1462 806 1509 iudicio
854 1462 1239 1524 multiplicentur,
1287 1463 1452 1525 quibus
1499 1463 1715 1510 debemus
1763 1472 1965 1511 renatam
2013 1463 2234 1510 eruditio-

60 1548 191 1587 nem,
230 1549 256 1580 a
294 1548 382 1595 qua
421 1533 555 1580 nobis
593 1540 716 1580 tanta
756 1534 1059 1582 incommoda.

202 1616 596 1654 HocHS'rRA'rvs.
668 1604 768 1651 Non
806 1605 992 1653 omnino
1030 1606 1318 1659 claudendae,
1356 1621 1459 1653 nam
1498 1607 1840 1659 Dormisecure,
1889 1606 2233 1657 Mammotrecti‚

62 1675 272 1740 Capreoli
309 1683 357 1724 et
391 1676 528 1724 buius
566 1676 750 1738 generis
787 1676 1034 1724 Christiani
1081 1686 1268 1725 autores
1319 1693 1480 1740 parum
1518 1677 1651 1726 multi
1701 1686 1830 1731 sunt,
1879 1679 2041 1725 horum
2081 1691 2238 1725 nume-

64 1763 165 1797 rum
201 1748 347 1795 indies
384 1747 639 1810 augendum
677 1747 963 1804 curabimus;
1010 1749 1305 1811 quamobrem
1355 1764 1476 1798 nunc
1514 1764 1699 1813 operam
1737 1750 1842 1798 dant
1882 1750 2236 1801 Rhomanenses,

7 1828 119 1869 ²⁰ut
154 1833 240 1868 nos
275 1821 525 1867 autoritate
562 1820 698 1866 etiam
735 1819 936 1868 Caesarea
978 1821 1226 1883 praeficiant
1264 1821 1435 1869 iudIces
1474 1821 1603 1869 libris
1643 1822 1811 1883 ubique
1848 1821 2134 1871 excudendis,
2174 1819 2237 1867 ita

65 1900 118 1940 ut
152 1892 252 1939 sine
287 1899 449 1938 nostro
487 1890 708 1953 suffragto
746 1892 855 1939 nihil
906 1893 1058 1954 praelis
1105 1893 1394 1948 admittatur;
1443 1893 1532 1942 hoc
1578 1895 1761 1956 ingenio
1813 1893 1934 1940 forte
1981 1893 2236 1955 supprime-

66 1978 195 2015 mus,
232 1963 372 2010 immo
409 1964 728 2024 extinguemus
764 1963 923 2010 literas
960 1971 1007 2010 et
1044 1964 1358 2026 posteritatem
1397 1964 1591 2013 similem
1631 1964 1763 2012 nobis
1801 1965 2055 2016 reddemus,
2095 1962 2240 2025 siqui-

67 2036 169 2082 dem
204 2035 263 2083 ad
298 2041 509 2082 autorum
547 2041 755 2082 naturam
792 2035 993 2083 lectores
1030 2036 1359 2098 propemodum
1397 2036 1703 2083 demutantur.

208 2118 358 2154 mvs.
432 2105 604 2153 Vereor
638 2121 696 2154 ne
733 2109 911 2168 equites
948 2107 1157 2154 Germani
1195 2109 1240 2154 in
1277 2109 1374 2155 suis
1411 2107 1617 2161 arcibus,
1666 2123 1779 2170 quas
1818 2107 1983 2155 habent
2019 2107 2229 2153 munitis·
2245 2115 2342 2157 §.st

0 2180 236 2231 animas,
274 2177 442 2225 faciant
478 2178 662 2230 excudi,
703 2185 797 2225 tum
836 2178 978 2226 bonas
1015 2179 1196 2231 literas,
1245 2186 1341 2226 tum
1380 2186 1549 2228 nostrae
1586 2179 1839 2242 tyrannidis
1877 2179 2239 2230 criminationes;

71 2257 348 2313 emptorem,
387 2250 427 2296 si
463 2249 509 2296 id
545 2248 700 2302 fleret,
740 2249 901 2298 saltem
939 2251 1168 2298 occultum
1207 2250 1319 2298 nihil
1357 2251 1703 2304 desiderabunt,
1742 2259 1788 2298 et
1825 2250 1985 2298 maiori
2013 2257 2108 2296 tum
2136 2249 2240 2295 odio

71 2336 158 2370 nos
192 2319 484 2383 gravabimur
521 2320 600 2382 qui
638 2323 703 2368 sie
740 2321 945 2368 videmur
982 2329 1140 2369 nostra
1178 2322 1283 2369 vitia
1322 2323 1468 2385 magis
1505 2330 1557 2369 ut
1604 2323 1773 2369 lateant
1817 2336 1950 2384 quam
2001 2329 2051 2368 ut
2100 2320 2243 2367 corri-

73 2399 242 2456 gantur
273 2392 525 2441 laborasse.

214 2476 615 2513 nocns'rnawvs.
688 2464 809 2511 idem
857 2479 946 2527 ego
996 2466 1222 2518 formido,
1282 2466 1425 2512 nihilo
1484 2475 1632 2513 tamen
1689 2466 1839 2513 secius
1896 2464 2242 2528 pertentandum

2 2543 175 2590 west,
222 2535 436 2599 quoniam
477 2535 611 2582 huius
656 2537 836 2583 consilii
885 2539 923 2584 si
972 2551 1064 2583 non
1113 2544 1269 2590 autor,
1308 2544 1432 2585 certe
1480 2538 1570 2585 dux
1617 2539 1705 2584 erit
1751 2536 1987 2585 nobiscum
2026 2536 2247 2597 Hierony·

79 2622 180 2655 mus
216 2607 295 2655 ille
317 2606 565 2659 Aleander,
606 2609 684 2669 qui
722 2608 909 2660 multis,
947 2616 999 2654 ut
1038 2608 1151 2661 scis,
1191 2609 1370 2656 videtur
1407 2611 1452 2655 in
1491 2617 1688 2671 utraque
1726 2608 1883 2669 lingua
1920 2622 2012 2655 non
2058 2607 2245 2655 omnino

79 2681 277 2742 pessime
314 2679 503 2730 doctus,
543 2678 631 2726 sibi
666 2686 816 2726 autem
857 2681 935 2726 uni
974 2679 1111 2742 longe
1149 2682 1351 2727 omnium
1391 2680 1708 2733 doctissimus,
1749 2680 1861 2727 adeo
1900 2686 1952 2726 ut
1990 2679 2109 2726 inter
2147 2692 2245 2725 aca-

80 2750 281 2798 demicos
317 2750 473 2798 Romae
511 2751 695 2812 quoties
734 2750 998 2812 indulgetur
1034 2752 1193 2812 genio,
1245 2753 1380 2799 toties
1429 2752 1558 2799 solus
1595 2767 1678 2815 per
1715 2752 1893 2813 integra
1933 2763 2248 2813 saepenumero

80 2822 284 2870 convivia
320 2822 566 2884 loquatur,
617 2835 710 2868 non
749 2821 895 2868 solum
935 2822 1117 2874 Latine,
1167 2824 1270 2875 sed,
1319 2823 1443 2886 quod
1480 2837 1729 2886 paucorum
1769 2831 1860 2875 est,
1910 2823 2048 2869 multa
2089 2821 2251 2869 Home-

12 2901 67 2935 ,ἕν
83 2895 178 2941 rica
215 2892 407 2941 subinde
444 2893 708 2940 modulatur
746 2908 853 2939 voce
891 2908 1081 2946 sonora,
1121 2894 1413 2955 gesticulanti
1453 2894 1579 2942 vultu
1618 2894 1796 2956 sibique
1821 2896 2100 2957 impotenter
2127 2891 2252 2940 blan-

83 2965 254 3022 dienti,
293 2978 567 3027 quamquam
605 2965 659 3011 ad
696 2967 985 3027 propositum
1023 2973 1342 3027 argumentum
1380 2981 1485 3014 raro
1513 2981 1615 3028 quae
1642 2967 1819 3028 profert
1846 2965 2084 3028 quadrent.
2149 2965 2252 3011 huic

84 3044 156 3083 est
192 3036 249 3084 ab
286 3035 499 3083 omnibus
534 3037 938 3089 consentiendum,
977 3038 1083 3084 huic
1121 3051 1207 3099 ego
1247 3053 1431 3100 quoque
1469 3038 1672 3100 lampada
1713 3037 1867 3089 trado,
1907 3051 1998 3084 non
2038 3045 2189 3083 tamen
2230 3051 2253 3081 a

85 3108 316 3155 curriculo
353 3107 443 3154 nisi
478 3115 692 3156 mortuus
730 3108 1042 3162 discessurus;
1090 3110 1210 3156 hunc
1250 3109 1415 3162 orabo,
1455 3118 1562 3172 post
1599 3124 1668 3156 me
1707 3109 1753 3155 in
1793 3123 1974 3156 arenam
2015 3108 2253 3170 ingressus

89 3193 184 3226 mea
233 3186 364 3241 gesta
410 3179 663 3227 confirmet.
736 3179 947 3227 Subsidio
1006 3182 1178 3227 mittam
1235 3182 1455 3243 proximis
1503 3181 1663 3227 diebus
1711 3180 1944 3227 Ortvinum
1993 3178 2367 3230 Graculum.§·7··’.

14 3251 76 3298 6⁴⁰
91 3263 348 3312 praeconem
387 3250 750 3312 Theologorum,
803 3252 1069 3313 theologum
1117 3253 1287 3314 ipsum,
1333 3255 1405 3299 cui
1453 3267 1574 3299 nunc
1621 3259 1795 3298 tantum
1846 3252 1928 3298 otii
1966 3265 2056 3298 non
2097 3257 2168 3298 est
2205 3257 2256 3296 ut

202 3405 220 3434 ²
249 3405 288 3448 St
315 3405 369 3448 P.
402 3406 457 3446 F.
489 3405 784 3446 Reuerendos
815 3405 877 3446 M.
900 3405 953 3446 N.
980 3408 1017 3445 1.
1031 3408 1073 3446 2.
1162 3404 1194 3432 ¹¹
1228 3403 1300 3459 1on
1333 3406 1436 3447 Hoc
1457 3408 1499 3447 2.
1592 3404 1626 3432 ¹⁷
1663 3405 1999 3447 Dormiseeurae
2033 3409 2073 3449 2.
2090 3409 2131 3447 3.
2167 3405 2196 3445 i.
2221 3418 2259 3446 e.

92 3476 375 3532 exemplaria
411 3475 560 3517 libelli
593 3477 767 3517 ‘Dor-mi
805 3477 995 3525 secure',
1037 3488 1169 3530 quem
1211 3476 1361 3517 adhuc
1401 3476 1574 3518 frustra
1613 3477 1820 3530 quaesivi.
1937 3477 2008 3518 De
2040 3476 2257 3517 Mammo-

92 3552 240 3591 trecto
276 3547 384 3591 vide
414 3546 460 3588 h.
483 3551 569 3589 art.
591 3547 709 3601 Epp.
733 3546 787 3588 O.
810 3547 863 3587 V.
888 3550 994 3588 tom.
1019 3547 1079 3589 II.
1162 3547 1194 3573 ¹¹³
1226 3547 1493 3602 Capreolus,
1528 3548 1747 3596 Ioannes,
1781 3547 1967 3599 Gallus,
2002 3547 2094 3589 ord.
2119 3546 2257 3601 praed.

94 3618 126 3672 †
155 3617 282 3660 1444.
313 3619 443 3660 cuius
474 3618 818 3659 Commentaria
860 3618 905 3658 in
948 3631 995 3660 iv
1034 3617 1147 3660 libb.
1189 3619 1531 3661 Sententiarum
1570 3619 1757 3661 Tlnomoe
1797 3620 2043 3673 Aquinatis
2083 3618 2260 3658 indicat

95 3690 216 3733 Hain
245 3690 476 3744 Repertor.
507 3703 550 3730 n.
582 3689 709 3731 4410.
739 3689 830 3731 Sed
862 3689 1058 3730 fortasse
1090 3689 1400 3732 Hochstratus
1429 3690 1529 3733 vult
1558 3690 1726 3745 Angeli
1757 3690 1996 3745 CapreoH,
2031 3689 2123 3730 ord.
2151 3687 2257 3727 Car-

97 3760 203 3803 mel.
225 3760 431 3803 libellum
464 3760 609 3802 Stella
638 3764 966 3815 nuncupatum.
999 3761 1059 3802 cf.
1084 3762 1202 3802 Hain
1232 3774 1275 3805 n.
1297 3760 1424 3803 4407.
1513 3761 1549 3788 ²³
1581 3758 1831 3804 denatanf.
1857 3765 1896 3805 1.
1983 3759 2019 3787 ²⁴
2052 3755 2254 3809 arcibus]

97 3830 446 3887 Ebemburgum
480 3837 526 3873 et
546 3831 924 3886 Steekelbergam
945 3831 1057 3883 vult,
1090 3832 1167 3873 ubi
1190 3833 1535 3876 Sehoefferianis
1556 3833 1725 3875 litteris
1746 3832 1960 3887 impressi
1982 3828 2128 3870 libelli
2161 3840 2258 3880 pro-

100 3901 218 3944 diiae
254 3903 537 3945 ferebantur.
580 3902 651 3944 cf.
682 3902 827 3945 Indic.
860 3902 1072 3957 bibliogr.
1103 3904 1233 3945 Hutt.
1267 3918 1311 3948 n.
1333 3918 1494 3949 nnn.
1610 3903 1648 3931 ⁸⁷
1686 3904 1822 3957 lamp.
1856 3900 1929 3955 tr.]
1975 3904 2001 3940 i.
2036 3915 2074 3940 e.
2109 3901 2263 3951 partes

102 3985 229 4015 meas
258 3973 487 4016 Aleandro
519 3966 791 4028 relinquam.
823 3975 883 4018 ef.
910 3975 1036 4015 Lacr.
1061 3974 1116 4015 de
1150 3975 1201 4019 R.
1225 3975 1278 4020 N.
1302 3977 1360 4019 11.
1384 3975 1453 4018 79.
1480 3978 1599 4018 Pera.
1621 3981 1707 4016 sat.
1732 3975 1807 4015 VI.
1830 3973 1899 4013 61.
1925 3987 1963 4011 e.
1989 3972 2128 4023 intpp.

1778 4080 1836 4126 31
1860 4072 1886 4102 ⁹⁶
