2456 4264
512 335 899 366 numm-Amonsss
921 337 1230 367 onscvnonvu
1247 338 1460 367 vmonvu
1484 323 1750 381 [vanans]
2090 314 2210 374 357

4 455 296 534 ,4¹-2Capnion
331 469 475 517 nobis
509 469 619 530 aqit
654 470 845 530 nullas,
886 471 1008 531 quin
1035 471 1211 532 potius
1249 467 1481 519 Obscuris
1517 470 1743 519 omnibus
1778 472 2048 522 maledicit.
2113 472 2217 522 Alii

0 550 297 623 gprcterea
331 566 422 603 nos
456 555 820 618 sycophantas,
863 556 959 604 alii
989 557 1147 605 noctis
1177 556 1334 616 filios,
1376 556 1472 604 alii
1504 556 1797 617 nebulones,
1839 557 1934 606 alii
1964 557 2214 607 humanas

4 633 25 684 ']
55 632 268 708 'ks-tias,
309 639 405 687 alii
434 644 715 689 monstrosa
751 642 1037 703 mancipia,
1088 642 1183 690 alii
1214 654 1367 690 canes
1402 641 1634 701 rabidos,
1684 643 1918 691 nonnulli
1948 642 2207 703 hereticos,

18 741 101 785 331³
128 722 376 795 „phemos
410 728 459 772 et
486 723 844 784 fetidissimam
870 727 1203 776 convitiorum
1226 727 1473 775 sentinam
1511 728 1788 789 appellant.
1865 726 2075 777 Addunt
2099 742 2216 789 quo-

82 833 89 849 1
128 797 131 801 ⁵
162 846 179 871 ,
216 822 310 859 nos
342 810 476 859 solos
511 810 747 859 obscuros
782 825 894 860 cum
918 812 1126 860 Datlzan
1164 818 1213 861 et
1248 811 1454 875 Abyron
1492 813 1669 861 merito
1707 826 1740 860 a
1776 818 1917 861 terra
1954 814 2216 863 absorben-

7 885 19 932 ἐ
58 899 86 923 ··
140 934 144 939 ,
255 895 382 945 Vale
415 901 484 944 'ex
518 895 819 957 Arqentina.
858 902 908 946 et
941 902 990 946 te
1024 898 1103 947 lzis
1139 897 1332 947 oblecta
1362 896 1718 957 felicitatibus.

1078 1096 1182 1192 35.

610 1258 654 1306 1[
701 1253 1118 1311 Ger-hardus
1164 1238 1673 1329 Schi‘rruqli'us

551 1334 554 1335 ⁷
625 1367 863 1416 Ioanni
919 1367 1326 1430 Wiclcelplzio
1387 1365 1460 1416 .S.
1489 1366 1547 1416 P.
1576 1366 1639 1416 D.

67 1487 70 1491 ’
203 1481 338 1536 Mali
355 1485 472 1530 sunt
493 1481 719 1531 homines
743 1482 832 1544 qui
854 1482 1030 1531 dicunt
1064 1482 1205 1531 nobis
1240 1482 1386 1530 male.
1463 1482 1690 1542 quamvis
1725 1481 1855 1529 enim
1876 1493 2050 1548 ‘neque
2074 1481 2219 1529 deum

6 1559 18 1588 ⁴
52 1555 165 1622 ‹²''fl‘
184 1580 319 1616 mus
353 1552 516 1628 neque
549 1566 787 1628 homines,
830 1569 1056 1629 aliosque
1091 1569 1300 1628 indiqne
1334 1568 1606 1627 leserimus,
1647 1567 1777 1615 nibil
1799 1570 1964 1614 tamen
1989 1569 2062 1614 est
2086 1566 2223 1627 quod

58 1698 62 1707 ,
87 1704 91 1705 ⁷
211 1653 389 1702 melias
406 1653 773 1714 perpetiamur.
815 1653 994 1702 bellum
1018 1654 1114 1703 boc
1139 1658 1186 1702 et
1209 1653 1447 1714 lepidum.
1523 1653 1708 1701 Verum
1733 1652 1824 1711 laec
1850 1651 1994 1699 alias.
2056 1651 2220 1699 Grave

51 1736 180 1791 3241
211 1746 411 1811 semper
445 1741 598 1800 atque
634 1751 822 1800 anceps
858 1739 1062 1788 dubium
1101 1738 1234 1798 fuit,
1285 1751 1447 1800 quare
1485 1738 1799 1788 Colonienses
1845 1737 2065 1798 theoloqi
2102 1738 2219 1799 plus

84 1829 93 1837 ’
127 1823 131 1827 ’
205 1825 216 1836 ”
273 1831 373 1887 per
417 1823 731 1872 Alemaniam
773 1825 1073 1886 florentibus
1116 1825 1558 1886 superioristarum
1608 1818 1710 1891 [(ut
1752 1823 1825 1871 sic
1871 1823 2040 1871 dicam
2035 1817 2088 1889 J]
2141 1835 2198 1870 er

95 1905 140 1978 ³.st
167 1919 204 1960 s
236 1911 502 1972 corripere
535 1910 784 1970 nitantur,
826 1914 874 1958 et
910 1912 962 1958 in
989 1909 1205 1959 Suevum
1243 1910 1522 1970 indiqnari,
1564 1909 1811 1958 bominem
1850 1908 1991 1957 nobis
2025 1900 2218 1956 summa

125 1989 132 1997 ’
164 1996 180 2008 ”
274 1999 376 2045 tum
412 1996 795 2044 necessitudine.
882 1997 1009 2044 Vale
1047 1994 1276 2055 feliciter
1321 1999 1369 2043 et
1404 2008 1523 2044 cras
1558 1994 1820 2056 responde.
1898 1992 1983 2042 Ex
2019 1992 2215 2041 Ander-

55 2070 73 2123 ’τ’
102 2074 199 2133 ⁸ko
238 2075 392 2151 [inter
426 2077 614 2130 calices
649 2086 699 2130 et
724 2074 960 2147 pocula].
990 2076 1012 2148 ΙΙ

1089 2315 1179 2375 36.

45 2478 66 2499 -.
846 2442 889 2490 (I
943 2437 1418 2514 Wickelpltius
2239 2443 2338 2485 114¹>

13 2467 93 2626 Α,
735 2565 825 2601 suo
861 2550 1270 2614 Scltirruqlio
1309 2549 1380 2600 ..S
1411 2550 1466 2599 P.
1497 2550 1558 2599 D.

41 2636 61 2707 3
216 2667 328 2718 Non
364 2680 572 2730 possum
618 2667 713 2715 tibi
748 2667 928 2715 Gordii
970 2666 1155 2715 nodum
1194 2666 1381 2727 absque
1417 2665 1594 2713 dolore
1629 2665 1829 2711 interno
1865 2666 1914 2710 et
1949 2660 2228 2710 horrisonis

44 2753 345 2804 ululatibus
381 2753 666 2802 dissolvere.
743 2751 857 2800 Nisi
891 2753 1067 2801 doctor
1103 2764 1255 2801 essem
1292 2752 1344 2800 in
1371 2750 1592 2800 omnibus
1616 2749 1838 2798 scientiis
1860 2747 2049 2807 mundi,
2091 2748 2224 2795 item-

42 2820 174 2917 ξᾳνε
202 2839 251 2889 si
282 2851 442 2901 neque
477 2838 530 2887 in
569 2836 812 2886 Bobemia
847 2851 1009 2899 neque
1044 2838 1095 2886 in
1134 2836 1468 2897 Narraqonia
1507 2834 1743 2895 fuissem,
1796 2834 1868 2882 ad
1902 2837 2004 2882 tam
2041 2830 2226 2892 diffici-

43 2918 171 2974 lem
205 2936 268 2974 ac
294 2924 459 2987 plane
493 2927 770 2973 tortuosam
808 2923 1168 2973 dubitationem
1205 2922 1513 2984 respondere
1548 2921 1642 2970 tibi
1664 2931 1981 2980 nequaquam
2008 2930 2222 2980 possem.

0 3007 259 3080 §Audivi
289 3022 456 3072 nuper
499 3010 553 3058 in
599 3010 814 3058 ecclesia
863 3022 895 3056 a
933 3009 1149 3070 quodam
1198 3007 1453 3069 theoloqo,
1508 3007 1578 3056 ad
1612 3005 1859 3068 populum
1907 3004 1991 3051 dei
2025 3002 2225 3051 verbum

45 3085 303 3156 habente,
343 3095 673 3156 reverendum
710 3094 1062 3157 Inquisitorem
1099 3094 1338 3144 Iacobum
1376 3092 1741 3142 Hoecbstraten
1778 3094 1879 3137 tres
1911 3088 2008 3137 sibi
2041 3101 2074 3135 a
2108 3087 2227 3136 sede

45 3131 345 3243 {apostolica
381 3159 853 3243 archiepiscopatus
887 3180 1170 3230 commissos
1205 3180 1415 3239 babere,
1460 3177 1824 3235 Coloniensem‚
1868 3173 2222 3235 Moquntinam

21 3270 36 3294 ⁶
65 3269 129 3316 et
153 3263 520 3325 Trevirensem,
573 3271 627 3315 ut
664 3280 758 3327 que
794 3267 931 3314 mala
960 3270 1108 3326 sunt,
1161 3266 1224 3314 ab
1262 3266 1474 3314 ecclesia
1521 3263 1605 3311 dei
1649 3260 2020 3323 quamprimum
2067 3259 2219 3307 revel-

143 3386 158 3401 .
230 3350 430 3401 Adiecit
473 3363 670 3412 quoque
704 3348 905 3399 Sixtum
944 3350 1140 3412 Papam
1178 3355 1414 3412 quartum
1450 3347 1704 3409 sinqulari
1738 3346 1960 3407 quadam
1997 3344 2221 3393 commis-

113 3423 207 3487 one
230 3449 332 3499 per
367 3439 522 3484 totam
560 3435 876 3484 Alemaniam
911 3435 1157 3495 heresium
1195 3434 1619 3496 extirpandarum
1654 3444 1832 3481 munus
1868 3430 2109 3491 theoloqis
2137 3429 2225 3478 Co-

264 3521 364 3571 bus
398 3521 714 3569 commisisse.
794 3519 935 3577 Quod
958 3525 1013 3568 ut
1035 3520 1147 3568 luce
1169 3519 1363 3568 clarius
1386 3519 1633 3578 intueare,
1673 3517 1873 3566 brevius
1897 3517 2036 3565 illius
2059 3528 2225 3564 exem-

218 3606 314 3657 tibi·
347 3619 448 3668 per
484 3604 857 3668 Liripipianum
905 3610 1129 3654 nostrum
1174 3605 1485 3664 transmitto,
1535 3607 1590 3651 ut
1638 3602 1900 3652 immodice
1943 3605 2102 3650 tecum
2148 3601 2222 3648 la-

103 3688 106 3695 '
198 3692 313 3741 eris.
402 3691 527 3739 Vale
563 3704 629 3739 ex
668 3689 1015 3752 Madepurck‚
1058 3695 1105 3738 et
1136 3691 1465 3752 penitentiam
1503 3701 1601 3750 aye
1636 3688 2003 3751 quamprimum
2035 3682 2216 3748 potes!

180 3901 200 3929 ⁸
226 3902 316 3944 Ρνο
349 3905 395 3943 et
484 3899 793 3942 felicitatibus
823 3903 865 3942 in
895 3904 937 3942 2.
952 3885 1048 3943 est:
1078 3893 1179 3956 ρᾶἰο
1210 3900 1438 3943 kalendas
1468 3901 1606 3943 Iouis.

180 3972 216 4001 ’Β
246 3975 351 4015 sunt
382 3974 421 4013 1.
453 3972 519 4012 ibi
552 3974 837 4025 compererit.
861 3976 902 4014 2.
