2456 4264
362 288 537 319 ORATIO
557 291 790 320 EVNEBRIS
812 292 862 320 IN
884 291 1071 321 LAVDBM
1093 290 1284 320 IOANNIS
1308 291 1539 319 CERDONIS
1563 291 1599 319 S.
1622 289 1920 319 VADEMECVM.
1945 289 2046 318 E'rc.
2165 263 2288 321 455

130 437 247 484 quos
284 429 491 470 oratores
527 422 645 484 legi,
686 423 849 485 quibus
886 424 1030 486 proch
1066 425 1199 472 dolor
1235 430 1395 471 nostro
1434 432 1639 486 tempore
1676 424 1964 486 decipiuntur
2001 422 2156 486 plures
2195 430 2290 469 stu-

127 494 289 540 dentes
321 493 608 541 Baclareandi
656 502 702 542 et
737 496 933 542 Baclarei
978 497 1034 543 ad
1070 497 1244 558 loycam
1291 503 1337 543 et
1384 497 1438 542 ad
1485 497 1643 543 altiora
1692 495 1892 542 valentes
1941 500 1985 541 et
2030 495 2085 541 ad
2123 495 2288 554 grados

128 564 378 612 alt1ssimos
422 579 517 612 non
563 566 706 628 inepti
752 581 836 614 nec
878 567 1041 614 insulsi
1087 581 1235 629 neque
1269 567 1578 629 imperterriti.
1654 567 1861 614 Confisus
1899 572 1967 613 ta·
2018 528 2244 649 {9¹:12⁰032m
2213 569 2290 591 ‘²⁰¹¹‘

0 681 2 693 ,
128 649 229 683 men
265 637 313 682 in
349 637 645 698 paternitates
692 645 738 684 et
764 639 1083 686 discretiones
1129 646 1300 686 vestras
1347 653 1431 686 nec
1475 654 1566 686 non
1606 639 1652 684 in
1689 638 1990 685 Alexandrum
2026 640 2171 684 virum
2210 639 2291 684 do-

70 720 93 753 5
130 708 406 772 ctrinosum,
454 708 532 771 qui
582 709 690 756 fecit
737 709 961 757 laudabile
1006 725 1122 771 opus
1170 712 1474 772 tripartitum,
1523 712 1656 758 etlam
1702 712 1749 757 in
1787 709 2036 756 Cornutum
2073 724 2290 771 proavum

0 776 2 783 ’
126 792 298 829 meum,
338 780 467 825 cuius
504 779 621 826 liber
656 780 818 843 incipit
856 781 1072 842 ‘Cespitat
1109 782 1154 827 in
1190 782 1389 843 phaleris
1428 781 1606 843 hippos’
1642 787 1688 827 et
1725 781 1923 841 reliqua,
1963 787 2010 828 et
2045 783 2092 828 in
2129 781 2291 827 Iohan-

125 862 228 896 nem
264 849 320 896 de
346 849 607 897 Garlandria
645 854 721 913 qui
759 859 830 898 est
866 854 1066 913 optimus
1103 855 1149 899 in
1187 855 1490 914 grammatica,
1530 859 1576 900 et
1612 853 1656 904 in
1683 851 1989 898 Eberhardum
2026 859 2163 914 atque
2189 852 2292 899 Flo-

125 920 306 972 ristam,
345 923 423 982 qui
459 930 620 969 nostro
657 937 741 985 evo
779 925 823 969 in
861 925 1149 985 reputatione
1187 925 1373 970 suerunt
1410 930 1650 985 antequam
1687 929 1870 970 venerat
1904 923 2086 970 Poetria
2124 924 2291 985 dyabo-

127 990 215 1039 lica
249 991 306 1039 ad
341 1001 543 1040 nostram
581 993 742 1041 almam
779 996 1131 1042 universitatem.
1204 996 1292 1041 Nec
1339 997 1487 1041 minus
1534 994 1589 1041 de
1636 995 1820 1055 ingenio
1867 995 2057 1055 proprio
2105 995 2289 1041 descen-

73 1075 112 1108 ιο
128 1063 230 1109 dam
267 1063 323 1110 ad
357 1063 513 1111 laudes
551 1066 717 1127 prefati
754 1073 802 1112 et
836 1068 1091 1128 prenarrati
1125 1066 1333 1113 Doctoris
1371 1066 1599 1127 quondam
1637 1064 1807 1112 domini
1843 1064 2024 1112 loannis
2060 1065 2289 1118 Cerdonis,

127 1134 386 1198 dicamque,
425 1139 627 1199 quamvis
665 1137 881 1184 inmundo
920 1151 1000 1184 ore
1039 1144 1085 1184 et
1121 1139 1287 1199 ineptis
1324 1137 1471 1184 verbis
1508 1136 1905 1197 grammaticaliter
1940 1136 2050 1182 tria:
2088 1152 2173 1184 nec
2209 1137 2290 1183 du-

126 1205 203 1252 bio
241 1205 572 1255 dominationes
609 1216 783 1255 vestras
820 1223 904 1270 pro
942 1209 1063 1255 bono
1103 1206 1330 1270 accipere,
1371 1209 1478 1270 quia
1514 1210 1648 1254 etiam
1687 1207 1904 1269 spernitis
1940 1222 2108 1255 novam
2142 1223 2291 1269 gram-

114 1278 334 1324 ·maticam
371 1292 470 1341 que
514 1286 587 1326 est
632 1279 687 1327 de
732 1280 927 1327 mirabili
972 1280 1114 1326 latino
1161 1279 1395 1341 copulata,
1443 1286 1490 1327 et
1526 1279 1814 1326 Rhetoricam
1862 1286 2122 1341 poetarum,
2173 1281 2291 1326 sicut

125 1350 289 1396 merito
326 1351 579 1412 spernenda
616 1359 710 1407 est,
758 1351 865 1414 quia
900 1351 1130 1398 Iuniorum
1166 1366 1268 1397 mos
1306 1358 1398 1404 est,
1449 1351 1628 1412 quando
1676 1351 1827 1407 sciunt
1871 1352 2003 1413 istam
2043 1353 2290 1413 spumatio-

72 1429 110 1462 15
127 1432 230 1466 nem
266 1420 508 1469 verborum
546 1424 944 1482 grammaticorum
982 1422 1287 1469 fabulatorum
1325 1430 1371 1468 et
1418 1428 1651 1469 oratorum
1695 1421 1994 1469 verbosorum
2039 1424 2288 1475 hominum,

125 1497 235 1538 tunc
270 1499 570 1540 contemnunt
604 1493 812 1541 mandata
848 1496 1084 1541 maiorum.
1159 1494 1310 1541 Dicam
1349 1496 1491 1555 igitur
1527 1508 1612 1556 per
1659 1494 1861 1541 ordinem
1911 1496 2012 1541 tria.
2079 1487 2085 1560 Ι
2115 1506 2288 1536 luvocatio.

123 1562 212 1610 Sed
246 1577 330 1610 vos
366 1571 518 1612 mente
553 1565 629 1627 pia
665 1565 837 1626 absque
873 1565 1087 1627 superbia
1123 1565 1251 1612 flexis
1289 1566 1482 1627 genibus
1521 1565 1681 1613 dicatis
1707 1580 1822 1626 rogo
1849 1580 1989 1612 unum
2014 1566 2106 1612 Ave
2132 1567 2287 1612 maria.

120 1633 330 1682 Invocato
377 1642 431 1683 ut
466 1650 647 1698 semper
682 1636 783 1684 fieri
821 1636 956 1683 dehet
992 1636 1159 1684 auxilio
1198 1637 1343 1685 dicam
1381 1638 1529 1699 primo
1569 1637 1624 1684 de
1659 1637 1903 1698 Genalogia
1955 1630 1960 1700 Ι
1989 1631 2289 1705 ξζξξζξᾞῗνξζξοξωὸ

120 1712 259 1768 atque
305 1707 499 1755 amicitia
536 1706 695 1754 ‘nostri
742 1709 970 1770 quondam
1015 1709 1186 1756 domini
1222 1709 1430 1756 Doctoris
1477 1711 1648 1756 narrati
1696 1709 1939 1762 Cerdonis;
1986 1709 2194 1756 Secundo
2233 1709 2288 1756 de

64 1787 106 1819 2⁰
122 1777 220 1824 eius
257 1778 434 1832 studim
474 1779 626 1827 Tertio
665 1780 720 1826 de
757 1780 958 1828 eiusdem
995 1780 1178 1827 domini·
1201 1781 1409 1828 Doctoris
1446 1781 1671 1842 quondam
1710 1786 1997 1827 testamento

259 1847 485 1906 Quantum
522 1864 633 1912 ergo
673 1851 727 1899 ad
763 1854 971 1913 primum,
1010 1852 1100 1899 fuit
1136 1867 1245 1899 avus
1271 1867 1383 1899 suus
1410 1852 1564 1904 Sutor,
1602 1852 1670 1898 vir
1696 1867 1848 1914 quam·
1890 1845 1894 1916 Ι
1923 1847 2036 1911 ἓθωρξ,
2031 1846 2142 1911 {5⁰3¹ss
2159 1846 2287 1911 ἔξω·

117 1919 186 1967 vis
222 1935 421 1984 pauper,
463 1928 608 1969 tamen
646 1922 796 1970 bonus
835 1931 880 1969 et
916 1923 1162 1984 religiosus
1199 1937 1284 1970 nec
1319 1937 1412 1970 non
1451 1924 1659 1977 socialis;
1709 1924 1796 1970 iste
1834 1923 1958 1969 misit
1995 1929 2171 1985 patrem
2209 1924 2286 1970 de-

116 1991 265 2040 functi
301 1992 509 2041 Doctoris
543 1994 756 2041 Iohannis
795 1995 1022 2056 quondam
1062 1995 1277 2042 Cerdonis
1325 1996 1379 2042 ad
1417 1995 1689 2047 Cerdonem,
1740 2001 1786 2041 et
1835 1982 1991 2042 didicit
2029 1991 2284 2047 artificium,

116 2069 165 2110 et
201 2065 312 2111 emit
346 2065 531 2112 domum
570 2066 616 2112 in
654 2065 897 2118 suburbio,
946 2080 970 2112 e
1018 2081 1110 2128 quo
1156 2067 1358 2113 Cerdone
1403 2073 1536 2114 natus
1585 2073 1655 2114 est
1702 2067 1946 2114 defunctus
1991 2072 2203 2113 narratus
2240 2073 2287 2113 et

57 2135 270 2183 zadictus
306 2150 493 2199 quoque
525 2136 740 2184 Cerdonis
779 2139 908 2200 quasi
945 2138 1163 2186 Cerdonis
1202 2138 1377 2185 scilicet
1413 2137 1558 2190 filius,
1610 2151 1691 2200 per
1727 2138 1931 2199 regulam
1969 2138 2286 2199 grammatica-

114 2205 204 2254 lem
240 2206 357 2255 bene
393 2208 707 2256 defensibilem
746 2209 1048 2262 locutionem,
1087 2216 1139 2256 ut
1177 2210 1327 2261 scitis,
1368 2210 1516 2256 credo.
1558 2211 1635 2271 qui
1675 2210 1877 2271 quamvis
1915 2224 2075 2271 parum
2113 2216 2191 2255 aut
2215 2211 2283 2256 ni-

114 2277 179 2326 hil
214 2278 375 2326 habuit
409 2294 435 2327 e
473 2280 750 2342 parentibus,
791 2287 941 2328 tamen
979 2282 1127 2342 primo
1166 2280 1413 2342 diligenter
1449 2281 1629 2328 scholas
1654 2282 1952 2342 particulares
1978 2280 2284 2342 frequentavit

114 2355 162 2396 et
197 2351 243 2397 in
278 2351 487 2413 hospicio
524 2352 697 2400 multos
735 2353 846 2400 fecit
881 2352 1062 2400 labores
1099 2354 1143 2398 in
1182 2354 1392 2414 coquina,
1430 2352 1615 2400 cellario
1654 2359 1700 2398 et
1738 2353 1931 2400 stabulo.
1989 2352 2152 2399 Deinde
2190 2367 2282 2398 ma-

113 2435 231 2483 gnus
267 2421 416 2470 factus
453 2423 643 2471 recessit
678 2431 786 2486 post
821 2425 988 2471 festum
1024 2423 1346 2486 Bartholomei,
1394 2432 1447 2471 ut
1484 2424 1603 2471 solet
1641 2423 1760 2476 fieri,
1799 2424 1854 2471 ad
1894 2418 2282 2489 'ffivfgssgffitssffisshnffln

56 2492 277 2541 aoalmam
312 2500 515 2542 nostram
551 2497 905 2548 universitatem,
944 2496 1163 2543 etractus
1201 2496 1288 2542 suit
1324 2495 1521 2543 famulus
1557 2496 1792 2542 cuiusdam
1829 2497 2060 2556 magistri:
2098 2497 2137 2542 is
2177 2510 2280 2542 eum

111 2571 304 2627 propter
341 2580 468 2614 suam
503 2567 778 2629 probitatem
817 2568 961 2628 gratis
988 2567 1033 2613 in
1058 2567 1308 2615 Baclarium
1345 2575 1519 2629 septem
1556 2567 1811 2614 liberalium
1848 2569 2014 2614 artium
2051 2574 2098 2613 et
2134 2569 2281 2614 totius

111 2636 401 2700 philosophie
446 2640 636 2692 creavit,
683 2639 839 2686 dicens
880 2638 956 2699 '(ut
1002 2639 1143 2686 moris
1190 2638 1278 2699 est)
1326 2639 1436 2700 ‘Ego
1475 2641 1695 2699 magister
1731 2638 1780 2685 N.
1835 2633 2087 2703 1⁸⁰¹¹¹²⁸m¹¹ffi
2036 2640 2127 2662 ‘¹⁰¹¹‘
2071 2673 2161 2706 3009,
2127 2633 2206 2698 ‘3¹¹ss
2191 2634 2280 2663 ¹¹³⁸*

110 2720 218 2755 creo
253 2723 335 2756 vos
370 2709 614 2757 Iohannem
651 2711 869 2758 Cerdonis
906 2712 951 2757 in
989 2709 1246 2758 Baclareum
1296 2717 1470 2773 septem
1507 2711 1674 2758 artium
1710 2709 1974 2757 leberalium
2011 2710 2059 2756 ln
2096 2710 2279 2757 nomine

110 2779 254 2841 patris
290 2787 337 2827 et
373 2780 454 2829 filii
491 2789 537 2828 et
573 2781 763 2844 spiritus
799 2784 959 2834 sancti,
999 2789 1044 2828 et
1081 2782 1138 2829 do
1176 2781 1305 2829 vobis
1344 2783 1661 2830 auctoritatem
1698 2781 1892 2843 legendi,
1931 2781 2171 2833 scribendi,
2210 2795 2279 2827 re-

52 2851 408 2914 aasumendique
432 2853 506 2901 hic
530 2861 576 2900 et
600 2853 771 2916 ubique
796 2854 1026 2906 locorum,
1065 2860 1112 2901 et
1148 2853 1357 2916 proficiat
1391 2853 1548 2900 vobis’.
1621 2853 1717 2910 Quo
1756 2853 1910 2900 habito
1948 2859 2108 2914 postea
2145 2867 2194 2898 se
2232 2853 2277 2898 in

107 2922 248 2970 scolis
283 2926 496 2972 nutrivit:
537 2925 623 2972 fuit
660 2925 778 2973 enim
815 2925 1122 2972 collaborator
1158 2927 1203 2972 in
1250 2925 1566 2973 famosissimis
1612 2925 1781 2972 scholis
1828 2924 1883 2971 ad
1920 2930 2094 2986 septem
2131 2939 2277 2971 annos

107 2993 329 3056 integros,
368 2996 541 3044 scilicet
577 2998 623 3043 in
659 2997 934 3044 Czwickavia
972 3004 1019 3044 et
1054 2998 1100 3043 iu
1136 2997 1363 3059 Winpina,
1401 2997 1624 3057 Amberga
1660 3003 1706 3043 et
1742 2996 1902 3043 ultimo
1941 2997 1987 3042 in
2025 2996 2275 3048 Daventria,

107 3065 155 3112 in
191 3073 412 3128 quattuor
447 3068 602 3115 mundi
639 3068 920 3130 regionibus.
996 3075 1156 3131 postea
1195 3068 1353 3115 habuit
1390 3068 1626 3130 pecuniam
1664 3083 1749 3130 pro
1775 3068 1919 3129 gradu
1946 3067 2113 3119 altiori,
2141 3082 2273 3129 quem

107 3137 298 3197 gradum
333 3139 657 3186 auxiliantibus
695 3139 1011 3202 superioribus
1049 3147 1152 3187 actu
1191 3139 1457 3201 regentibus
1494 3147 1541 3186 et
1565 3139 1870 3186 residentibus
1896 3139 1997 3185 loco
2039 3132 2273 3203 'sstfflss'm‘

51 3213 92 3246 ⁴⁰
108 3210 323 3271 pauperis
347 3210 600 3271 acquisivit,
639 3217 687 3258 et
723 3218 830 3273 post
867 3212 955 3259 hoc
993 3218 1172 3273 tempus
1210 3211 1442 3273 obsequiis
1479 3219 1523 3257 et
1560 3210 1822 3258 affabilitate
1859 3210 1968 3257 fecit
1992 3209 2078 3256 sibi
2103 3212 2273 3257 amicos

106 3280 463 3342 specialissimos
500 3282 620 3329 cives
657 3289 813 3344 nostre
852 3283 1042 3329 civitatis
1078 3283 1261 3334 divites,
1302 3282 1378 3343 qui
1418 3282 1503 3329 sibi
1541 3282 1762 3328 dederunt
1798 3281 2079 3334 beneficium,
2118 3296 2143 3328 a
2182 3297 2271 3343 quo

108 3350 266 3399 habuit
301 3352 424 3415 quod
460 3353 627 3400 Doctor
662 3352 761 3400 fieri
798 3355 963 3415 potuit.
1038 3354 1162 3401 Inter
1207 3368 1322 3415 quos
1369 3353 1488 3400 cives
1537 3353 1624 3400 suit
1670 3367 1787 3400 unus
1835 3354 1913 3415 qui
1961 3368 2014 3400 ex
2052 3353 2272 3413 singulari

106 3425 252 3483 gratia
290 3423 376 3470 sibi
413 3424 646 3486 promisit,
687 3432 737 3471 ut
774 3425 953 3486 quando
991 3431 1185 3486 egrotus
1223 3431 1368 3476 esset,
1417 3424 1604 3471 deberet
1649 3425 1830 3471 mittere
1875 3425 1931 3472 ad
1967 3438 2016 3471 se
2054 3424 2270 3471 famulum

106 3508 191 3556 pro
217 3508 308 3542 uno
336 3496 501 3542 haustu
539 3495 653 3548 vini:
694 3496 771 3543 sed
797 3498 896 3557 ipse
922 3496 1036 3543 male
1065 3494 1287 3542 intellexit
1323 3503 1370 3542 et
1395 3496 1520 3542 misit
1545 3495 1713 3543 cotidie
1738 3510 1872 3543 suum
1898 3495 2113 3543 famulum
2141 3495 2269 3558 quasi

50 3567 92 3602 ⁴⁵
107 3579 287 3628 semper
323 3573 445 3613 esset
481 3566 709 3613 infirmus:
759 3567 823 3614 sic
861 3567 1037 3613 tandem
1077 3566 1375 3628 permerdavit
1424 3567 1543 3614 illam
1589 3569 1804 3629 gratiam,
1849 3582 1950 3615 cum
1989 3568 2109 3614 salva
2147 3580 2270 3613 reve-

105 3636 254 3685 rentia
290 3637 353 3684 sit
388 3637 573 3685 dictum.
649 3637 702 3683 Et
740 3645 790 3685 ut
827 3639 971 3699 magis
1008 3637 1063 3684 de
1100 3637 1309 3685 laudabili
1349 3641 1692 3686 conversatione
1739 3639 1909 3692 dicam,
1956 3653 2040 3686 nec
2085 3653 2177 3685 non
2214 3637 2268 3684 de

218 3787 237 3815 ⁴
265 3788 415 3845 Alex]
455 3790 651 3832 Gallum.
689 3792 752 3843 Cf.
775 3792 816 3832 Ιι.
840 3798 924 3832 art.
995 3790 1011 3816 ⁵
1042 3790 1306 3847 Cornutum]
1339 3790 1507 3833 librum
1538 3793 1604 3834 Io.
1628 3792 1683 3833 de
1708 3792 1998 3834 Gariandria.
2058 3790 2075 3815 ὓ
2105 3791 2199 3830 Ioa.
2224 3790 2265 3832 h.

107 3859 165 3903 de
186 3859 335 3916 Garl.]
373 3862 438 3914 Cf.
460 3862 499 3905 Ιι.
522 3867 605 3904 art.
683 3860 871 3916 Eberh.]
904 3862 1248 3904 Bethuniensis.
1280 3863 1337 3915 cf.
1360 3863 1399 3905 Ιι.
1423 3869 1508 3904 art.
1578 3863 1628 3889 ²⁸
1658 3861 1875 3916 Florista]
1910 3863 1970 3903 cf.
1994 3863 2107 3914 Epp.
2134 3862 2186 3899 ().
2212 3860 2262 3907 V,

107 3930 166 3974 11.
187 3930 256 3974 68.
280 3946 324 3987 p.
345 3930 444 3974 296.
467 3946 511 3974 v.
533 3939 589 3976 32.
678 3930 762 3959 ¹¹·¹²
793 3933 931 3975 dubio
961 3936 1022 3975 sic
1046 3947 1131 3987 pro
1163 3934 1338 3979 dubito.
1425 3933 1511 3961 ²⁸·²⁹
1542 3948 1695 3989 magn.
1720 3932 1770 3989 ἐζ]
1803 3935 1982 3979 adultus,
