2456 4264
0 0 37 53 er:

421 285 526 315 VOL.
550 286 584 312 1.
642 282 677 314 2.
700 284 892 313 IOANNIS
918 286 1200 315 PELLIFICIS.
1289 281 1325 315 3.
1349 287 1624 316 BERNHARDI
1648 290 1925 319 PLUMILEGI.
2218 271 2252 326 7

85 417 203 473 dixit
238 413 359 464 mihi
397 413 532 477 quod
568 414 752 464 fecistis
792 416 835 464 ei
874 414 1055 464 bonam
1094 416 1404 474 societatem,
1446 422 1494 466 et
1532 418 1636 481 ipse
1676 418 1838 468 adhuc
1876 425 1950 468 est
1987 420 2146 470 bonus
2173 438 2252 471 so-

81 501 186 552 cius
222 504 271 550 et
307 499 620 549 commendat
657 515 743 548 vos
778 499 1116 550 laudabiliter:
1169 506 1217 550 et
1254 503 1324 551 sic
1362 501 1518 552 valete
1557 504 1604 552 in
1646 504 1845 553 nominc
1884 504 2082 553 domini.
2160 506 2251 554 Da-

81 590 182 636 tum
218 583 467 650 Lyptzick.

1137 820 1187 880 3.

12 951 64 1003 '⁵
299 935 302 936 ⁷
409 938 791 1018 Magister
839 938 1354 1000 Bernhardus
1406 938 1903 1020 Plumilegus

685 1037 1021 1106 Magistro
1061 1037 1352 1090 Ortvino
1393 1037 1631 1091 Gratio

811 1123 1021 1173 salutem
1059 1124 1176 1173 dicit
1212 1124 1490 1189 plurimam.

151 1213 173 1228 Χ

9 1301 11 1309 y
214 1236 338 1286 ‘Mus
370 1238 536 1301 *miser
585 1242 659 1287 est
706 1241 847 1286 antro
898 1238 982 1302 qui
1031 1237 1189 1288 solum
1240 1238 1483 1288 clauditur
1532 1237 1664 1288 uno'.
1740 1239 1820 1288 Sic
1858 1239 2004 1289 etiam
2042 1255 2244 1304 possum

13 1355 20 1396 2
74 1322 239 1374 dicere
275 1322 338 1373 de
375 1337 455 1372 me
495 1337 607 1372 cum
659 1324 1056 1387 supportatione,
1110 1324 1408 1374 venerabilis
1459 1325 1553 1381 vir,
1606 1325 1719 1389 quia
1769 1339 1929 1374 essem
1977 1340 2168 1389 pauper
2207 1326 2247 1373 si

6 1407 311 1486 :cohaberem
349 1412 540 1457 tantum
577 1423 733 1458 unum
773 1409 1013 1466 amicum,
1054 1413 1102 1458 et
1139 1409 1337 1474 quando
1376 1408 1458 1458 ille
1498 1424 1626 1458 unus
1663 1409 1957 1473 superdaret
1982 1426 2086 1467 me,
2126 1415 2244 1459 tunc

9 1517 14 1534 ι
72 1508 178 1544 non·
207 1492 447 1543 haberem
495 1492 670 1549 alium,
721 1494 805 1558 qui
852 1508 933 1555 me
982 1499 1216 1544 tractaret
1262 1494 1602 1544 amicabiliter.
1679 1496 1816 1544 Sicut
1865 1510 1999 1545 nunc
2048 1495 2243 1560 quidam

6 1549 22 1654 Ξ-
70 1582 216 1645 poeta
252 1578 335 1628 hic
372 1579 456 1644 qui
492 1584 696 1628 vocatur
735 1578 947 1630 Georius
987 1579 1216 1637 Sibutus,
1259 1587 1307 1629 et
1345 1585 1419 1630 est
1455 1595 1584 1629 unus
1623 1596 1679 1630 ex
1721 1581 1881 1645 poetis
1921 1579 2242 1644 secularibuS,

7 1662 37 1735 ᾗ.
73 1669 123 1715 et
154 1663 276 1730 legit
309 1663 512 1730 publice
550 1664 601 1712 in
640 1666 859 1728 poetria,
910 1670 959 1715 et
997 1671 1072 1715 est
1109 1664 1228 1715 alias
1265 1665 1427 1715 bonus
1467 1665 1646 1716 socius.
1725 1665 1823 1716 Sed
1862 1665 1989 1714 sicut
2026 1680 2111 1714 vos
2150 1667 2243 1714 sci-

8 1757 19 1809 s
72 1749 156 1807 tis,
204 1750 281 1800 isti
326 1754 471 1816 poete
520 1750 718 1814 quando
766 1765 866 1799 non
919 1756 1034 1800 sunt
1073 1752 1218 1802 ctiam
1258 1750 1476 1815 theologi
1515 1746 1641 1800 sicut
1678 1766 1788 1810 VOS,
1841 1766 2039 1816 semper
2078 1750 2246 1800 volunt

6 1834 443 1900 Jureprehendere
480 1834 627 1892 alios,
679 1840 729 1886 et
773 1836 1139 1901 parvipendunt
1176 1835 1471 1900 TheologOS.
1548 1836 1609 1885 Et
1646 1836 1799 1887 semel
1838 1839 1888 1886 in
1926 1852 2023 1885 una
2063 1836 2241 1885 zeccha

6 1935 13 1954 i
68 1921 125 1982 in⁴
155 1921 304 1971 domo
341 1936 456 1977 sua,
506 1921 705 1985 quando
753 1921 970 1971 bibimus
1018 1923 1304 1971 cerevisiam
1342 1921 1678 1986 Turgensem‚
1726 1927 1774 1972 et
1822 1922 2039 1972 sedimus
2086 1937 2245 1985 usque

69 2005 130 2055 ad
167 2006 364 2055 tertiam
403 2005 605 2063 horam,
657 2011 705 2056 et
753 2020 845 2070 ego
884 2007 953 2056 sui
991 2007 1240 2057 modicum
1281 2006 1471 2065 ebriuS,
1526 2007 1638 2071 quia
1674 2005 1756 2056 illa
1797 2008 2031 2057 cerevisia
2071 2023 2242 2057 ascen-

69 2090 141 2141 dit
176 2090 295 2141 mihi
332 2092 383 2140 in
422 2096 596 2156 caput,
648 2097 765 2142 tunc
817 2092 906 2141 fuit
954 2092 1024 2141 ibi
1074 2108 1201 2142 unus
1250 2093 1334 2157 qui
1383 2091 1503 2141 alias
1550 2107 1650 2141 non
1689 2093 1820 2142 stetit
1857 2092 1986 2142 bene
2028 2107 2241 2148 mecum,

6 2196 8 2249 [
69 2180 120 2227 et
154 2189 248 2240 ego
284 2178 541 2241 apportavi
580 2178 623 2227 ei
663 2193 814 2227 unum
854 2177 1071 2228 medium
1111 2182 1391 2234 cantarum,
1444 2183 1492 2227 et
1538 2178 1643 2242 ipse
1681 2178 1894 2243 accepit;
1946 2178 2034 2227 sed
2071 2182 2240 2242 postca

3 2257 171 2335 bonon
218 2260 372 2311 voluit.
417 2262 536 2312 mihi
583 2262 742 2312 simile
790 2264 979 2321 sacere;
1031 2269 1078 2313 et
1126 2269 1214 2313 ter·
1239 2264 1445 2313 cavisavi
1483 2278 1622 2320 eum,
1676 2268 1723 2312 et
1776 2278 1876 2319 non
1924 2262 2078 2312 voluit
2124 2262 2243 2311 mihi

4 2349 20 2385 ι’
68 2347 408 2414 respondere‚·
443 2352 492 2397 et
528 2348 654 2398 sedit
692 2363 804 2398 cum
844 2347 1038 2398 silentio
1078 2354 1128 2399 et
1165 2348 1287 2398 nihil
1326 2349 1470 2398 dixit:
1519 2355 1638 2397 tunc
1677 2364 1769 2413 ego
1810 2349 2044 2411 cogitavi:
2097 2348 2242 2398 ‘Ecce

68 2432 160 2484 iste
196 2431 317 2484 alias
353 2433 544 2498 spernit
583 2440 655 2491 te,
708 2439 757 2484 et
794 2440 868 2484 est
905 2434 1179 2499 superbus,
1233 2439 1281 2484 et
1318 2449 1516 2498 semper
1556 2433 1658 2483 vult
1694 2441 1743 2484 te
1784 2431 2125 2483 confundere’.
2183 2433 2245 2482 Et

70 2518 140 2570 rui
185 2523 465 2569 commotus
513 2520 563 2569 in
611 2519 685 2569 ira
734 2535 868 2578 mea,
922 2525 972 2569 et
1018 2521 1188 2584 accepi
1238 2525 1492 2569 cantarum
1545 2524 1592 2569 et
1629 2521 1853 2585 percussi
1895 2520 1939 2568 ei
1978 2518 2039 2568 ad
2079 2523 2241 2584 caput.

2 2663 36 2677 *a
68 2603 209 2655 Tunc
243 2602 325 2655 ille
362 2609 508 2670 poeta
546 2604 638 2654 suit
674 2606 830 2655 iratus
867 2621 1019 2671 super
1058 2621 1162 2664 me,
1214 2611 1262 2656 et
1307 2605 1427 2655 dixit
1465 2605 1597 2670 quod
1635 2605 1863 2655 fecissem
1901 2619 2157 2654 rumorem
2195 2606 2241 2653 in

3 2688 219 2746 mdomo
255 2704 370 2749 sua,
420 2696 468 2740 et
515 2690 635 2740 dixit
682 2691 814 2756 quod
853 2691 1089 2742 deberem
1129 2692 1264 2742 exire
1303 2691 1363 2741 (16
1402 2691 1549 2741 domo
1588 2707 1674 2741 sua
1714 2692 1763 2740 in
1801 2691 2005 2740 nomine
2043 2689 2243 2740 diaboli.

69 2772 210 2826 Tunc
246 2789 339 2840 ego
374 2776 635 2840 respondi:
677 2775 821 2835 ‘Quid
857 2782 977 2827 tunc
1015 2784 1113 2835 est,
1150 2778 1192 2828 si
1231 2778 1347 2827 estis
1385 2777 1614 2826 inimicus
1651 2777 1821 2826 meus?
1861 2790 1952 2839 ego
1991 2776 2119 2826 benc
2158 2775 2244 2825 ha-

2 2876 7 2884 ·
70 2858 155 2911 hui
189 2861 255 2911 ita
291 2858 450 2911 malos
488 2862 712 2912 inimicos
750 2864 878 2913 sicut
915 2878 1001 2912 vos
1040 2864 1181 2920 estis,
1224 2868 1271 2913 et
1308 2868 1474 2912 tamen
1512 2864 1671 2912 mansi
1707 2877 1796 2928 pre
1826 2863 1910 2916 eis,
1973 2861 2101 2921 Quid
2128 2866 2244 2910 tunc

71 2950 148 2996 est
180 2945 324 2997 etiam
361 2947 403 2997 si
441 2948 559 2998 estis
596 2949 772 3013 poeta?
819 2948 923 3013 Ego
961 2948 1122 2999 habeo
1177 2949 1323 2999 etiam
1372 2953 1544 3014 poetas
1593 2949 1677 3012 qui
1725 2952 1840 3005 sunt
1878 2947 2022 2996 ai'nici
2060 2948 2158 2996 mei
2197 2952 2244 2996 ct

7 3055 11 3058 ·
70 3035 183 3081 sunt
217 3030 348 3083 bene
384 3033 451 3082 ita
487 3031 606 3082 honi
644 3034 773 3083 sicut
812 3049 920 3091 vos;
974 3049 1065 3099 ego
1113 3034 1241 3085 bene
1290 3034 1572 3084 merdarcm
1622 3034 1671 3082 in
1721 3039 1934 3083 vestram
1982 3032 2240 3097 poetriam.

6 3113 199 3179 ‚Quid
237 3117 467 3169 creditis?
516 3118 698 3183 putatis
746 3119 879 3184 quod
929 3135 1020 3185 ego
1069 3136 1178 3171 sum
1227 3119 1427 3177 stultuS,
1479 3118 1554 3169 vel
1594 3119 1725 3184 quod
1764 3134 1872 3167 sum
1911 3123 2056 3167 natus
2094 3132 2245 3181 super

72 3200 302 3253 arborem
342 3203 471 3253 sicut
506 3203 695 3269 poma?
743 3204 884 3255 Tunc
934 3207 1122 3255 vocavit
1159 3222 1239 3256 mc
1289 3207 1506 3261 asinum,
1562 3210 1610 3253 ct
1648 3205 1768 3253 (lixit
1818 3204 1951 3268 quod
1991 3219 2082 3266 ego
2122 3218 2244 3252 nun-

8 3302 21 3337 ’.
71 3300 218 3352 qnam
244 3287 338 3338 vidi
365 3303 518 3339 unum
557 3294 770 3353 poetam.
846 3291 907 3340 Et
945 3306 1036 3355 ego
1077 3292 1199 3341 dixi:
1242 3297 1309 3340 ‘tu
1349 3297 1449 3341 met
1488 3307 1539 3340 es
1577 3290 1743 3340 asinus
1780 3290 1831 3338 in
1859 3294 1972 3338 cute
2000 3293 2108 3344 tua;
2151 3303 2242 3350 ego

4 3370 167 3436 5'vidi
202 3370 329 3423 bene
368 3372 538 3438 plures
576 3381 747 3440 poetas
785 3392 932 3441 quam
973 3375 1064 3434 tu’;
1115 3382 1162 3427 et
1200 3377 1299 3426 dixi
1339 3376 1399 3426 de
1439 3375 1577 3425 vobis
1616 3380 1663 3424 et
1701 3374 1760 3424 (16
1797 3375 2036 3438 magistro
2074 3378 2242 3422 nostro

3 3443 31 3504 ἵ.
71 3457 243 3524 Sotphi
279 3461 330 3509 in
368 3458 519 3508 bursa
560 3460 755 3519 Kneck,
811 3462 893 3526 qui
944 3462 1222 3527 composuit
1267 3461 1453 3527 glosam
1505 3459 1798 3517 notabilem,
1849 3464 1896 3509 ct
1945 3459 2006 3508 de
2045 3459 2242 3508 domino

74 3539 292 3608 liutgero
328 3543 576 3594 licentiato
614 3545 652 3593 T
659 3544 883 3611 hcologie
921 3547 971 3595 in
1011 3546 1159 3596 bursa
1198 3546 1398 3604 Montis;
1451 3551 1499 3596 et
1547 3547 1618 3595 sic
1667 3546 1789 3596 exivi
1843 3545 2043 3594 domum
2085 3559 2239 3599 suam,

73 3631 124 3678 et
156 3628 316 3679 adhuc
366 3645 536 3680 sumus
583 3631 784 3681 inimici.
861 3631 1178 3698 Quapropter
1216 3645 1338 3695 rogo
1379 3647 1463 3681 vos
1502 3631 1640 3682 valdo
1679 3629 1961 3681 cordialiter
2001 3635 2241 3694 quatenus

185 3782 204 3810 ⁶
230 3785 473 3839 Magister]
502 3786 561 3828 M.
588 3789 712 3830 1...3.
802 3788 1069 3829 Bernardus
1092 3791 1135 3829 2.
1232 3787 1250 3813 ⁷
1282 3789 1464 3829 S.1).P.
1490 3790 1613 3829 1...3.
1714 3784 1743 3811 ¹¹
1780 3786 1914 3839 quidsi
1936 3789 1979 3826 2·
2081 3782 2113 3808 ¹⁷
2145 3813 2153 3823 -
2179 3784 2239 3822 Et

42 3874 46 3883 ·
75 3853 198 3896 1...3.
286 3854 321 3881 ¹⁸
350 3853 438 3910 ibi]
475 3856 549 3898 hic
581 3860 623 3898 2.
716 3855 751 3883 ¹⁹
785 3888 796 3898 .
821 3858 911 3899 sed
944 3860 1068 3900 1...3.
1157 3857 1195 3886 ²⁰
1227 3890 1236 3901 .
1260 3860 1322 3899 Et
1355 3860 1475 3900 1...3.
1565 3857 1599 3883 ²¹
1634 3887 1644 3898 .
1669 3858 1793 3897 Ecce
1829 3858 1947 3897 1...3.
2037 3854 2072 3879 ²⁰
2106 3884 2114 3893 .
2140 3853 2237 3902 Ego

8 3956 25 3989 .'
78 3923 172 3965 1.2.
203 3926 335 3980 :Ego
369 3929 414 3968 3.
503 3926 539 3953 ²⁸
573 3958 583 3968 .
608 3929 707 3982 Ego
740 3930 781 3969 1.
800 3931 841 3972 3.
877 3959 889 3982 ,
914 3930 1013 3983 Ego
1045 3932 1086 3970 2.
