2456 4264
226 238 345 296 160
454 281 458 285 Α
518 258 611 288 IOA.
635 258 951 288 PEPERICORNI
973 257 1204 286 mmmmm
1228 256 1411 286 CONTRA
1432 256 1639 285 fumosus
1663 257 1706 285 ο.
1729 257 1774 287 v.
1795 255 2067 286 ΕΡιετοιΑε.

212 396 388 455 prima
424 394 580 453 iqitur
615 390 831 439 ridicule
857 389 1061 448 peierat
1086 400 1187 448 per
1224 399 1400 435 nomen
1437 386 1533 434 dei.
1607 386 1671 434 In
1706 387 1929 435 secunda
1952 399 2218 434 sacrarum
2242 388 2367 435 litte-

221 491 395 526 rarum
433 478 726 535 interpretes
751 472 967 532 perfidis
1002 471 1173 529 Iudeis
1216 476 1481 532 comparat
1516 474 1564 518 et
1599 471 1653 518 in
1689 471 1862 518 eadem
1897 475 2126 519 sanctum
2162 471 2368 519 Petrum

221 576 331 610 cum
367 562 470 608 suis
506 557 731 606 clavibus
767 555 961 602 irridet.
1042 555 1101 601 In
1140 555 1315 613 quinta
1351 556 1545 602 ironice
1581 558 1628 601 et
1665 554 1910 602 derisorie
1943 555 2116 603 scribit
2150 556 2202 603 in
2251 569 2365 604 san-

219 650 350 693 etum
386 644 634 704 spiritum.
710 639 774 686 In
810 639 1022 698 septima
1058 639 1273 687 ridicule
1307 639 1532 697 loquitur
1567 638 1630 685 de
1676 639 2004 698 indulqentiis
2047 633 2368 698 sacrosancte

218 729 349 776 sedis
385 726 671 788 apostolice.
746 723 809 770 In
855 722 1122 769 undecima
1169 727 1217 769 et
1263 723 1316 769 in
1364 722 1662 769 duodecima
1697 735 1798 782 per
1843 723 2125 770 irrisionem
2162 725 2404 772 iocatur5

220 815 281 862 de
316 824 466 860 sacro
502 810 667 858 sancti
698 808 906 867 spiritus
943 804 1116 863 officio
1154 819 1216 854 ac
1259 807 1434 865 qratia
1484 807 1605 853 eius.
1681 805 1908 866 Itemque
1953 807 2015 854 de
2060 808 2234 855 tunica
2280 808 2366 855 do-

219 899 342 945 mini
374 899 553 944 contra
584 891 907 940 Treverenses
942 895 990 937 et
1026 891 1164 950 quod
1197 890 1370 937 beatus
1394 890 1733 952 Hieronymus
1768 904 1867 939 non
1891 892 1955 938 sit
1980 891 2042 938 de
2064 891 2193 953 stylo
2218 904 2367 940 evan-

216 983 340 1042 qelii
373 993 436 1027 ac
471 974 625 1026 multa
663 977 768 1023 alia
804 979 984 1022 contra
1020 975 1224 1032 ecclesie
1260 975 1514 1034 doctores,
1556 975 1692 1034 quod
1723 976 1913 1023 scilicet
1947 987 2139 1035 eaque
2173 976 2368 1037 scripta

218 1070 332 1115 sunt
367 1066 418 1112 in
455 1063 610 1110 libros
644 1061 1002 1108 sententiarum
1049 1060 1150 1106 sint
1188 1056 1447 1118 fantasie,
1498 1060 1622 1106 satis
1669 1059 1986 1121 impudenter
2031 1060 2228 1121 effudit.
2303 1060 2367 1108 In
2442 1065 2448 1070 “

220 1149 516 1199 duodecima
553 1145 789 1193 scribitur
827 1144 889 1191 de
923 1156 1110 1191 summo
1138 1145 1380 1203 pontifice
1423 1144 1663 1191 moderno
1711 1158 1807 1204 que
1850 1155 2108 1203 nunquam
2137 1142 2423 1202 fortassem

218 1233 459 1295 coqitavit
494 1235 542 1278 et
578 1231 630 1277 in
668 1229 842 1276 eadem
879 1240 978 1275 non
1026 1227 1270 1275 erubescit
1314 1228 1517 1275 mentiri
1560 1228 1623 1275 de
1660 1227 2046 1287 CardinalibuS,
2101 1227 2370 1289 Episcopis
2451 1286 2453 1290 Α

218 1326 266 1368 et
301 1315 582 1372 consistorii
617 1312 956 1371 auditoribus,
1009 1312 1145 1371 quod
1177 1313 1336 1359 multa
1373 1324 1583 1360 munera
1619 1312 1683 1359 ab
1719 1313 2013 1373 inquisitore
2049 1313 2245 1360 nomine
2280 1325 2366 1360 no·
2446 1296 2456 1359 ἐ

217 1410 323 1452 stro
361 1399 676 1460 acceperint,
718 1398 851 1444 velut
883 1396 1139 1455 equissimi
1171 1397 1356 1444 viriwin
1391 1409 1540 1445 sacro
1572 1396 1698 1455 fidei
1729 1398 1939 1457 neqocio
1973 1397 2236 1458 corrumpi
2248 1409 2366 1458 pos·
2446 1397 2456 1454 ³.

109 1495 249 1548 (511412)
267 1490 389 1536 sent.
452 1479 475 1550 Η
537 1481 579 1528 (Ι
615 1481 741 1529 Item
778 1482 831 1529 in
868 1481 1041 1528 eadem
1078 1481 1287 1541 epistola
1323 1486 1500 1529 sancto
1528 1471 1713 1539 leome
1749 1482 2115 1542 quodammodo
2151 1481 2368 1530 illudens
2447 1470 2456 1510 ⁷·

219 1570 579 1620 sanctissimum
619 1567 869 1614 dominum
907 1569 1132 1622 nostrum
1158 1578 1358 1626 papam
1394 1565 1472 1613 liis
1508 1565 1669 1613 verbis
1713 1566 1991 1614 insectatur
2031 1565 2107 1614 ‘Si
2151 1566 2364 1627 (inquit)
2387 1517 2456 1646 ¹⁵4

219 1669 319 1704 non
356 1655 577 1702 timerem
614 1650 1196 1708 excommunicationem,
1239 1663 1331 1709 eqo
1368 1650 1540 1697 vellem
1578 1650 1749 1697 dicere
1785 1651 1922 1710 quod
1950 1663 2096 1712 papa
2132 1649 2364 1698 erraret'.
2439 1651 2456 1752 i

218 1741 281 1787 In
319 1736 664 1787 decimatertia
700 1733 1080 1793 blasphematur
1116 1733 1168 1780 in
1203 1734 1663 1793 spiritumsanctum
1700 1738 1748 1781 et
1782 1734 1879 1783 hoc
1925 1736 1978 1783 in
2024 1736 2244 1783 materia
2292 1736 2366 1783 lu·
2443 1751 2456 1792 ῃ

215 1825 383 1884 xurie,
424 1822 510 1869 cui
544 1819 672 1866 nibil
697 1818 906 1879 peccati
938 1821 1116 1864 contra
1154 1817 1615 1865 determinationem
1652 1819 1856 1876 ecclesie
1891 1824 1939 1867 et
1960 1825 2251 1868 sanctorum
2268 1832 2366 1880 pa·
2444 1795 2456 1857 Ῐ

215 1912 346 1955 trum
383 1906 588 1952 decreta
626 1902 912 1949 ascribitur.
989 1901 1074 1948 Fit
1110 1914 1303 1960 quoque
1326 1901 1507 1949 ibidem
1532 1902 1880 1963 multipliciter
1905 1903 2078 1953 abusio
2101 1917 2367 1954 sacrarum
2440 1869 2456 1948 ἔ

213 1992 513 2039 litterarum.
545 1968 554 1976 ”
590 1986 811 2033 Proinde
847 1998 940 2045 que
977 1986 1167 2044 virqini
1190 1985 1358 2043 Marie
1395 1985 1457 2033 ab
1495 1987 1708 2038 ecclesia
1744 1987 2103 2049 attribuuntur,
2143 1989 2364 2037 meretri·
2379 1995 2438 2036 πο·

212 2074 350 2123 cibus
386 2073 564 2120 ibidem
602 2071 892 2121 indecenter
928 2070 1273 2130 applicantur.
1349 2069 1414 2117 In
1451 2071 1625 2118 eadem
1651 2071 1774 2120 dicit
1800 2076 1995 2134 turpem
2022 2085 2240 2122 amorem
2265 2083 2368 2120 esse
2431 2131 2435 2135 .

213 2158 511 2207 charitatem
527 2192 541 2216 ,
592 2159 640 2203 et
667 2154 833 2202 vtalem
879 2154 1179 2202 charitatem
1226 2168 1329 2202 esse
1379 2154 1549 2215 deum,
1600 2160 1647 2203 et
1694 2169 1817 2216 erqo
1853 2158 2109 2206 concludit
2145 2169 2367 2206 amorem

213 2256 314 2291 non
351 2255 454 2290 esse
489 2241 675 2288 malam
713 2252 842 2299 rem,
899 2239 1019 2299 quin
1057 2239 1231 2300 potius
1278 2239 1424 2287 deum
1473 2252 1579 2287 esse
1626 2253 1844 2289 amorem
1892 2242 2226 2290 luxuriosum.
2302 2241 2366 2289 In
2436 2226 2456 2307 ᾗζ

217 2331 403 2373 .ΧΙΙΙΙ.
442 2324 644 2373 Scotum
683 2324 879 2371 deridet
914 2329 1138 2384 propter
1173 2322 1490 2384 frequentem
1526 2325 1791 2374 missarum
1827 2326 2228 2374 celebrationem.
2304 2325 2367 2373 In
2430 2315 2456 2391 ἓ

215 2416 391 2459 ,XVIL
431 2410 499 2457 de.
530 2405 907 2471 Esticampiano
946 2407 1138 2466 (nescio
1175 2410 1298 2468 quo)
1336 2409 1545 2468 loquens
1581 2410 1928 2470 quadraginta
1954 2410 2025 2458 ad
2047 2411 2210 2458 minus
2231 2380 2456 2529 men-uf}

215 2496 369 2542 dacia
405 2498 583 2542 contra
632 2494 817 2540 almam
863 2497 1087 2540 nostram
1134 2494 1507 2541 universitatem
1555 2493 1608 2540 in
1654 2494 1802 2543 rebus
1845 2495 2076 2544 ridiculis
2110 2495 2361 2543 mentitur.
2418 2495 2444 2560 j.

214 2580 276 2646 In
315 2583 374 2626 ,Χ
382 2583 521 2624 VIII.
562 2578 773 2638 quedam
819 2577 1078 2639 rytbmata
1124 2582 1232 2625 octo
1278 2578 1528 2625 linearum
1575 2578 1627 2624 in
1676 2578 1974 2627 derisionem
2019 2580 2189 2628 sancti
2229 2579 2371 2628 Petri

208 2664 460 2723 principis
507 2663 845 2722 apostolorum
895 2666 1011 2709 sunt
1059 2662 1335 2722 composita
1381 2662 1515 2709 velut
1559 2661 1758 2710 ultimus
1803 2676 1975 2711 versus
2019 2663 2227 2711 indicat.
2302 2663 2365 2711 In

216 2752 362 2792 .ΧΙΧ.
401 2747 688 2807 turpissima
725 2747 937 2806 quedam
975 2745 1234 2808 rythmata
1270 2750 1452 2793 eontra
1488 2759 1634 2804 sacre
1683 2746 1930 2807 theoloqie
1981 2748 2236 2796 doctorem
2274 2761 2364 2796 nu·

205 2844 304 2891 per
340 2830 633 2889 defunctum
671 2835 718 2878 et
753 2832 840 2891 qui
873 2830 1000 2878 nibil
1035 2832 1086 2878 in
1123 2830 1228 2878 vita
1264 2831 1389 2877 mali
1422 2843 1454 2876 a
1493 2843 1742 2891 quoquam
1779 2833 2069 2881 commeruit
2103 2833 2250 2880 nimis
2273 2832 2360 2880 im·
2377 2839 2437 2881 w

204 2917 460 2976 pudenter
495 2920 643 2976 atque
679 2916 832 2963 alteri
867 2915 950 2973 (id
983 2915 1122 2975 quod
1145 2915 1296 2975 peius
1332 2917 1426 2975 est)
1460 2913 1603 2973 falso
1641 2915 1730 2963 illa
1767 2916 2024 2964 ascribens
2061 2928 2149 2964 ore
2171 2929 2263 2965 suo
2288 2928 2364 2965 ve·
2404 2885 2443 2982 ’ξ

212 3004 392 3048 nenato
428 3001 624 3061 effudit.
701 2999 762 3062 In
791 3002 938 3043 .XXI.
967 3000 1113 3048 nimis
1147 2999 1304 3047 multa
1340 3000 1620 3047 mentiendo
1657 3001 1911 3060 quoddam
1949 3002 2001 3049 in
2036 3013 2095 3048 re
2131 3001 2272 3062 turpi
2304 2996 2366 3048 de
2423 3004 2437 3009 ’

211 3088 388 3132 sancta
434 3097 587 3132 cruce
626 3085 918 3144 flymentum'
963 3084 1127 3144 ponit.
1220 3083 1283 3130 In
1339 3084 1570 3131 uicesima
1623 3086 1849 3132 secunda
1901 3085 2140 3146 epistola,
2193 3083 2365 3132 Primo

214 3167 531 3228 Rytlimatice
565 3173 628 3215 etv
649 3169 841 3216 ironice
877 3172 932 3216 ut
968 3168 1119 3215 alteri
1152 3168 1337 3215 illudat
1374 3181 1486 3216 cum
1520 3169 1691 3228 qloria
1729 3169 1922 3217 domini
1954 3170 2119 3217 nostri
2165 3172 2214 3216 et
2257 3169 2365 3217 eius
2427 3198 2443 3230 5

212 3253 575 3310 resurrectione
610 3254 823 3301 iocatur.
899 3252 961 3299 In
998 3252 1171 3299 eadem
1209 3253 1404 3300 inducit
1439 3253 1595 3300 alium
1635 3252 1826 3311 (nescio
1862 3255 2031 3314 quem)
2070 3253 2273 3313 dixisse,
2313 3255 2362 3299 et
2375 3259 2426 3311 αις

213 3340 377 3383 tamen
413 3337 619 3396 meti'pse
656 3337 804 3397 dicit,
858 3337 993 3397 quod
1028 3337 1203 3385 tunica
1242 3337 1436 3385 domini
1468 3338 1521 3384 in
1565 3336 1798 3385 Treveris
1832 3350 1933 3386 non
1968 3339 2035 3386 sit
2069 3338 2240 3385 tunica
2274 3336 2361 3384 do-
2404 3311 2439 3348 '¹‘

211 3420 357 3478 mini,
406 3419 497 3466 sed
543 3433 644 3467 una
693 3422 905 3481 antiqua
940 3425 1000 3468 'et
1037 3421 1338 3482 pediculosa
1385 3422 1547 3469 vestis.
1624 3421 1689 3469 In
1739 3422 1912 3469 eadem
1964 3423 2114 3470 etiam
2151 3420 2364 3468 habetur

213 3504 404 3552 nullum
439 3503 580 3561 beate
606 3504 774 3562 Marie
810 3506 1023 3565 virqinis
1058 3507 1248 3554 crinem
1285 3519 1390 3553 esse
1426 3507 1478 3553 in
1516 3507 1706 3554 terris:
1758 3505 1980 3566 Itemque
2016 3505 2151 3566 quod
2185 3505 2360 3553 beatis-

210 3588 326 3636 simi
358 3592 459 3635 tres
493 3588 634 3648 maqi
666 3593 714 3635 et
749 3602 894 3648 reyes
930 3590 1247 3651 inclytissimi
1279 3591 1380 3637 sint
1415 3595 1517 3637 tres
1552 3590 1736 3637 rustici
1781 3575 2223 3650 ex*Westplzalia.
2298 3587 2378 3636 In>

211 3672 386 3722 eadem
434 3672 558 3721 dicit
598 3685 651 3719 se
693 3672 819 3719 velle
863 3673 1099 3720 merdare
1142 3687 1298 3735 super
1343 3673 1684 3733 indulqentias
1714 3674 2123 3734 predicatorum,
2173 3677 2222 3720 et
2265 3671 2428 3764 1ιοωέί

322 3854 340 3880 ⁹
370 3856 416 3894 in
445 3854 586 3894 libros
614 3855 675 3894 sic
705 3855 746 3896 1.
