2456 4264
250 238 373 295 274
837 259 1075 286 EPISTOLAE
1097 256 1404 285 onscvnonvm
1425 255 1633 284 vmonvu
1654 254 1804 285 novAE.

250 393 499 456 disputare
545 404 637 453 pro
686 398 724 434 X
763 386 975 434 florenis.
1050 385 1109 433 Et
1146 399 1303 448 nuper
1341 383 1752 448 superdisputavit
1787 383 2052 433 Iohannem
2091 383 2388 433 Huttichium
2426 431 2434 457 ‘A

249 477 311 525 ita
349 474 478 539 quod
519 473 607 520 fuit
645 469 902 519 conclusus
941 475 988 517 et
1026 468 1145 517 nihil
1183 469 1319 518 scivit
1355 467 1671 531 respondere.
1748 467 1868 517 Cum
1907 467 1999 516 illis
2038 474 2111 517 est
2148 469 2290 516 etiam
2329 469 2388 518 de

168 606 173 612 ,
248 560 320 608 via
360 564 516 606 vestra
557 556 781 604 dominus
808 553 1112 601 Wernherus
1139 555 1223 618 qui
1250 558 1321 601 est
1346 551 1634 601 mirabiliter
1660 554 1878 602 cursivus
1903 555 1953 600 in
1981 553 2178 601 Summa
2206 552 2388 616 Thome

249 647 418 691 contra
459 638 691 703 gentiles,
732 644 778 686 et
815 638 906 686 scit
943 642 1250 685 mentetenus
1290 635 1605 685 formalitates
1643 637 1789 685 Scoti.
1865 638 1947 701 qui
1985 636 2125 694 dicit,
2166 638 2206 685 si
2243 637 2390 699 Magi·
2424 629 2449 707 ,ζ

249 733 348 775 ster
387 731 554 774 noster
593 723 652 773 de
691 723 1015 771 Hochstraten
1057 735 1155 769 non
1195 726 1322 769 esset
1359 722 1405 768 in
1447 720 1606 777 Curia,
1646 726 1763 770 tunc
1799 723 1905 785 ipse
1942 720 2085 770 vellet
2120 722 2304 769 intrare
2342 710 2456 789 (ξιξ

250 810 544 859 concludere
583 808 814 856 Ioannem
853 805 1106 855 Reuchlin.
1184 805 1264 853 Isti
1304 806 1422 853 socii
1459 806 1606 854 vestri
1644 807 1737 854 iam
1788 806 2023 854 nominati
2069 804 2273 867 singulis
2317 790 2451 876 se-Jss

248 896 475 959 ptimanis
514 891 664 942 semel
703 892 995 940 conveniunt
1030 891 1079 938 in
1120 890 1265 937 (loino
1305 888 1584 938 excellentis
1621 891 1712 938 viri
1751 889 1935 938 domini
1972 890 2189 953 Magistri
2239 891 2392 939 nostri
2432 888 2450 956 ¹:

248 979 609 1033 Bartholomoei,
650 977 731 1040 qui
759 981 831 1025 est
869 981 1014 1039 caput
1052 976 1269 1023 omnium
1309 976 1576 1023 amicorum
1615 980 1913 1024 vestrorum:
1955 974 2022 1023 ibi
2059 980 2268 1023 tractant
2292 989 2392 1023 ma·

248 1065 396 1113 terias
433 1063 638 1112 multum
677 1059 895 1110 subtiles,
971 1059 1030 1107 Et
1078 1066 1333 1122 opponunt
1380 1059 1471 1107 sibi
1519 1060 1725 1113 invicem
1765 1059 1826 1108 Et
1871 1074 2000 1108 unus
2037 1064 2171 1109 tenet
2208 1059 2417 1122 opinio-⁶
2450 1059 2451 1062 ’

249 1164 337 1198 nes
362 1147 598 1197 Reuchlin
627 1152 675 1195 et
700 1144 778 1193 alii
817 1150 1029 1206 arguunt
1067 1150 1232 1192 contra
1275 1159 1402 1200 eum,
1443 1150 1490 1193 et
1527 1143 1714 1193 habent
1749 1143 1987 1193 notabiles
2025 1143 2399 1208 disputationes:
2451 1202 2456 1207 ᾖ

250 1233 317 1281 De
356 1232 459 1282 aliis
497 1233 578 1296 qui
616 1236 728 1279 sunt
766 1229 844 1277 hic
882 1228 942 1278 de
982 1235 1119 1292 parte
1158 1234 1339 1286 vestra,
1381 1244 1479 1278 non
1519 1230 1644 1285 sci0‚
1685 1229 1794 1293 quia
1833 1242 1933 1276 non
1971 1234 2083 1277 sunt
2119 1229 2238 1276 mihi
2275 1228 2392 1277 noti.
2406 1217 2411 1219 ’

250 1318 345 1368 Sed
384 1316 578 1382 quando
617 1316 742 1370 scio,
781 1319 899 1362 tunc
936 1312 1045 1361 volo
1085 1312 1222 1361 vobis
1261 1312 1493 1362 scribere
1568 1323 1795 1377 pronunc
1835 1313 2125 1362 commendo
2163 1328 2248 1361 vos
2285 1313 2440 1365 deo.

248 1402 423 1452 Datum
461 1400 732 1463 Maguntiae.
2340 1375 2443 1678 ἃ

1281 1634 1368 1693 56.
1764 1678 1767 1680 .
2368 1681 2446 1811 ξ

2371 1813 2434 1923 ξ’

787 1764 827 1810 (I
875 1749 1283 1812 Grilbertus
1333 1750 1850 1813 Porretonius

675 1865 851 1915 artium
889 1865 1120 1928 Magister
1159 1871 1205 1916 et
1243 1868 1498 1931 utriusque
1536 1868 1654 1916 iuris
1690 1866 1969 1917 bacularius

858 1962 1182 2032 Magistro
1221 1962 1504 2016 Ortvino
1544 1963 1798 2016 Gratio.
1918 2001 1925 2004 -
2211 2030 2213 2033 ι
2383 1954 2456 2045 §3

249 2079 389 2129 Salus
428 2078 566 2128 vobis
605 2084 652 2127 et
690 2077 818 2127 bona
857 2078 976 2134 dies,
1020 2078 1311 2128 venerabilis
1350 2079 1435 2126 vir.
1511 2077 1607 2142 legi
1645 2079 1836 2129 literam
1878 2085 2086 2130 vestram
2125 2094 2270 2145 quam
2308 2078 2396 2128 mi·
2390 2062 2456 2149 ξ1

247 2165 374 2213 sistis
421 2164 538 2212 mihi
584 2164 644 2212 ad
683 2161 928 2225 Ingelstat.
1006 2163 1064 2210 Et
1110 2163 1323 2213 intellexi
1370 2163 1497 2213 bene
1546 2165 1863 2228 oppinionem
1905 2172 2127 2215 v.estram
2203 2180 2286 2213 vos
2323 2150 2427 2221 dt?

248 2251 356 2297 citis
395 2249 525 2313 quod
563 2247 769 2297 multum
808 2247 1029 2311 gaudetis
1067 2248 1197 2311 quod
1237 2263 1328 2312 ego
1367 2263 1476 2297 sum
1513 2250 1650 2312 prius
1688 2250 1981 2314 Theologus,
2024 2256 2070 2300 et
2096 2265 2228 2299 nunc
2254 2248 2426 2299 etiam

248 2335 419 2383 studeo
457 2335 506 2382 in
546 2335 676 2382 iure:
730 2334 841 2397 quia
891 2339 963 2382 est
1002 2331 1137 2381 valde
1178 2332 1358 2381 bonum
1399 2334 1527 2398 quod
1579 2334 1727 2400 aliqui
1767 2335 2003 2400 Theologi
2051 2341 2164 2384 sunt
2211 2308 2428 2398 experti?-

248 2421 298 2467 in
337 2419 473 2475 Iure,
523 2425 576 2467 ut
621 2418 810 2482 possint
846 2417 1097 2481 disputare
1137 2433 1246 2466 cum
1286 2419 1482 2469 iuristis.
1558 2419 1619 2468 Et
1666 2419 1877 2469 scribitis
1924 2420 2044 2470 mihi
2091 2420 2151 2469 de
2199 2401 2420 2483 quibusssss

249 2503 358 2551 dam
396 2504 620 2551 terminis
659 2502 824 2551 volens
861 2503 987 2551 scire
1025 2501 1142 2566 quid
1181 2503 1476 2566 significant:
1527 2505 1638 2568 quia
1684 2505 1876 2555 videtur
1926 2505 2062 2554 vobis
2109 2505 2239 2569 quod
2288 2496 2398 2555 sun‘t

249 2588 467 2637 iuristici.
544 2594 591 2637 et
628 2587 754 2636 bene
794 2593 907 2636 sunt
935 2588 1129 2636 etenim.
1205 2588 1264 2636 Et
1290 2587 1480 2638 habetis
1506 2588 1585 2637 hic
1611 2591 1939 2653 expositiones
1966 2605 2135 2640 eorum
2165 2606 2224 2640 ex
2251 2589 2427 2654 glosis&

251 2678 298 2720 et
334 2673 581 2722 AccursiO.
659 2672 717 2720 Et
765 2673 834 2720 sic
880 2672 1082 2735 potestis
1128 2672 1293 2721 videre
1340 2673 1467 2737 quod
1518 2673 1676 2723 habeo
1714 2674 1900 2724 bonum
1941 2675 2307 2725 fundamentum
2344 2654 2440 2730 in}

249 2758 371 2805 iure.
447 2758 595 2807 Latus
634 2756 796 2805 clavus
835 2762 908 2806 est
946 2771 1126 2805 nomen
1165 2757 1434 2820 dignitatis:
1487 2757 1559 2808 vel
1598 2759 1677 2808 dic
1715 2759 1845 2823 quod
1885 2766 1990 2809 erat
2027 2760 2160 2809 clava
2199 2760 2259 2809 de
2297 2752 2406 2822 md&

249 2840 363 2890 tallo
403 2857 547 2905 quam
588 2841 879 2905 proiiciebat
914 2840 1145 2890 tribunus
1182 2843 1230 2889 in
1271 2842 1653 2893 confertissimos
1691 2843 1857 2894 hostes
1884 2846 2028 2894 etsie
2053 2845 2202 2895 ceteri
2230 2827 2422 2897 omnes*

250 2925 440 2974 sortiter
476 2925 762 2990 pugnabant
799 2927 888 2983 ita,
942 2926 1071 2989 quod
1124 2925 1304 2975 clavam
1354 2926 1485 2977 illam
1536 2929 1912 2993 recuperabant.
1988 2923 2398 2995 Epistographuffl'

253 3016 324 3058 est
359 3010 523 3059 tabula
562 3010 723 3074 lignea
766 3011 813 3058 in
853 3026 947 3074 qua
987 3017 1127 3059 erant
1163 3013 1346 3076 scripta
1385 3012 1564 3070 debita,
1603 3020 1657 3062 ut
1694 3013 1840 3064 hodie
1879 3015 1959 3062 fit:
2000 3020 2048 3064 et
2085 3015 2259 3064 dicitur
2284 3013 2393 3078 Epi-

253 3094 571 3158 stographum
610 3095 670 3143 ab
711 3094 885 3160 opibus
921 3101 969 3144 et
1005 3095 1223 3160 graphia,
1265 3097 1395 3160 quod
1435 3103 1508 3146 est
1544 3099 1803 3162 scriptura,
1843 3100 1980 3163 quasi
2018 3101 2258 3163 scriptura
2285 3111 2434 3148 sua-21

253 3191 363 3224 rum
403 3179 584 3240 opium.
661 3179 847 3229 Abaces
885 3181 1114 3229 dicuntur
1152 3196 1262 3230 vasa
1302 3183 1539 3245 preciosa.
1617 3184 1866 3233 Corinthia
1915 3184 2143 3234 dicuntur
2188 3199 2299 3234 vasa
2337 3182 2395 3237 de

367 3371 379 3397 ¹
415 3386 514 3412 cum
547 3374 703 3414 decem
737 3379 779 3417 5.
884 3378 1010 3418 Ioan.
1035 3381 1075 3418 5.
1182 3377 1199 3403 ²
1230 3378 1372 3419 nichil
1403 3383 1442 3420 5.
1540 3378 1558 3405 ‘¹
1587 3394 1742 3422 menre
1774 3385 1906 3423 tenus
1936 3386 1975 3424 5.
2083 3384 2144 3426 M.
2167 3384 2208 3423 4.
2295 3378 2312 3407 ⁵
2341 3363 2393 3422 (fe

255 3456 338 3484 non
368 3441 494 3482 habet
523 3446 562 3482 4.
650 3444 666 3469 ‘³
698 3445 762 3486 Io.
786 3449 825 3485 4.
858 3447 985 3487 Ioan.
1010 3452 1050 3489 5.
1140 3448 1156 3474 8
1188 3449 1292 3489 Bar.
1317 3452 1356 3490 4.
1370 3454 1410 3491 5.
1518 3455 1701 3492 ractant
1732 3454 1773 3492 4.
1865 3452 1900 3478 ¹⁰
1930 3453 2228 3506 disputatioes
2269 3452 2323 3492 de
2344 3444 2392 3493 ‘1-

256 3511 289 3538 ¹¹
321 3511 460 3552 michi
491 3516 531 3552 5.
624 3512 655 3538 ¹3
684 3515 738 3554 D.
764 3516 853 3557 Ma.
878 3519 918 3559 4.
941 3521 1054 3560 omis.
1077 3523 1116 3558 5.
1153 3519 1216 3570 Cf.
1239 3533 1304 3573 sq.
1327 3523 1471 3562 adnot.
2371 3522 2389 3529 ‘⁷

372 3581 481 3608 ¹5···¹‘³
511 3582 566 3622 In
598 3585 638 3624 4.
668 3585 886 3636 inscriptio
916 3589 978 3627 sic
1009 3595 1096 3628 est:
1131 3582 1173 3628 (I
1205 3589 1407 3631 Gilbert‘)
1436 3592 1729 3635 Pozretonius
1761 3595 1881 3634 artisl
1912 3594 1973 3636 M.
2009 3599 2054 3635 et
2091 3594 2280 3647 vtriusq3
2309 3593 2396 3648 iurg

257 3654 390 3693 bacu.
414 3653 474 3693 M.
500 3652 625 3695 Oztu.
652 3653 703 3693 G.
729 3651 805 3706 (D.
828 3655 917 3697 Ma.
940 3658 998 3696 ad
1025 3662 1286 3710 superiorem
1317 3675 1382 3713 ep.
1399 3663 1622 3714 pertinet.)
1655 3664 1766 3704 Inde
1797 3668 1837 3705 5.
1855 3678 1939 3717 per
1970 3678 2158 3706 errorem
2186 3667 2271 3705 sic:
2304 3660 2393 3704 Gil-

256 3724 412 3764 bertus
443 3724 735 3766 Pozretonius
769 3724 932 3764 artium
962 3727 1021 3766 M.
1047 3733 1092 3767 et
1121 3730 1311 3782 vtriusq3
1343 3732 1455 3771 iuris
1485 3733 1780 3774 baccularius
1806 3731 1813 3787 Ι
1839 3736 1901 3775 Μ.
1928 3735 2116 3778 Oztuino
2139 3735 2297 3776 Gratio
2318 3732 2395 3773 Sa-

257 3797 412 3838 lutem.
445 3792 656 3834 Plurima.
679 3794 819 3834 Dicit.
842 3794 933 3838 Ma.
1042 3795 1073 3822 ¹8
1104 3798 1211 3838 Alus
1243 3803 1281 3838 5.
1305 3802 1458 3840 initiali
1478 3801 1506 3840 S
1527 3806 1676 3844 relicto
1704 3807 1858 3856 spatio.
1967 3805 2001 3830 ¹⁹
2032 3806 2274 3858 oppinione
2303 3792 2392 3843 45.

256 3857 293 3888 ²⁴
317 3863 446 3903 eten'i.
472 3867 512 3903 4.
549 3862 649 3903 εῐιῖι.
673 3867 711 3907 5.
771 3863 805 3889 ²⁹
839 3869 883 3904 et
904 3879 979 3905 om.
1003 3871 1043 3906 5.
1103 3865 1190 3892 ²9³⁰
1212 3872 1257 3907 et
1280 3874 1392 3909 omis.
1416 3874 1455 3912 5.
1516 3874 1698 3924 grauia:
1721 3878 1761 3914 5.
1822 3876 1949 3926 quasi
1981 3876 2202 3929 scriptura
2222 3875 2334 3916 omi-3.
2354 3874 2392 3912 5.
2435 3912 2439 3913 ⁷
