2456 4264
112 2273 217 2329 uiijb

113 2331 214 2387 aiij

236 279 354 337 336
692 300 1073 331 LAMENTATIONES
1095 301 1402 331 onscvnozzvm
1423 301 1631 331 vmossvu
1653 284 1911 343 [vanans]-

231 436 391 494 cessit,
426 432 651 494 improba
677 445 739 480 ac
764 431 1042 478 damnabili
1062 436 1109 479 et
1134 433 1405 479 temeraria
1429 432 1736 492 loquacitate
1757 432 1932 480 ductos
1956 433 2202 493 quendam
2225 432 2360 481 libel-

230 520 329 566 lum
359 517 625 576 famosum,
667 517 806 563 cuius
841 515 1012 563 titulus
1047 520 1120 563 est
1159 515 1400 577 ‘Epistole
1436 516 1758 565 obscurorum
1794 518 2014 566 virorum
2050 519 2121 566 ad
2154 530 2359 566 venera-

227 603 370 650 bilem
406 603 566 649 virum
602 600 895 659 maqistrum
935 597 1213 647 Ortwinum
1253 601 1481 648 Gratiam
1506 600 1914 649 Daventriensem
1953 601 2152 661 Colonie
2176 602 2360 666 Aqrip-

220 688 344 747 pine
379 686 535 734 bonas
569 685 764 733 litteras
801 684 1081 744 docentem,
1133 689 1181 731 et
1215 684 1443 745 reliqua',
1494 686 1665 745 edere,
1715 690 1763 733 et
1808 687 1992 734 editum
2028 688 2249 749 imprimi
2274 685 2360 745 fa·
2455 748 2456 751 Ἴ

228 783 357 830 cere,
400 775 550 831 atque
574 769 645 817 ad
668 769 893 818 diversas
918 769 1050 817 orbis
1065 770 1377 830 provincias,
1418 783 1514 830 quo
1538 783 1710 818 eorum
1735 772 1988 819 temeritas
2012 772 2178 819 notior
2196 773 2355 831 fieret,
2375 783 2399 816 ⁵
2454 765 2456 786 ³

226 861 272 903 et
306 855 663 904 scandalorum
699 852 961 902 materiam
998 854 1234 916 diffusius
1268 855 1596 915 seminarent,
1636 856 1832 904 mittere
1857 857 2234 917 presumpsisse.
2298 855 2363 903 In
2455 907 2456 910 ,

226 952 322 1000 quo
356 939 520 988 libello
555 941 687 987 inter
730 944 898 988 cetera
943 944 1122 987 contra
1157 952 1303 998 sacre
1343 938 1608 1001 Theoloqie
1653 945 1701 989 et
1715 1006 1719 1009 Ὗ
1739 943 1980 1003 precipue
2025 942 2218 990 ordinis
2245 939 2362 1000 fra·
2442 916 2456 982 «ε

225 1031 355 1073 trum
400 1025 784 1084 Predicatorum
820 1022 1166 1086 professoreS,
1215 1029 1263 1072 et
1302 1024 1605 1074 Coloniensis
1649 1025 1713 1074 'ac
1756 1025 2121 1075 Parrhisiensis
2164 1025 2364 1075 Studio·
2453 1014 2456 1044 ¹

224 1123 335 1158 rum
371 1111 424 1158 in
459 1110 632 1159 eadem
661 1108 932 1170 Theoloqia
967 1110 1250 1170 maqistros,
1294 1108 1513 1166 Quorum
1549 1111 1711 1172 aliqui
1742 1112 2035 1159 nominatim
2071 1112 2363 1172 exprimun—
2424 1114 2429 1117 ’

225 1201 335 1255 tur,
384 1199 457 1244 tot
492 1196 685 1256 iurqia,
733 1195 1026 1253 contumelie
1062 1199 1109 1242 et
1143 1195 1364 1243 convitia
1390 1193 1757 1256 proferuntur,
1798 1200 1848 1244 et
1882 1197 2013 1244 alias
2047 1201 2164 1253 tam¹
2184 1208 2364 1258 spurce
2375 1202 2435 1245 ω’

228 1285 277 1328 et
306 1281 598 1341 petulanter
633 1279 897 1339 invehitur,
937 1280 1270 1328 convertendo
1305 1281 1456 1328 etiam
1492 1280 1564 1328 ad
1596 1281 1835 1329 scurrilia
1869 1294 2023 1330 sacra
2058 1282 2274 1342 eloquia,
2314 1285 2367 1329 ut
2388 1297 2414 1323 v>

227 1365 468 1426 expediat
503 1366 798 1426 quantocius
824 1377 929 1425 pro
967 1364 1246 1424 Christiane
1281 1366 1537 1426 religionis
1571 1365 1761 1414 honore
1794 1366 1928 1415 illius
1963 1367 2220 1415 lectionem
2255 1370 2364 1414 tan·

228 1463 378 1511 quam
413 1450 574 1498 labem
600 1447 900 1510 pestiferam
937 1462 970 1496 a
1006 1463 1173 1498 rerum
1218 1455 1405 1498 natura
1443 1450 1650 1512 depelli,
1699 1449 2009 1510 Scandalose
2045 1464 2162 1500 vero
2197 1439 2365 1500 huiusss

227 1535 364 1583 modi
382 1535 706 1595 qarrulitatis
741 1539 971 1583 auctores
1006 1535 1173 1583 debita
1210 1535 1642 1584 animadversione
1668 1537 1863 1597 puniri.
1924 1535 2173 1593 Quocirca
2197 1541 2364 1585 aucto-
2425 1538 2431 1547 ‘

226 1621 379 1668 ritate
428 1621 706 1681 apostolica
753 1624 923 1668 tenore
958 1621 1268 1680 presentium
1315 1633 1481 1668 omnes
1526 1625 1575 1668 et
1626 1622 1849 1682 sinqulos
1901 1623 2158 1683 utriusque
2212 1634 2430 1680 sexus'ffi*

229 1705 580 1763 Christifideles
615 1705 950 1766 cuiuscunque
983 1709 1159 1765 statuS,
1196 1706 1394 1765 qradus
1429 1706 1692 1766 diqnitatis
1726 1710 1774 1754 et
1809 1707 2099 1765 excellentie
2133 1707 2247 1766 sint,
2287 1720 2364 1755 re·
2410 1759 2411 1762 ,

225 1791 467 1851 quirimus
503 1795 552 1838 et
584 1802 857 1849 monemus,
907 1790 1073 1850 eisque
1106 1790 1195 1838 sub
1231 1791 1760 1839 excommunicationis
1794 1791 1895 1850 late
1927 1790 2179 1850 Sententie
2204 1804 2360 1854 pena,
2410 1782 2418 1792 ”

226 1876 334 1937 ipso
376 1873 523 1934 facto
568 1888 665 1936 quo
702 1874 1019 1935 presentibus
1063 1888 1166 1923 non
1209 1876 1507 1937 paruerint,
1557 1875 1893 1937 incurrenda,
1943 1889 1976 1923 a
2024 1889 2123 1937 qua
2169 1877 2368 1925 nonnisi
2399 1868 2411 1899 *²

226 1972 260 2007 a
295 1959 524 2008 Romano
554 1960 816 2021 pontifice,
861 1963 1188 2021 preterquam
1225 1961 1278 2008 in
1313 1961 1488 2009 mortis
1523 1960 1742 2010 articulo
1791 1961 1984 2010 absolvi
2022 1962 2240 2023 possint,
2281 1961 2363 2010 di-
2392 1964 2395 1969 ¹

224 2046 396 2093 stricte
420 2045 753 2106 precipiendo
788 2045 1110 2106 mandamus,
1163 2044 1418 2103 Quatenus
1452 2044 1599 2105 infra
1634 2047 1879 2108 triduum,
1932 2048 2028 2108 quo'
2056 2048 2420 2108 presentiumm

224 2131 450 2179 notitiam
485 2123 781 2190 habuerint,
826 2142 860 2177 a
896 2130 1024 2179 dicti
1055 2131 1234 2191 libelli,
1285 2132 1485 2194 eiusque
1531 2132 1898 2193 exemplarium
1942 2132 2155 2181 lectione
2184 2145 2361 2194 perpe-

226 2220 307 2263 tuo
344 2215 648 2275 abstineant,
700 2214 886 2276 illaque
920 2228 1022 2277 per
1068 2216 1236 2264 omnia
1282 2218 1399 2278 iqne
1443 2217 1762 2277 comburant,
1813 2220 1862 2265 et
1905 2218 1993 2278 qui
2025 2218 2180 2279 ἱρείας
2215 2217 2367 2266 libelli
2395 2245 2398 2248 ⁴

219 2295 501 2364 bauclltoris
543 2313 630 2348 seu
664 2301 771 2348 eius
816 2300 1177 2362 exemplarium
1210 2295 1219 2366 Ι
1249 2302 1600 2364 impressorum
1645 2302 1723 2351 vel
1764 2302 2091 2365 scriptorum,
2141 2307 2229 2351 aut
2272 2303 2363 2351 illa

223 2386 492 2433 tenentium
528 2390 577 2433 et
612 2384 901 2434 comburere
936 2368 1294 2447 neqliqentium
1330 2388 1408 2436 vel
1440 2387 1793 2448 recusantium,
1834 2400 1920 2436 seu
1943 2400 2114 2437 eorum
2151 2388 2363 2436 alicuius
2380 2375 2421 2408 '‘³⁷‘'

223 2471 460 2518 noticiam
504 2468 795 2531 habuerint,
846 2483 928 2519 eos
967 2468 1253 2520 Ordinariis
1296 2473 1543 2532 locorum,
1594 2472 1659 2521 In
1704 2486 1911 2534 quorum
1950 2473 2239 2522 Civitatibus
2284 2467 2417 2533 velit»

224 2554 499 2604 diocesibus
546 2556 623 2604 illi
664 2559 783 2604 tunc
825 2568 1016 2604 moram
1062 2555 1288 2618 trahent,
1340 2562 1429 2606 aut
1473 2570 1644 2606 eorum
1690 2557 1994 2617 officialibus
2037 2572 2123 2608 seu
2158 2558 2362 2608 vicariis

214 2652 313 2701 per
348 2653 430 2689 eos
467 2641 633 2689 debita
662 2653 799 2702 pena
835 2639 1161 2702 afficiendos,
1211 2640 1358 2702 infra
1404 2637 1536 2692 idem
1572 2644 1792 2692 triduum
1827 2645 2060 2693 revelent.
2134 2637 2365 2705 Ιηῖαηῃί-4

223 2737 330 2774 mus
354 2738 546 2787 quoque
571 2726 623 2774 in
647 2726 831 2774 virtute
865 2731 1038 2786 sancte
1075 2727 1349 2787 obedientie
1384 2733 1432 2777 et
1455 2728 1545 2777 sub
1569 2729 1744 2777 eadem
1759 2741 1902 2791 pena
1929 2725 2214 2779 Ordinariis
2238 2741 2357 2791 pre-

215 2808 362 2871 fatis,
402 2823 668 2873 eorumque
703 2811 745 2861 V
746 2811 935 2872 icariis,
979 2809 1294 2871 officialibus
1317 2818 1366 2862 et
1400 2815 1656 2874 ministris,
1696 2820 1752 2863 ut
1785 2819 1965 2863 contra
2001 2818 2231 2874 auctores
2255 2811 2356 2873 dif—

215 2893 553 2953 famationum
588 2901 637 2945 et
673 2895 875 2945 illarum
908 2898 1182 2959 scriptores
1215 2903 1265 2947 et
1299 2900 1619 2962 impressores
1665 2899 1950 2949 huiusmodi
1988 2905 2145 2962 prout
2192 2898 2414 2949 delicti„

223 2981 440 3040 qualitas
475 2982 657 3043 exiqit,
706 2982 899 3041 iusticie
935 2983 1208 3032 vindictam
1243 2990 1542 3046 exerceant,
1591 2989 1640 3033 et
1675 2986 2233 3034 excommunicationem
2262 2996 2362 3046 per

223 3076 312 3113 nos
346 3065 504 3114 latam
539 3067 593 3115 in
629 3080 737 3128 eos,
787 3081 910 3128 quos
954 3068 1093 3116 illam
1138 3052 1410 3120 incurrisse
1457 3071 1757 3131 constiterit,
1808 3071 2160 3120 inviolabiliter
2197 3069 2356 3118 obser·

222 3151 359 3209 vari,
408 3155 454 3198 et
500 3155 602 3199 tam
648 3153 830 3200 eisdem
870 3151 1182 3214 Ordinariis,
1233 3168 1382 3216 quam
1422 3155 1827 3218 parrochialium
1862 3161 1910 3204 et
1946 3157 2168 3206 aliarum
2203 3155 2356 3204 eccle·
2390 3148 2396 3169 ¹

221 3233 413 3283 siarum
449 3234 766 3297 Rectoribus,
817 3242 871 3286 ut
915 3239 1137 3298 quotiens
1179 3253 1332 3301 super
1375 3241 1471 3289 hoc
1496 3255 1600 3302 pro
1625 3246 1784 3303 parte
1827 3242 2040 3291 alicuius
2069 3241 2356 3303 predicato·
2394 3254 2405 3288 ς

221 3331 333 3367 rum
369 3318 446 3366 vel
481 3319 685 3369 alterius
721 3322 912 3370 ordinis
941 3320 1172 3381 fratrum
1209 3329 1299 3372 aut
1330 3327 1642 3386 ,qeneralium
1676 3325 1968 3375 Studiorum
2003 3327 2410 3387 maqistrorumzs

223 3403 277 3451 in
318 3399 589 3464 Theoloqia
627 3404 827 3462 fuerint
872 3408 1119 3468 requisiti,
1159 3415 1420 3469 presentes
1462 3412 1655 3459 litteras
1698 3412 1776 3460 vel
1821 3412 2028 3473 aliquod
2072 3424 2138 3460 ex
2184 3422 2357 3458 earum

224 3488 490 3536 autenticis
525 3492 898 3552 transsumptis,
949 3494 1123 3552 quibus
1149 3495 1349 3555 publici
1383 3495 1588 3545 Notarii
1625 3497 2012 3558 subscriptione,
2062 3502 2109 3544 et
2145 3495 2366 3544 alicuius*
2439 3487 2456 3545 fl

216 3573 410 3633 prelati
441 3573 519 3621 vel
545 3573 689 3632 Curie
725 3576 1058 3637 ecclesiastice
1081 3577 1253 3639 Siqilli
1285 3581 1606 3641 impressione
1640 3581 1841 3640 munitis
1874 3582 2022 3640 sidem
2057 3581 2237 3642 ubique
2272 3578 2362 3627 de·

223 3658 472 3706 cernimus
507 3658 864 3718 adhibendam,
915 3662 968 3708 in
1014 3675 1183 3711 eorum
1233 3665 1452 3713 ecclesiis
1496 3666 1612 3714 dum
1652 3666 1835 3727 populi
1873 3666 2137 3715 multitudo
2183 3677 2240 3712 eo
2285 3661 2353 3710 ad

225 3742 397 3791 divina
430 3744 739 3803 convenerit,
789 3744 977 3793 duobus
1022 3752 1108 3794 aut
1152 3748 1311 3796 tribus
1356 3749 1528 3797 diebus
1564 3750 1824 3800 dominicis
1857 3751 1937 3799 vel
1965 3748 2163 3808 festivis
2188 3748 2349 3811 publi·
2360 3753 2404 3788 ⁴⁰

2439 3639 2456 3698 ζῷ’
2446 3579 2456 3609 ι-ι

335 3940 352 3965 8
384 3935 604 3981 Coloniefi
631 3937 896 3981 Parrhisieii
924 3942 1019 3982 1.2.
1119 3939 1162 3967 ¹²
1188 3940 1382 3996 ‹13totius
1416 3947 1460 3986 2.
