2456 4264
463 301 522 337 31.
544 306 750 337 Annam-1
772 307 998 342 sranncx.
1084 304 1142 342 32.
1163 310 1396 340 atumem
1417 312 1867 345 onmnmmouucn.
2123 294 2245 353 239

33 437 58 521 ..ᾗ
88 437 311 503 „lentes
344 436 398 487 ei
426 435 629 501 placere
664 436 904 486 tribulant
939 437 1079 488 illum
1116 437 1302 488 bonum
1341 443 1619 505 pastorem,
1666 444 1777 507 quia
1817 444 1923 509 ipse
1959 446 2247 498 mirabiliter

145 523 160 536 ‘
211 523 226 583 f
286 525 373 572 tm·
403 519 612 571 Iohanni
647 520 918 571 Reuchlin:
959 527 1009 572 et
1044 523 1239 580 merite,
1280 525 1394 587 quia
1431 530 1526 574 stat
1562 541 1654 590 pro
1692 526 1921 579 facultate
1957 545 2060 580 sua.
2123 530 2245 588 Quia

352 603 610 656 Reuchlin
647 611 722 656 est
763 606 995 655 inimicus
1032 605 1426 671 Theologorum:
1474 609 1559 659 sed
1597 611 1827 674 Magister
1866 618 2035 664 noster
2070 615 2247 666 Petrus

77 760 83 762 -
181 685 490 767 ‚Theologusz
530 702 668 752 erge.
743 689 806 739 Et
843 695 917 740 est
952 689 1082 740 bene
1119 690 1332 749 licitum,
1372 693 1503 757 quod
1543 708 1670 744 unus
1707 694 1927 746 defendit
1963 696 2244 749 facultatem

231 848 240 851 .
290 773 476 831 ·Etiam
512 773 752 824 Dominus
787 773 999 825 Iacobus
1047 775 1109 826 de
1147 775 1476 827 Hochstraten
1524 778 1756 842 Magister
1803 786 1971 831 noster
2019 789 2067 832 et
2102 782 2244 847 bere-

208 859 467 927 ,pravitatis
499 858 768 923 Inquisitor
816 872 917 908 non
954 859 1105 910 habet
1141 860 1326 910 bonam
1363 860 1612 910 fortunam
1650 864 1701 911 in
1739 878 1884 914 causa
1924 865 2050 915 fidei.
2124 867 2244 925 Quia

151 943 434 1019 'mani
457 957 590 994 nunc
629 957 803 994 omnes
841 943 1011 993 volunt
1046 958 1154 994 esse
1191 950 1350 1010 poete,
1390 952 1438 996 et
1473 947 1546 995 sic
1581 948 1944 1011 parvipendunt
1968 949 2245 1013 Theologos

165 1033 288 1082 mi
322 1033 495 1079 contra
532 1042 634 1078 eos.
711 1028 809 1078 Sed
849 1034 1012 1078 tamen
1051 1043 1201 1094 spero
1250 1029 1383 1093 quod
1431 1045 1610 1094 parum
1658 1030 1944 1082 lucrabunt:
1998 1034 2110 1096 quia
2158 1034 2241 1083 do-

284 1113 514 1179 respiciet
550 1111 761 1188 famulos
797 1127 914 1162 suos
951 1119 1000 1163 et
1036 1112 1266 1163 liberabit
1304 1128 1404 1163 eos.
1480 1114 1584 1178 Ego
1623 1115 1782 1164 audivi
1808 1131 1967 1180 nuper
1993 1117 2123 1182 quod
2151 1117 2243 1167 lm-

329 1198 527 1263 scripsit
561 1213 712 1248 unam
748 1196 964 1247 litteram
1002 1198 1064 1247 ad
1100 1198 1285 1263 Papam
1323 1213 1416 1263 pro
1453 1198 1673 1248 Iohanne
1711 1198 1977 1258 Reuchlin‚
2030 1207 2079 1251 et
2124 1204 2243 1252 scri-

40 1282 201 1353 ³⁴„
218 1283 310 1343 ita,
358 1282 492 1350 quod
528 1283 570 1333 si
607 1282 989 1333 Sanctissimitas
1026 1298 1113 1332 sua
1151 1297 1251 1331 non
1291 1282 1392 1332 vult
1428 1283 1575 1333 finem
1616 1284 1779 1333 facere
1818 1285 1867 1349 in
1905 1286 1996 1334 isto
2036 1289 2242 1349 negocio

39 1353 291 1428 ‘istium
326 1367 656 1425 Sententiam,
705 1373 825 1417 tunc
871 1368 976 1432 ipse
1014 1372 1118 1417 met
1152 1366 1254 1417 vult
1289 1368 1457 1418 videre
1495 1369 1743 1433 quomodo
1781 1375 1944 1434 potest
1981 1370 2244 1422 defendere

26 1431 234 1513 ᾗ.
266 1451 617 1504 consiliarium.
693 1452 791 1502 Sed
839 1452 956 1517 quid
1007 1452 1110 1502 est?
1156 1453 1230 1503 Si
1254 1468 1382 1518 papa
1429 1459 1502 1502 est
1549 1469 1639 1518 pro
1677 1453 1944 1518 theologiS,
1990 1461 2108 1504 tunc
2146 1470 2244 1504 non

48 1533 250 1625 w.
317 1538 469 1596 etiam
505 1536 668 1588 audivi
705 1536 767 1586 ab
806 1552 908 1587 uno
947 1536 1151 1588 notabili
1187 1538 1294 1587 viro
1332 1538 1414 1603 qui
1454 1544 1528 1588 est
1554 1537 1784 1588 Officialis
1811 1537 1953 1603 Curie
1981 1540 2063 1604 qui
2101 1540 2243 1588 dixit:

257 1621 400 1674 nobis
422 1622 504 1673 bic
530 1637 644 1673 cum
680 1621 888 1672 litteris?
926 1622 977 1672 Si
1001 1620 1245 1673 Reuchlin
1281 1621 1432 1672 habet
1455 1624 1732 1688 pecuniam,
1773 1625 1931 1673 mittat
1955 1623 2068 1673 huc.
2126 1623 2246 1681 Quia

134 1700 319 1763 {bria
364 1713 561 1774 oportet
603 1687 791 1757 habere
838 1708 1096 1771 pecunias,
1146 1707 1265 1757 alias
1311 1706 1434 1757 nihil
1479 1714 1641 1773 potest
1690 1707 1951 1773 expedire'.
2028 1708 2088 1758 Et
2124 1708 2248 1759 alius

60 1785 276 1878 μυ
309 1791 434 1843 dixit
467 1791 612 1850 mibi,
653 1791 787 1857 quod
823 1792 1057 1856 Magister
1094 1799 1264 1843 noster
1301 1792 1510 1843 Iacobus
1547 1794 1726 1843 iterum
1763 1793 1898 1843 dedit
1934 1799 2093 1842 certas
2130 1809 2245 1859 pro·

42 1875 557 1954 *quibusdam
592 1876 963 1928 referendariis.
1039 1877 1101 1927 Et
1136 1879 1207 1927 sic
1245 1877 1442 1943 quando
1480 1879 1576 1927 iam
1615 1877 1796 1927 vadunt
1821 1882 1935 1927 ante
1960 1892 2087 1935 eum,
2129 1883 2243 1927 tunc

62 1958 273 2044 b*
292 1963 348 2015 ei
375 1963 622 2016 maiorem
658 1963 984 2013 reverentiam
1022 1968 1072 2013 et
1118 1961 1390 2028 loquuntur
1436 1961 1757 2012 amicabiliter
1803 1975 1916 2011 cum
1963 1977 2038 2011 eo.
2116 1961 2244 2026 Ergo

33 2055 246 2131 μ
251 2059 452 2115 smper
486 2045 743 2098 meliorem
781 2062 919 2114 spem
958 2046 1215 2097 habemus,
1292 2047 1343 2097 Si
1380 2047 1535 2112 perdo
1583 2045 1702 2096 illud
1754 2045 2074 2104 beneficium,
2126 2052 2243 2096 tunc

83 2129 248 2191 *a
288 2130 419 2184 volo
445 2132 749 2184 contendere
795 2147 888 2197 pro
926 2131 1009 2182 illa
1057 2133 1235 2182 vicaria
1284 2132 1334 2181 in
1370 2131 1546 2182 Nussia
1584 2134 1711 2181 sicut
1747 2131 1893 2180 scitis,
1970 2130 2090 2190 Quia
2129 2146 2243 2197 pro-

79 2215 468 2274 mineus
510 2218 797 2269 informavit
842 2233 923 2268 me
971 2216 1103 2283 quod
1141 2216 1302 2267 habeo
1339 2215 1527 2267 bonum
1564 2215 1660 2266 luS.
1736 2215 1833 2265 Sed
1871 2217 1965 2265 iam
2004 2216 2243 2265 recordor

47 2299 220 2371 a*
250 2314 414 2370 imper
447 2303 581 2354 venit
614 2317 747 2353 unus
791 2302 890 2353 huc
936 2303 1021 2367 qui
1073 2301 1219 2361 dixit,
1268 2301 1401 2368 quod
1447 2302 1739 2352 universitas
1776 2300 2107 2350 Erfordiensis
2143 2300 2244 2350 vult

79 2384 320 2449 ,m
352 2390 646 2440 sententiam
683 2403 825 2438 suam
862 2403 952 2438 seu
991 2387 1453 2437 determinationem
1491 2391 1663 2436 contra
1688 2384 1957 2434 Iohannem
1983 2383 2238 2435 Reuchlin.

35 2468 151 2531 *B
184 2471 236 2524 'd
278 2471 420 2533 feeit,
463 2480 586 2525 tnnc
632 2472 743 2523 volo
792 2473 989 2531 dicere,
1044 2473 1175 2537 quod
1226 2486 1399 2522 omnes
1436 2470 1673 2534 Theologi
1720 2470 1803 2535 qui
1841 2475 1955 2519 sunt
1993 2469 2083 2526 ibi,
2130 2476 2243 2519 sunt

85 2555 260 2629 μίὸ
292 2563 344 2610 et
376 2558 670 2616 mendaceS,
722 2565 771 2608 et
819 2557 930 2607 volo
969 2572 1167 2623 semper
1205 2557 1266 2608 de
1305 2559 1377 2608 eis
1415 2556 1580 2606 dicere
1621 2556 1714 2606 boc
1752 2553 2063 2611 scandalum,
2112 2555 2241 2618 quod

85 2642 188 2694 fi
219 2650 423 2695 manent
456 2658 570 2694 cum
609 2641 838 2694 facultate
877 2657 965 2693 sua
1005 2648 1055 2694 et
1093 2642 1366 2694 defendunt
1402 2640 1755 2691 zelosissimum
1794 2641 1951 2689 virum
1990 2639 2242 2688 dominum

71 2721 315 2779 fbbm
359 2727 423 2800 de
459 2727 789 2780 Hocbstraten
834 2729 921 2794 qui
970 2733 1045 2778 est
1092 2726 1176 2778 lux
1214 2726 1610 2791 Theologorum,
1662 2732 1710 2776 et
1754 2724 1885 2774 lucet
1931 2725 2058 2774 sicut
2105 2722 2242 2774 stella

87 2821 179 2876 pfl?
210 2825 326 2864 m
358 2811 612 2864 doctrinas
649 2820 698 2864 et
720 2814 1188 2877 Argumentationes
1226 2828 1319 2879 pro
1358 2812 1454 2862 fide
1482 2810 1748 2861 Catholica.
1825 2809 1884 2858 Et
1922 2808 2072 2858 credo
2110 2808 2241 2873 quod

37 2893 370 2963 oed‘hreflol
404 2897 480 2949 vel
516 2897 668 2948 Turci
705 2898 954 2954 venirent,
1003 2898 1108 2962 ipse
1158 2897 1431 2963 disputaret
1478 2902 1647 2946 contra
1695 2909 1780 2944 eos
1827 2900 1874 2943 et
1920 2892 2242 2942 confunderet

0 3020 3 3026 .
87 2991 175 3032 α
204 2980 620 3035 m‘suhtilitate
658 2997 775 3041 sua,
826 2990 875 3034 et
923 2989 1237 3034 converteret
1274 2997 1360 3032 eos
1407 2982 1466 3031 ad
1518 2980 1663 3030 fldem
1703 2978 2043 3029 Christianam.
2119 2977 2239 3034 Quia

0 3078 5 3087 '
86 3060 480 3132 &theologus
524 3081 627 3117 non
675 3067 826 3119 babet
870 3068 1112 3134 equalem.
1179 3073 1228 3117 et
1275 3081 1436 3131 nuper
1482 3064 1743 3129 disputavit
1789 3061 1868 3111 hic
1907 3062 1956 3109 in
1995 3060 2239 3125 Sapientia

0 3154 2 3187 ἓ
66 3146 225 3203 ³0*
276 3149 628 3203 doctrinaliter.
703 3152 846 3203 Tunc
901 3154 1020 3203 dixit
1074 3152 1271 3218 quidam
1322 3149 1471 3201 italus
1519 3149 1640 3212 ‘Ego
1697 3161 1792 3195 non
1843 3143 2027 3195 credidi
2087 3145 2239 3210 prius,

0 3239 7 3307 Ρ

0 3310 3 3357 ι

0 3378 4 3438 1

86 3233 218 3301 Μ
248 3233 473 3288 Ahlmia
509 3236 660 3288 babet
695 3237 817 3288 tales
853 3237 1162 3301 Theologos’.
1239 3235 1335 3287 Sed
1375 3234 1572 3299 quidam
1610 3230 1733 3281 alius
1771 3229 1913 3286 «lixit,
1971 3228 2103 3293 quod
2144 3243 2240 3278 non

37 3316 331 3373 fidiae·
331 3321 688 3387 profundatus
723 3323 773 3371 in
813 3321 1030 3372 textibus
1069 3305 1241 3386 biblia,
1282 3327 1330 3370 et
1368 3334 1466 3368 non
1506 3317 1632 3367 bene
1670 3313 1967 3378 intelligeret
2003 3313 2242 3379 Hierony·

88 3412 220 3487 ῃ]
267 3410 328 3456 et
351 3406 694 3473 Augustinum.
770 3406 1047 3471 Respondi.
1101 3406 1156 3455 ‘O
1194 3404 1325 3455 bone
1363 3404 1508 3458 deus,
1556 3400 1671 3467 quid
1710 3399 1900 3449 dicitis?
1947 3396 2031 3449 ille
2069 3397 2243 3447 doctor

87 3473 406 3570 mponit
441 3491 581 3550 talia,
622 3498 671 3543 et
706 3493 804 3541 iam
843 3492 950 3556 ipse
987 3488 1137 3539 babet
1174 3503 1349 3539 curare
1387 3486 1503 3543 alia,
1555 3491 1603 3535 et
1641 3484 1767 3536 bene
1805 3484 2016 3534 maiores
2053 3481 2240 3533 subtili-

104 3657 138 3695 3

183 3724 217 3758 ⁴
240 3727 385 3775 10.R.
408 3735 451 3775 4.
503 3730 567 3773 Io.
589 3729 798 3773 reuchlin
828 3733 870 3772 5.
987 3727 1005 3754 ³
1035 3728 1099 3773 10.
1123 3728 1176 3770 R.
1200 3729 1242 3769 4.
1294 3728 1359 3769 10.
1383 3725 1539 3769 reueh.
1561 3728 1603 3768 5.
1721 3725 1783 3768 Μ.
1808 3726 1899 3767 4.5.
2017 3720 2033 3746 ⁵
2065 3723 2117 3762 Ι).
2145 3722 2236 3763 4.5.

87 3786 227 3854 ,δῦ
252 3803 295 3843 4.
307 3805 349 3843 5.
438 3801 489 3829 Μ
517 3802 665 3843 heret.
689 3814 783 3856 pta.
808 3803 848 3842 4.
862 3805 904 3843 5.
966 3799 1003 3827 ¹⁰
1031 3797 1151 3841 lfam
1183 3801 1224 3841 4.
1255 3797 1392 3839 litera
1421 3802 1462 3840 5.
1544 3798 1608 3839 10.
1634 3799 1674 3837 4.
1708 3795 1772 3837 10.
1795 3793 1968 3836 Reucb.
1991 3797 2031 3832 5.
2095 3790 2124 3816 ⁸¹
2159 3803 2233 3829 ne-

89 3850 217 3923 'ssb
241 3872 285 3913 ε.
371 3871 408 3900 ¹⁸
435 3871 555 3914 iffa?
585 3875 625 3913 4.
658 3870 839 3913 literis?
869 3874 908 3914 5.
998 3869 1034 3897 ¹⁷
1063 3870 1177 3911 mim
1207 3873 1248 3910 5.
1356 3869 1416 3913 M.
1440 3882 1483 3910 n.
1508 3869 1572 3910 ια.
1598 3870 1638 3908 4.
1672 3866 1733 3906 M.
1756 3878 1799 3905 n.
1823 3865 1946 3905 iaco.
1970 3866 2009 3902 ⁵.
2104 3858 2138 3884 ²·
2172 3859 2234 3898 10.

91 3935 184 3982 ⁴005
263 3940 303 3968 ²⁷
330 3942 389 3986 D.
410 3946 452 3984 4.
541 3941 577 3969 ³²
607 3942 804 3996 Equale:
837 3943 899 3983 Et
929 3944 971 3982 4.
1061 3972 1072 3982 .
1096 3941 1157 3982 Et
1186 3944 1227 3981 5.
1316 3938 1352 3965 ³⁵
1384 3940 1501 3981 bene
1535 3938 1618 3979 scit
1648 3935 1908 3987 intelligere
1940 3937 1980 3972 5.
