2456 4264
121 325 291 354 swonl
310 323 631 354 PRAEDICA'POR-
654 324 716 352 AD
737 324 876 354 LEON·
901 326 971 356 PP.
992 325 1036 353 X.
1060 324 1272 353 LITTERAE
1302 324 1347 351 1).
1370 322 1594 354 FRANGOF.
1619 324 1662 352 D.
1685 318 1740 352 10.
1764 322 1864 351 MAI.
1888 322 1931 350 A.
1955 317 2054 352 1520.
2143 297 2264 354 447

119 457 348 517 quillitate
393 457 657 502 iudicarunt
703 470 860 516 operoe
899 458 1138 517 precium,
1186 457 1236 501 id
1277 456 1399 514 quod
1443 461 1486 500 et
1531 455 1659 501 nobis
1706 469 1768 502 ex
1804 461 1978 503 sanctis
2015 455 2269 501 rationibus

118 529 326 585 videtur,
374 531 430 572 ut
472 541 503 571 a
550 527 720 573 Vestra
759 528 1007 574 Sanctitate
1048 541 1189 588 quam
1230 528 1498 586 suppliciter
1532 540 1796 585 oraremus,
1836 528 2115 588 praedictam
2150 528 2271 573 litem

114 604 338 660 perpetuo
367 599 536 662 indicto
571 600 764 656 silentio,
801 601 929 646 salvo
966 601 1204 660 utriusque
1234 599 1443 658 partium
1476 598 1663 656 honore,
1702 602 1975 646 terminaret
2005 601 2274 660 penitusque

119 672 317 730 sopiret,
361 670 536 730 hocque
576 674 746 729 pacto,
793 675 849 716 ut
896 672 1100 717 videlicet
1135 683 1226 730 per
1262 671 1437 715 litteras
1466 684 1558 729 pro
1594 670 1686 715 hac
1719 684 1774 717 re
1801 671 2052 718 Sanctitati
2091 671 2272 718 Vestroe

82 755 103 786 5
118 743 510 802 supplicaremus,
554 755 726 801 pacem
771 744 890 788 inter
925 756 1011 789 nos
1047 747 1092 788 et
1124 743 1342 787 eximium
1378 744 1527 788 virum
1563 742 1789 788 Ioannem
1827 743 2054 788 Reuchlin
2083 741 2271 802 praefa-

120 819 213 859 tum
237 814 423 873 eiusque
447 815 617 859 amicos
645 818 1019 874 composuerunt.
1057 815 1188 859 cuius
1215 814 1546 872 compositionis
1565 812 1770 873 formam
1796 816 2063 861 curavimus
2099 813 2274 860 Vestroe

122 883 376 931 Sanctitati
397 897 494 945 per
529 888 717 932 nostros
741 892 1084 946 procuratores
1118 884 1341 930 exhiberi.
1413 885 1479 930 Et
1507 885 1650 942 plane
1681 898 1774 931 non
1812 887 1956 931 solum
1990 885 2140 941 nobis,
2191 885 2277 930 sed

121 957 273 1002 multis
305 958 443 1002 etiam
467 957 677 1002 doctrina
702 962 746 1002 et
781 959 872 1003 vita
894 956 1237 1017 praestantibus
1262 957 1386 1011 viris,
1423 957 1467 1000 si
1499 955 1589 1001 hac
1619 958 1799 1002 ratione
1817 958 1954 1016 finem
1984 961 2081 1002 tam
2106 957 2274 1001 odiosae

121 1027 209 1073 litis
244 1041 276 1071 a
326 1027 496 1074 Vestra
533 1027 795 1074 Sanctitate
839 1029 1265 1088 impetraverimus,
1314 1027 1492 1072 videtur
1525 1026 1633 1085 fore
1665 1032 1736 1085 ut,
1783 1041 1886 1073 cum
1915 1029 2034 1087 fides
2062 1029 2113 1073 in
2149 1029 2274 1072 nullo

67 1109 108 1143 10
118 1099 438 1160 periclitetur,
474 1112 560 1146 nec
589 1101 732 1146 ullam
768 1102 946 1147 veritas
976 1103 1208 1145 iacturam
1239 1098 1416 1159 faciat,
1447 1097 1666 1157 fraterna
1703 1098 1918 1144 charitas
1945 1113 2046 1145 cum
2072 1099 2276 1144 omnibus

123 1173 434 1229 instauretur,
470 1172 811 1231 Episcoporum
848 1178 891 1217 et
925 1171 1198 1229 Principum
1235 1183 1294 1216 ac
1329 1170 1528 1215 omnium
1559 1169 1668 1229 fere
1695 1183 1790 1230 per
1818 1170 2114 1216 Germaniam
2149 1170 2274 1215 nobi-

124 1243 234 1289 lium
259 1247 399 1302 atque
421 1244 710 1289 eruditorum
733 1256 847 1303 erqa
875 1256 959 1288 nos
977 1238 1124 1301 favor
1148 1242 1403 1297 reviviscat,
1433 1254 1545 1301 pax
1575 1245 1621 1286 et
1644 1243 1956 1302 tranquillitas
1976 1244 2194 1302 firmetur
2220 1254 2278 1286 ac

125 1327 219 1360 non
254 1315 372 1360 levia
405 1326 432 1360 e
458 1314 604 1361 medio
634 1315 909 1373 pusillorum
937 1314 1163 1360 scandala
1200 1313 1447 1371 tollantur,
1496 1312 1729 1359 salubrius
1766 1318 1906 1373 atque
1938 1313 2178 1373 efficacius
2208 1314 2275 1359 di-

127 1388 237 1432 vina
262 1398 359 1445 per
395 1399 480 1432 nos
503 1389 754 1446 praecepta
785 1386 1122 1445 praedicentur,
1159 1396 1353 1444 quaeque
1378 1398 1475 1443 pro
1500 1385 1653 1430 salute
1680 1384 1850 1431 Christi
1872 1386 2079 1444 fidelium*
2112 1385 2278 1431 Vestra

70 1469 112 1501 15
130 1456 361 1504 Sanctitas
400 1458 650 1518 aliquando
685 1457 988 1513 mandaverit,
1031 1456 1216 1516 felicius
1249 1457 1512 1516 maioreque
1547 1469 1768 1502 successu
1813 1471 1842 1502 a
1880 1458 2007 1503 nobis
2035 1469 2277 1516 peragan-

126 1534 218 1576 tur.
292 1526 500 1574 Pr0inde
545 1529 762 1575 Vestram
808 1528 1111 1575 Sanctitatem
1159 1542 1298 1588 quam
1341 1527 1586 1573 humillime
1631 1534 1766 1588 atque
1811 1528 1978 1574 obnixe
2009 1541 2281 1588 praecamur

124 1603 307 1662 quanta
336 1612 588 1660 possumus
620 1603 766 1646 animi
793 1602 1149 1661 supplicatione,
1185 1612 1364 1645 summo
1397 1599 1567 1656 studio,
1604 1602 1808 1646 maximo
1835 1601 2061 1647 desiderio
2091 1611 2282 1646 oramus

126 1677 266 1732 atque
291 1685 386 1732 per
421 1685 627 1718 amorem
655 1672 851 1727 Christi,
902 1675 983 1732 qui
1021 1676 1073 1718 ut
1112 1671 1241 1717 nobis
1271 1683 1439 1731 pacem
1477 1672 1743 1718 restitueret
1778 1674 1877 1731 ipse
1911 1685 1962 1718 se
1997 1675 2044 1718 in
2086 1676 2279 1718 mortem

100 1743 342 1808 tradidit,
368 1756 464 1804 per
492 1758 660 1790 raram
690 1746 816 1790 illam
852 1749 897 1790 et
931 1745 1148 1791 eximiam
1185 1749 1314 1790 tuam
1347 1745 1395 1789 in
1424 1756 1508 1789 nos
1539 1743 1918 1801 benevolentiam,
1949 1757 2042 1804 per
2074 1748 2281 1789 nostram

71 1817 177 1861 2oin
203 1814 498 1862 Rhomanam
536 1817 775 1862 ecclesiam
813 1829 871 1862 ac
908 1818 1151 1876 praecipue
1197 1815 1408 1862 Vestram
1446 1814 1747 1862 Sanctitatem
1783 1816 2125 1862 observantiam
2161 1829 2279 1860 nun-

126 1890 266 1948 quam
301 1900 417 1934 sane
447 1902 542 1934 non
572 1891 788 1934 exertam
826 1887 1120 1934 obsecramus
1147 1889 1430 1946 praedictam
1459 1900 1654 1933 causam
1688 1893 1735 1934 et
1765 1889 1885 1934 litem
1911 1888 1976 1933 ad
2008 1899 2058 1933 se
2090 1888 2283 1932 advocet

86 1950 91 1957 ’
127 1971 187 2006 ac
228 1959 398 2006 indicto
426 1963 659 2020 perpetuo
710 1961 891 2006 silentio
936 1961 1123 2019 utrique
1155 1961 1373 2018 partium
1416 1959 1545 2005 salvo
1591 1961 1829 2020 utriusque
1865 1961 2075 2018 partium
2109 1958 2284 2004 honore

123 2031 282 2090 finiat,
318 2033 536 2093 terminet
570 2044 630 2077 ac
695 2033 878 2091 penitus
915 2032 1196 2091 consepeliat
1241 2035 1381 2090 atque
1421 2031 1506 2076 sub
1538 2043 1738 2077 censura
1773 2031 1981 2077 omnibus
2017 2035 2060 2076 et
2092 2030 2284 2089 sinqulis

128 2102 369 2149 hoeretieae
406 2104 667 2164 pravitatis
703 2103 1049 2164 inquisitoribus
1089 2103 1343 2163 praecipiat
1378 2102 1572 2162 aliisque
1616 2115 1892 2164 quacunque
1943 2104 2166 2162 diqnitate
2214 2101 2287 2146 vel

73 2183 118 2218 25
132 2174 386 2221 conditione
419 2176 653 2231 existant,
701 2187 760 2221 ne
804 2177 907 2235 quis
953 2187 1111 2221 eorum
1154 2175 1272 2220 litem
1306 2177 1551 2220 resuscitet
1588 2176 1771 2235 eiusque
1806 2176 2046 2220 occasione
2073 2171 2285 2233 proefato

130 2247 313 2293 domino
346 2246 529 2294 doctori
559 2245 736 2293 Ioanni
779 2246 1011 2293 Reuchlin
1049 2247 1277 2306 neqotium
1321 2245 1565 2307 exhibeat,
1614 2248 1738 2306 quod
1776 2246 1999 2306 profecto
2038 2246 2285 2290 multorum

128 2314 493 2379 maonoru'mque
527 2319 685 2365 iuditio
725 2319 821 2364 eius
848 2323 893 2364 et
939 2318 1133 2364 eruditio
1179 2321 1226 2363 et
1260 2319 1367 2364 vitoe
1403 2319 1648 2378 inteqritas
1679 2319 1878 2378 fideique
1913 2319 2162 2363 sinceritas
2190 2328 2284 2361 me-

130 2393 278 2437 retur.
350 2390 441 2438 His
466 2389 688 2450 precibus
721 2392 897 2436 nostris
931 2392 976 2436 si
1009 2390 1243 2437 Sanctitas
1275 2389 1439 2436 Vestra
1478 2391 1730 2436 clementer
1765 2402 1973 2435 annuere
2008 2387 2286 2449 diynabitur,

127 2474 385 2523 pacemque
418 2467 512 2507 tam
545 2467 757 2508 sanctam
772 2498 784 2519 ,
832 2462 1040 2508 omnibus
1075 2462 1257 2518 utilem,
1308 2463 1510 2507 ecclesiae
1556 2461 1796 2518 decoram,
1844 2462 1971 2508 nobis
2008 2473 2117 2507 vero
2153 2461 2288 2505 etiam

74 2535 449 2581 aonecessariam
488 2534 728 2594 praedicta
764 2535 946 2581 ratione
984 2534 1263 2589 restituerit,
1307 2533 1455 2594 faciet
1489 2531 1576 2594 (uti
1607 2530 1867 2596 speramus)
1906 2546 2004 2579 rem
2039 2534 2086 2578 in
2117 2531 2289 2591 primis

132 2605 315 2654 Christo
351 2605 456 2666 Opt.
492 2619 624 2652 max.
658 2610 875 2666 qratam,
927 2612 988 2653 tot
1028 2607 1254 2665 episcopis
1289 2618 1347 2651 ac
1393 2605 1692 2664 optimatibus
1736 2607 2093 2665 optatissimam,
2144 2604 2289 2649 doctis

131 2679 248 2724 miro
274 2677 499 2724 desiderio
535 2682 842 2738 expectatam,
880 2678 1099 2738 nobisque
1121 2678 1377 2736 plurimum
1401 2678 1671 2723 salutarem.
1746 2678 1897 2722 Faxit
1930 2677 2047 2722 idem
2083 2676 2291 2722 salvator

132 2753 319 2808 noster,
369 2750 587 2797 Vestram
618 2749 932 2796 Sanctitatem
956 2760 1228 2806 exoremu3‚
1272 2762 1406 2809 quem
1441 2749 1611 2795 obnixe
1641 2750 1864 2809 quottidie
1897 2761 2109 2806 oramus,
2135 2749 2288 2806 ipsam

132 2821 338 2868 ecclesiae
373 2823 605 2868 universoe
631 2827 675 2868 et
708 2822 835 2868 nobis
869 2822 1134 2868 incolumem
1172 2825 1309 2881 atque
1338 2822 1581 2881 florentem
1615 2822 1872 2867 diutissime
1906 2825 2074 2866 servet.

0 2937 13 2964 .-
78 2902 123 2937 35
278 2893 396 2941 Dat.
421 2893 790 2953 Francofurdioe
821 2895 954 2940 Anno
1000 2894 1209 2940 vicesimo
1253 2904 1402 2954 supra
1441 2894 2135 2954 millesimumquinqentesimum
2150 2925 2164 2950 ,
2210 2890 2288 2934 de-

133 2966 252 3012 cima
281 2963 422 3026 Maii,
460 2967 508 3011 in
534 2969 701 3011 nostra
733 2966 919 3027 Synodo
952 2965 1247 3012 Provintiali.

285 3036 468 3085 Vestrae
498 3036 767 3084 Sanctitatis
800 3038 991 3084 humiles
1026 3039 1243 3084 oratores

593 3108 773 3156 Frater
809 3110 1085 3156 Everardus
1128 3109 1184 3154 de
1223 3108 1359 3155 Clivis
1399 3108 1585 3154 Ordinis
1620 3108 1992 3154 Praedicatorum
2036 3105 2292 3165 Theoloqioe

590 3180 866 3241 Professor,
903 3182 1160 3230 Provintioe
1201 3180 1463 3226 Theutonioe
1491 3180 1819 3236 Provintialis,
1866 3178 2063 3238 Capituli
2095 3177 2293 3223 Provin-

19 3260 22 3262 ’
81 3263 125 3297 40
591 3254 721 3300 cialis
756 3253 1068 3314 Diffinitores,
1106 3251 1363 3311 Theoloqioe
1396 3251 1695 3312 Professores
1732 3250 1926 3297 Priores
1961 3250 2299 3298 Conventuales

594 3339 652 3371 ac
699 3327 863 3371 coeteri
901 3338 1056 3371 omnes
1104 3324 1167 3369 ad
1210 3325 1380 3370 dictam
1425 3324 1650 3384 synodum
1699 3325 1910 3383 leqittime
1960 3324 2202 3368 convocati
2247 3323 2295 3367 in

588 3410 733 3457 eaque
755 3403 1029 3457 praesentes.

141 3515 478 3530 34———u

255 3609 267 3637 ¹
301 3615 346 3651 et
376 3610 554 3651 sanetis
588 3612 629 3651 2.
718 3606 735 3633 ⁴
766 3608 970 3661 sopieret
1000 3610 1042 3647 2.
1132 3607 1313 3647 litteras
1336 3610 1380 3647 2.
1487 3603 1520 3631 ²¹
1556 3610 1794 3661 expertam
1816 3609 1859 3650 2.
1912 3605 1923 3614 ⁴
1967 3603 2004 3633 ²3
2035 3606 2219 3660 penitus
2254 3606 2292 3645 1.

141 3678 178 3708 ²⁴
215 3680 419 3735 heretice
453 3684 492 3724 1.
598 3679 635 3705 ²⁶
675 3679 844 3720 iudicio
874 3682 916 3719 2.
1003 3678 1041 3704 ²⁷
1071 3678 1284 3733 precibus
1318 3680 1354 3722 1.
1442 3676 1479 3703 ³³
1512 3678 1714 3732 quotidie
1747 3681 1790 3719 2.
1878 3676 1915 3703 ³⁶
1946 3676 2221 3731 provinciali
2253 3679 2294 3718 2.

142 3751 179 3780 ⁸⁹
208 3754 468 3796 Provinciae
501 3756 541 3795 2.
647 3749 956 3792 provincialis
987 3753 1029 3791 2.
1116 3748 1152 3775 ⁴²¹
1186 3750 1329 3791 ceteri
1362 3753 1403 3791 2.
1510 3749 1715 3803 legitime
1747 3752 1789 3794 2.
