2456 4264
229 337 263 392 5
281 335 298 392 l
315 335 349 393 8
854 354 1179 383 Eris'ronARvM
1202 354 1506 384 ossscvnmzvu
1525 356 1736 385 vmonvn

1269 479 1320 532 2.

750 596 828 646 Do
844 596 962 646 min
978 612 1046 648 us
1082 596 1407 646 Marcenus
1443 595 1841 647 Aneretimus

1058 691 1161 730 ante
1196 684 1351 731 decem
1389 697 1532 730 annos

807 767 1175 816 Baccalaureatus
1213 769 1259 814 in
1296 770 1450 830 quieta
1486 771 1781 830 possessione

960 853 1032 900 vel
1069 854 1199 915 quasi
1235 854 1290 900 ad
1325 853 1413 900 hoc
1451 861 1626 916 tempus
2405 869 2424 899 5

776 935 1030 986 Domino
1082 934 1375 999 Vullupio
1433 935 1830 988 Timanereto

998 1022 1214 1084 Magistro
1254 1024 1590 1084 Theologistico

881 1114 1009 1170 optat
1046 1121 1175 1154 omne
1211 1108 1327 1155 hene
1363 1110 1428 1155 ire
1465 1117 1512 1155 et
1547 1111 1722 1157 vehere.

364 1225 610 1285 Postquam
648 1223 784 1270 radiis
822 1221 1057 1269 oculorum
1096 1237 1299 1269 meorum
1338 1223 1553 1284 epistolas
1594 1230 1695 1271 tuas
1733 1224 1932 1286 perlegi,
1982 1223 2108 1271 valde
2143 1238 2214 1270 me
2251 1226 2370 1286 gavi·

226 1312 304 1343 sus
340 1310 464 1347 sum,
504 1294 610 1356 quia
646 1294 753 1345 vidi,
793 1293 914 1355 quod
948 1301 1108 1340 noster
1145 1295 1314 1341 amicus
1350 1293 1496 1341 bonus
1533 1294 1642 1341 velit
1678 1295 1732 1341 de
1768 1309 1886 1342 novo
1924 1296 1971 1341 in
2006 1294 2153 1342 lucem
2178 1295 2286 1343 dare
2310 1295 2363 1342 li·
2380 1302 2422 1336 10

228 1375 346 1413 teras
384 1366 566 1412 illorum
604 1364 859 1416 clarorum,
897 1364 967 1410 vel
1005 1371 1056 1410 ut
1092 1365 1261 1411 rectius
1298 1364 1465 1417 dicam,
1505 1365 1686 1412 minime
1709 1380 1802 1412 non
1829 1365 2127 1413 obscurorum
2154 1366 2368 1413 virorum.

227 1439 396 1484 Tantus
443 1436 561 1481 enim
612 1435 658 1480 in
704 1435 793 1481 illis
842 1435 1084 1481 thesaurus
1130 1436 1398 1482 eruditionis
1445 1442 1489 1481 et
1536 1437 1742 1484 humanae
1790 1437 2020 1499 sapientiae
2067 1437 2200 1488 latet,
2249 1437 2373 1498 quod

227 1507 404 1570 quando
443 1506 546 1568 quis
582 1505 718 1551 vellet
754 1506 874 1553 illam
911 1520 1073 1568 capere
1109 1513 1156 1552 et
1194 1507 1428 1552 exhaurire
1465 1520 1566 1552 vase
1601 1507 1861 1555 intellectus
1899 1509 1992 1559 sui,
2033 1509 2213 1555 omnino
2239 1507 2372 1570 plane

229 1579 388 1625 similis
426 1584 546 1623 esset
584 1576 731 1628 illius,
771 1577 848 1638 qui
889 1582 1034 1623 totum
1070 1591 1193 1624 mare
1229 1577 1527 1629 Adriaticum,
1567 1578 1688 1639 quod
1723 1585 1830 1640 post
1866 1578 2056 1625 mediam
2093 1585 2272 1626 noctem
2309 1579 2375 1626 ia·
2425 1588 2429 1592 '

226 1657 321 1700 cet,
371 1647 550 1694 volebat
587 1649 768 1694 omnino
805 1662 943 1709 parvo
982 1647 1215 1695 cochleare
1252 1649 1501 1694 exhaurire.
1573 1649 1629 1694 Et
1673 1662 1758 1709 ego
1796 1663 2080 1710 summopere
2118 1651 2227 1697 totis
2262 1649 2428 1696 viri-15

227 1721 312 1766 bus
360 1719 470 1764 meis
517 1725 563 1763 et
609 1732 662 1763 ex
713 1725 810 1764 toto
858 1720 978 1765 serio
1028 1720 1231 1770 aestimo,
1278 1727 1331 1765 ut
1375 1719 1495 1765 hunc
1530 1719 1696 1766 librum
1733 1720 1894 1781 dignus
1931 1721 2012 1772 sit,
2062 1721 2183 1781 quod
2218 1734 2374 1768 omnes

227 1791 348 1836 illam
398 1803 498 1835 cum
545 1787 759 1835 ambabus
805 1788 1010 1835 manibus
1047 1789 1264 1840 habeant,
1315 1796 1360 1834 et
1410 1803 1589 1851 semper
1637 1804 1775 1851 super
1819 1784 1946 1837 illum
1992 1790 2176 1838 cubant.
2250 1792 2373 1838 Meus

227 1866 482 1923 praeceptor
507 1859 693 1905 antehac
719 1859 896 1905 solebat
930 1859 1100 1911 dicere,
1141 1860 1262 1920 quod
1287 1873 1380 1906 non
1406 1860 1631 1907 immerito
1669 1863 1752 1912 sit,
1791 1861 1913 1923 quod
1948 1861 2024 1908 hic
2047 1862 2162 1908 liber
2188 1876 2374 1924 suspen-

227 1933 357 1977 datur
394 1932 438 1976 in
476 1929 677 1991 patibulo
716 1931 862 1976 ianuae
900 1929 947 1975 in
985 1929 1152 1982 schola,
1192 1937 1244 1977 ut
1282 1943 1438 1977 omnes
1476 1931 1778 1978 scholaristici
1804 1931 1969 1984 vident,
2009 1933 2186 1993 quando
2213 1933 2374 1985 exient,

226 2002 296 2049 vel
341 2003 512 2047 intrent
558 2001 604 2045 in
651 2000 799 2051 illam,
849 2007 894 2046 et
940 2001 1121 2048 discunt
1156 2001 1308 2048 taliter
1345 2001 1546 2049 scribere
1593 2009 1638 2048 et
1686 2002 1838 2050 taliter
1882 2003 2098 2064 loquere:
2149 2004 2204 2051 Et
2247 2018 2374 2051 meus
2389 2011 2431 2043 2⁰

226 2079 484 2134 praeceptor
520 2069 584 2116 ita
623 2084 800 2133 semper
835 2070 1074 2133 loquebat,
1113 2079 1158 2118 et
1195 2072 1394 2125 dicebat,
1435 2073 1557 2133 quod
1593 2073 1753 2120 melius
1779 2080 1876 2126 est,
1913 2074 1986 2121 his
2011 2074 2141 2127 viris,
2180 2075 2258 2136 qui
2283 2089 2375 2121 non

227 2144 414 2190 fuerunt
451 2141 603 2193 stulti,
641 2142 747 2189 licet
783 2142 1025 2189 voluerunt
1061 2144 1204 2204 magis
1242 2145 1288 2190 in
1324 2143 1484 2191 umbra
1520 2158 1726 2196 manere,
1764 2159 1897 2206 quam
1934 2160 1959 2191 a
1984 2144 2088 2192 Sole
2123 2145 2375 2198 clarificari,

228 2214 382 2275 sequi,
430 2226 564 2274 quam
602 2212 883 2260 Ciceronium
931 2220 1009 2260 aut
1045 2214 1295 2275 Virgilium.
1367 2214 1511 2262 Verba
1556 2216 1672 2262 enim
1711 2230 1791 2262 sua
1827 2229 1920 2262 non
1957 2223 2064 2262 sunt
2099 2223 2191 2263 tam
2227 2218 2378 2278 gravia

229 2298 361 2345 quam
399 2284 552 2330 Cicero
599 2291 645 2330 et
681 2283 921 2345 Virgilius,
974 2291 1019 2331 et
1066 2292 1215 2331 tamen
1262 2287 1395 2332 etiam
1442 2285 1605 2332 melius
1649 2285 1879 2348 clangunt.
1952 2286 2070 2348 Ergo
2118 2302 2210 2334 non
2245 2288 2377 2349 potui

228 2356 464 2406 intermisi,
502 2360 555 2401 ut
591 2356 691 2416 ipso
729 2355 851 2402 bono
888 2362 1050 2402 nostro
1088 2357 1230 2403 amico
1267 2355 1616 2417 gratulationem
1653 2357 1835 2408 faciam.
1875 2372 2008 2419 quam
2033 2360 2120 2406 iam
2146 2359 2429 2405 imitaturz²⁵

634 2426 788 2473 Amice
824 2425 966 2478 bone,
1063 2427 1141 2488 qui
1179 2441 1270 2474 non
1308 2442 1358 2474 es
1394 2420 1644 2480 nebulo‘ne,

635 2497 763 2544 Facis
799 2503 1087 2558 pergratum,
1186 2498 1306 2559 quod
1342 2511 1587 2559 puerorum
1624 2505 1780 2546 natum

635 2568 723 2614 Iam
762 2567 898 2614 habes
936 2582 1113 2620 curam,
1213 2576 1260 2616 et
1296 2569 1352 2616 ad
1388 2570 1549 2616 horum
1586 2584 1771 2617 usuram

634 2639 762 2686 Nunc
799 2638 1110 2686 obscurorum
1207 2642 1252 2686 in
1289 2639 1434 2688 lucem
1472 2640 1552 2688 das
1588 2642 1788 2687 virorum

636 2709 833 2756 Venusta
868 2711 1059 2771 scripta,
1099 2725 1200 2772 quae
1238 2711 1403 2758 docent
1440 2725 1493 2758 ex
1528 2711 1776 2773 Baralipta,
2390 2720 2432 2753 30

636 2780 693 2827 Ut
728 2787 799 2827 est
834 2777 1122 2827 scribendum
1218 2783 1305 2829 iam
1342 2783 1399 2829 ad
1432 2781 1611 2829 laudem
1647 2782 1921 2830 merendum.

634 2851 732 2898 Heu
769 2858 961 2912 quantas
998 2859 1151 2912 grates
1245 2852 1428 2900 illorum
1468 2853 1548 2900 tibi
1584 2861 1711 2900 nates

637 2922 825 2984 Semper
861 2921 1113 2974 debebunt,
1211 2924 1388 2985 quando
1426 2924 1606 2971 chartas
1642 2924 1893 2986 implebunt

638 2993 782 3039 Succo
821 2999 966 3039 atrato
1077 3001 1154 3040 aut
1191 2993 1331 3040 rubro
1369 2995 1672 3048 condensato,

637 3064 699 3109 'l'e
736 3077 946 3123 magnum
982 3063 1126 3111 virum
1221 3067 1490 3113 convincere
1524 3065 1747 3113 Perlirum
2391 3070 2432 3104 35

638 3134 745 3190 Quis
783 3133 1034 3180 dubitabit?
1131 3137 1337 3182 iuventus
1377 3143 1420 3182 te
1457 3136 1646 3189 amabit,

637 3203 691 3250 Et
726 3212 1001 3252 venerentur
1096 3208 1352 3267 quicunque
1390 3214 1434 3253 te
1471 3214 1744 3269 sequentur,

637 3275 746 3321 Nam
783 3290 875 3321 non
913 3283 984 3322 est
1019 3291 1155 3338 grave
1250 3278 1329 3324 sed
1366 3278 1572 3325 amodum
1610 3292 1829 3340 persuave

640 3347 782 3392 Tuum
819 3346 1048 3403 Latinum,
1146 3349 1268 3408 quod
1303 3348 1509 3410 loquitur
1545 3348 1777 3396 Ortvinum

639 3415 694 3461 Et
728 3430 819 3463 non
857 3418 999 3463 invito
1096 3418 1367 3479 intelligitur
1401 3421 1508 3466 cito,
2390 3423 2433 3456 ⁴⁰

644 3487 710 3531 Tu
746 3500 793 3532 es
829 3487 1055 3534 Atlantem
1152 3489 1367 3536 basimina
1403 3490 1665 3537 fundantem

640 3555 826 3617 Linguae
862 3557 1056 3610 LatInae‚
1153 3567 1200 3606 et
1236 3562 1325 3607 scis
1361 3561 1639 3622 loquendum
1674 3560 1777 3607 fine.

643 3626 709 3671 Tu
744 3634 899 3687 portas
935 3629 1122 3676 fundum
1216 3632 1459 3678 Doctorum
1495 3632 1542 3678 in
1578 3632 1699 3679 hunc
1734 3633 1970 3684 mundum,

349 3805 367 3832 ²
395 3806 539 3847 Marc.
561 3802 714 3859 Auen]
745 3805 801 3857 cf.
825 3807 968 3847 adnot.
1001 3809 1059 3848 ad
1087 3821 1153 3860 ep.
1177 3811 1216 3851 1.
1332 3808 1365 3835 ¹⁴
1397 3811 1515 3862 quod
1544 3824 1586 3864 p.
1619 3825 1675 3852 m.
1707 3823 1752 3851 n.
1782 3809 1926 3865 iacet]
1969 3813 2081 3852 lusus
2119 3811 2376 3866 quodlibeta-

239 3880 342 3917 rius.
405 3873 439 3901 ¹⁵
469 3887 639 3917 summo
672 3888 808 3929 opere
839 3877 907 3917 ed.
929 3889 964 3917 s.
986 3890 1025 3917 a.
1102 3875 1140 3902 ²⁷
1168 3877 1343 3932 natum]
1378 3879 1570 3920 natium.
1627 3878 1666 3907 ³⁰
1694 3880 1870 3934 Baral.]
1901 3881 1960 3922 cf.
1985 3883 2069 3923 art.
2094 3880 2372 3936 syllogismi.

239 3945 276 3972 ⁸⁵
306 3944 550 4001 Pcrlirum]
585 3946 644 3988 cf.
667 3947 751 4000 Ep.
773 3947 833 3987 II.
856 3945 925 3988 58.
1040 3945 1077 3972 ⁴²
1106 3944 1216 4002 fine]
1243 3948 1351 4000 sein.
