2456 4264
311 311 429 374 322
591 335 847 366 Pacci-:seve
871 334 1051 365 commu
1075 332 1402 380 snurmssn‘rvu
1424 332 1777 364 PAnnmsmnsn.
1810 318 1871 377 [A.
1900 331 1995 367 1514.
2016 323 2046 364 i.
2071 323 2101 364 f.
2113 317 2150 376 5³]

305 471 514 518 edicenda
551 481 803 529 quanquam
842 467 1070 512 exercitati
1108 467 1270 512 merito
1309 468 1399 512 sint
1436 467 1490 512 ab
1528 465 1735 512 omnibus
1774 468 2004 527 sequendi,
2042 474 2254 528 tanquam
2291 467 2322 512 ii
2361 467 2438 527 qui

305 541 452 588 omnia
491 540 635 585 sciant
673 536 715 584 &
752 537 861 582 nihil
902 538 1128 597 ignorent.

192 617 285 658 §.²9.
443 609 510 655 Ad
547 608 857 654 duodecimum
896 606 939 653 ἃ
976 607 1183 663 ultimum
1209 608 1262 653 de
1287 607 1534 668 privilegiis
1561 608 1808 654 ludaeorum
1832 607 2182 654 Alamannorum
2207 608 2439 668 respondit

302 695 350 727 se
385 680 567 726 credere
606 677 846 738 theologos
871 677 1204 723 Parrhisienses
1241 679 1483 724 nescivisse
1519 679 1607 723 hoc
1640 677 1939 738 privilegium,
1979 677 2022 725 ἃ
2046 679 2238 724 fortasse
2277 680 2314 724 si
2352 678 2440 739 ipsi

299 749 569 812 principales
607 751 676 794 sui
716 747 758 795 δι
795 748 981 795 aliarum
1017 750 1360 794 universitatum
1399 748 1637 795 facultates
1678 748 1948 809 theologicae
1993 757 2227 795 vocassent
2263 755 2341 794 aut
2375 749 2456 796 ci-t

301 828 471 868 tassent
507 834 705 881 unquam
742 820 978 866 Doctorem
1015 819 1224 865 Ioannem
1261 819 1500 871 Reuchlin,
1553 826 1663 865 tunc
1700 820 1961 880 potuissent
1997 819 2072 865 illa
2109 819 2342 880 pr1vilegia
2377 820 2440 865 vi·

301 892 421 938 disse
460 890 503 939 ἀ
538 891 601 937 ita
639 892 915 937 contrarium
954 890 1290 936 determinasse.
2046 884 2054 892 “

185 969 281 1011 §.aa
442 961 588 1017 Quare
626 968 751 1022 petat

510 1046 558 1079 se
593 1030 635 1079 δι
670 1032 992 1078 sentimentum
1031 1031 1341 1078 parrhisiense
1379 1046 1403 1077 a
1439 1031 1660 1093 petitione
1697 1031 1938 1078 Gloriciaui
1975 1031 2144 1077 absolvi
2183 1046 2283 1077 cum
2321 1031 2440 1078 refu-

508 1103 635 1150 sione
672 1116 982 1164 expensarum.
1058 1102 1189 1149 Salvo
1227 1104 1327 1148 iure
1367 1101 1448 1149 &c

182 1203 279 1245 §,31‚
436 1188 526 1234 Nos
563 1188 706 1247 igitur
743 1187 1021 1234 sufficienter
1059 1187 1224 1233 auditis
1261 1187 1316 1232 ab
1362 1194 1556 1247 utraque
1601 1194 1730 1247 parte
1781 1188 2032 1249 propositis
2077 1186 2436 1249 allegationibus,

296 1257 569 1307 &terminis
608 1259 654 1303 in
690 1259 947 1304 huiusmodi
984 1259 1175 1318 negocio
1215 1259 1382 1303 servari
1421 1258 1584 1316 solitis,
1624 1258 1757 1305 etiam
1795 1260 1850 1305 ad
1875 1258 2211 1305 conclusionem
2237 1258 2282 1303 in
2307 1272 2441 1319 causa

292 1329 509 1377 inclusive
555 1329 754 1389 legitime
791 1329 929 1374 tentis
969 1327 1010 1375 δι
1050 1329 1323 1379 observatis,
1373 1328 1551 1374 tandem
1598 1329 1652 1373 ad
1699 1328 1965 1390 petitionem
2014 1329 2250 1390 utriusque
2297 1329 2456 1390 partis.-

294 1407 470 1447 matura
517 1400 840 1446 deliberatione
889 1401 1015 1460 prius
1064 1399 1337 1460 praehabita,
1387 1406 1476 1445 tam
1526 1399 1842 1460 theologorum
1894 1415 2027 1461 quam
2076 1400 2444 1461 iurisperitorum

293 1471 424 1519 nobis
462 1470 654 1518 consilio
693 1472 1046 1521 communicato,
1097 1477 1301 1517 nostram
1347 1470 1391 1515 in
1439 1471 1508 1515 his
1557 1471 1739 1531 scriptis
1793 1471 1978 1517 tulimus
2017 1469 2059 1517 ἃ
2096 1471 2456 1531 promulgamus}

294 1542 562 1589 sententiam
601 1540 882 1587 diffinitivam
920 1542 965 1586 in
1004 1541 1121 1587 hunc
1159 1543 1235 1602 qui
1276 1543 1483 1602 sequitur
1520 1541 1716 1587 modum.

179 1622 274 1663 §.32
364 1612 529 1659 Christi
566 1613 747 1658 nomine
784 1612 991 1658 invocato
1030 1626 1114 1672 pro
1141 1611 1357 1657 tribunali
1393 1612 1603 1658 sedentes
1639 1610 1682 1659 ἃ
1717 1612 1863 1659 solum
1901 1613 2032 1659 deum
2067 1627 2161 1673 prae
2197 1612 2340 1658 oculis
2366 1612 2445 1670 ha?

360 1683 534 1734 bentes,
573 1697 655 1743 per
692 1683 804 1728 hanc
841 1689 1042 1728 nostram
1082 1682 1350 1728 sententiam
1387 1682 1668 1729 diffinitivam
1707 1683 1987 1729 decernimus
2026 1681 2069 1730 ἃ
2095 1683 2370 1729 declaramus
2395 1682 2443 1731 iu

361 1768 493 1801 causa
531 1759 734 1799 vertente
771 1754 890 1798 inter
914 1753 1091 1798 Cutium
1118 1752 1421 1799 Gloricianum
1461 1767 1511 1798 ex
1550 1768 1650 1805 una,
1689 1760 1735 1799 et
1758 1754 1989 1800 dominum
2015 1753 2305 1800 Hackinetum
2332 1751 2455 1804 Cur}

361 1839 510 1870 sorem
547 1824 787 1884 praefatum
826 1823 1032 1884 partibus
1070 1837 1122 1868 ex
1158 1824 1322 1875 altera,
1372 1824 1425 1870 de
1465 1821 1508 1870 ὅτ,
1545 1838 1682 1885 super
1719 1825 1914 1886 quodam
1952 1826 2222 1871 sentimento
2259 1822 2456 1871 Parrhiffl

362 1897 578 1942 siensium
618 1894 936 1954 theologorum
975 1900 1131 1940 contra
1170 1894 1358 1941 Oculare
1395 1895 1629 1956 speculum
1667 1893 1710 1942 ἀ
1747 1897 1844 1941 eius
1881 1902 2085 1942 autorem
2123 1895 2239 1946 lato,

174 1975 272 2016 §.33.
433 1966 553 2027 quod
602 1966 776 2026 praefati
823 1965 1154 2011 Parrhisienses
1209 1965 1408 2025 theologi
1457 1966 1543 2012 hoc
1590 1963 1909 2012 sentimentum
1958 1966 2155 2026 indebite
2203 1965 2443 2014 temerari&

431 2036 584 2097 inique
623 2051 674 2082 ac
711 2036 878 2082 iniuste
914 2034 1326 2096 promulgaverint,
1374 2036 1635 2098 dictumque
1681 2043 1885 2084 autorem
1924 2037 2125 2083 Ocularis
2167 2037 2347 2098 Speculi
2385 2036 2441 2093 ili}

428 2106 551 2153 licite
591 2105 633 2154 ἃ
671 2107 890 2153 iniuriose
928 2107 1186 2153 notaverint
1222 2114 1358 2169 atque
1397 2107 1746 2159 diffamaverint,
1786 2105 1829 2155 ἃ,
1867 2109 2033 2155 iccirco
2068 2109 2308 2169 praefatum
2334 2114 2451 2171 senff

429 2178 664 2224 timentum
711 2185 924 2238 tanquam
971 2179 1193 2224 famosum
1242 2179 1340 2224 iure
1390 2179 1759 2239 supprimendum
1798 2177 1841 2226 ἃ
1875 2179 1930 2225 de
1978 2179 2124 2225 medio
2175 2177 2456 2232 tollendum!

428 2255 563 2310 atque
599 2249 704 2309 igne
742 2248 923 2310 publice
960 2249 1249 2295 cremandum
1290 2247 1333 2296 ἀ
1369 2249 1738 2296 comburendum.
1813 2250 1943 2311 Ipsos
1991 2257 2138 2296 autem
2180 2247 2435 2300 sentimeufl

428 2319 624 2366 eiusdem
663 2326 847 2366 autores
884 2320 939 2366 ad
975 2319 1201 2381 publicam
1241 2323 1571 2367 revocationem
1609 2321 1971 2368 condemnandos
2020 2335 2143 2372 esse,
2194 2319 2236 2367 ἃ
2273 2320 2438 2367 conde·

427 2405 656 2442 mnamus,
695 2405 796 2437 cum
834 2391 1066 2437 refusione
1106 2406 1401 2452 expensarum
1441 2407 1629 2452 quarum
1672 2398 1812 2438 taxam
1853 2391 1983 2438 nobis
2022 2392 2066 2437 in
2107 2398 2339 2452 posterum
2365 2392 2434 2438 re

428 2475 670 2508 servamus.

168 2613 264 2655 §.34.
429 2604 681 2649 Actasunt
716 2604 814 2650 haec
851 2618 991 2653 anno,
1031 2618 1184 2650 mense
1223 2602 1265 2651 &
1302 2604 1373 2650 die
1410 2604 1575 2666 quibus
1611 2621 1762 2667 supra.
2412 2603 2456 2638 ²³

390 2796 408 2823 4
436 2796 628 2851 nesciv.]
656 2799 768 2852 „qui
790 2798 942 2839 omnia
967 2799 1118 2840 sciant
1140 2802 1186 2838 et
1207 2798 1322 2839 nihil
1343 2799 1605 2853 ignorent”!
1684 2799 1701 2825 θ
1721 2799 1947 2841 Reuchlin
1977 2804 2084 2842 tunc
2106 2803 2144 2844 1.
2157 2804 2198 2843 2.
2275 2799 2291 2825 ⁹
2320 2810 2428 2858 unq?
2455 2827 2456 2857 1

280 2877 467 2908 mcum
500 2871 536 2911 1.
627 2866 662 2894 ¹⁷
692 2880 883 2909 cnms'n
915 2871 954 2909 1.
1042 2867 1079 2895 4⁹
1110 2881 1286 2910 CVTIVM
1317 2882 1643 2912 GLOBICIANVM
1673 2873 1713 2911 1.
1802 2883 2106 2913 lucinula-mvn
2137 2874 2174 2912 1.
2261 2869 2299 2896 ²⁰
2326 2882 2426 2924 par»
2455 2861 2456 2864 ¹

278 2938 360 2979 tib.
385 2952 440 2979 ex
470 2937 566 2992 alt.]
598 2942 648 2979 ut
677 2940 717 2989 ἓ.
741 2939 779 2982 l.
