2456 4264
46 272 103 306 51.
125 275 352 305 IOHANNIS
373 275 659 304 HBLFERIOH.
718 271 774 304 52.
798 277 1031 304 ΗΕΝΒῘΟΗΙ
1056 276 1312 308 SanUN‘rz.
1372 272 1429 306 53.
1453 278 1680 307 IOHANNIS
1706 280 2042 309 SCHLUNTZICK.
2076 257 2197 314 269

42 413 93 458 ct
125 407 306 456 tenetis
340 420 426 455 eos
462 407 513 456 in
549 421 729 470 magno
767 407 990 456 honore’.
1066 406 1206 456 Tunc
1245 408 1430 458 dixistis
1466 409 1610 467 mihi,
1650 411 1781 475 quod
1820 412 1883 460 ita
1922 411 2078 461 debeo
2118 429 2199 462 co-

42 507 282 558 gnoscere
330 492 528 556 quando
576 492 752 558 aliquis
808 499 881 543 est
934 493 1108 542 doctus
1163 492 1238 542 vel
1285 509 1399 543 non.
1474 493 1593 551 Quia
1644 498 1726 560 qui
1773 497 1982 546 honorat
2029 497 2197 555 libres,

15 577 253 643 ghonorat
287 578 434 627 etiam
473 579 715 628 scientias,
791 578 852 628 Et
899 583 1100 628 econtra
1140 579 1220 643 qui
1272 594 1369 628 non
1421 580 1631 630 honorat
1677 581 1854 640 libroS,
1908 585 2049 632 etiam
2100 599 2198 634 nou

11 647 250 712 'honorat
284 664 531 713 scientias.
608 664 666 713 Et
704 665 839 713 tenui
876 665 925 712 in
964 664 1115 713 corde
1155 679 1264 714 meo
1305 664 1396 714 tale
1435 665 1610 730 dogma
1641 673 1688 716 et
1715 667 1892 716 tenebo
1920 683 2008 732 per
2035 671 2197 719 omnia

0 747 322 814 ‘tseculorum
359 747 525 813 secula
564 750 735 799 Amen.
810 749 984 799 Datum
1025 751 1077 799 in
1115 749 1447 815 Neumberga.

1067 987 1153 1048 53.

578 1109 621 1157 (Ι
665 1105 1068 1167 Iohannes
1119 1104 1643 1167 Schluntzick

625 1219 969 1288 Magistro
1008 1219 1299 1273 Ortvino
1339 1219 1599 1273 Gratio.

171 1334 446 1400 Scripsistis
483 1335 602 1385 mihi
642 1338 833 1386 noviter
870 1351 1019 1386 unam
1067 1334 1279 1386 litteram
1330 1335 1468 1386 valde
1515 1336 1886 1403 ¹vituperativam
1937 1346 1985 1390 et
2032 1341 2194 1391 crimi-

0 1415 157 1474 &natis
191 1435 273 1470 me
311 1408 443 1486 quod
480 1421 786 1471 non-‘scribo
825 1421 964 1470 vobis
1002 1423 1250 1486 quomodo
1289 1427 1384 1470 stat
1420 1422 1470 1471 in
1509 1437 1655 1472 causa
1694 1423 1808 1473 fidei
1836 1440 1947 1475 cum
1975 1425 2194 1478 Iohanne

10 1503 286 1563 f-Reuchlin.
360 1506 422 1556 Et
458 1507 655 1572 quando
693 1506 790 1572 legi
827 1506 960 1556 illam
999 1506 1242 1565 litteram,
1282 1507 1351 1557 fui
1390 1506 1528 1558 valde
1566 1509 1719 1559 iratus
1757 1516 1806 1560 et
1843 1510 1970 1560 dixi:
2014 1512 2192 1571 ‘Quare

13 1591 202 1644 {scribit
236 1591 357 1642 mihi
393 1591 533 1649 talia,
584 1608 698 1642 cum
739 1608 830 1657 ego
869 1594 1044 1657 scripsi
1085 1595 1127 1643 ei
1168 1593 1290 1643 duas
1327 1592 1517 1643 litteras
1556 1600 1605 1643 et
1642 1610 1741 1644 non
1782 1602 1855 1644 est
1893 1596 2052 1647 adhuc
2091 1615 2193 1649 me-

12 1663 138 1739 &dius
169 1678 366 1733 annus?
404 1677 502 1728 Sed
541 1679 711 1728 nuncii
749 1694 850 1727 non
888 1685 1304 1744 presentaverunt
1330 1678 1447 1729 sibi:
1490 1680 1608 1743 quid
1636 1696 1727 1746 ego
1754 1697 1957 1746 possum
1984 1683 2193 1734 sacere‘l'

13 1744 92 1828 {Et
125 1763 316 1814 debetis
353 1764 476 1815 mihi
512 1764 721 1815 firmiter
760 1765 966 1815 credere
1004 1766 1134 1830 quod
1173 1767 1351 1830 scripsi
1390 1765 1526 1815 vohis
1564 1766 1880 1831 singulariter
1931 1774 1979 1818 et
2016 1771 2194 1820 articu-

0 1830 165 1938 §atim
201 1849 437 1916 quicquid
475 1852 611 1900 scivi.
687 1850 783 1900 Sed
828 1855 901 1900 est
938 1850 1067 1901 bene
1104 1851 1338 1916 possibile
1387 1851 1517 1917 quod
1565 1852 1733 1902 nuncii
1771 1868 1869 1902 non
1909 1862 2196 1918 presentant

14 1934 179 1994 vvobis„
253 1936 315 1986 Et
360 1937 598 2002 precipue
647 1938 826 2001 scripsi
873 1936 1011 1987 vobis
1049 1938 1180 2003 quod
1220 1937 1417 2001 quando
1456 1938 1663 2002 equitavi
1703 1955 1759 1988 ex
1801 1939 2045 1990 Florentia
2088 1957 2194 1991 ver-

10 2003 111 2094 }sus
146 2020 380 2080 Romam,
430 2029 548 2073 tunc
595 2023 644 2072 in
684 2024 757 2072 via
795 2025 962 2074 inveni
999 2024 1329 2074 reverendum
1368 2029 1558 2088 patrem
1599 2023 1822 2074 Fratrem
1863 2025 2092 2076 Iacobum
2133 2027 2193 2077 de

12 2102 381 2167 'ssfHochstratem
430 2108 718 2173 Magistrum
768 2115 992 2159 nostrum
1031 2114 1080 2159 et
1115 2109 1347 2174 hereticae
1395 2110 1646 2174 pravitatis
1683 2109 2056 2174 Inquisitorem,
2114 2129 2191 2162 ve-

11 2194 246 2245 ,nicntem
283 2209 344 2245 ex
381 2191 661 2251 Florentia,
713 2194 797 2244 ubi
850 2196 1128 2260 impetravit
1175 2194 1357 2259 aliquid
1411 2196 1459 2243 in
1511 2210 1659 2245 causa
1699 2202 1854 2245 vestra
1896 2213 1986 2261 per
2024 2214 2190 2263 regem

0 2277 258 2345 oFrancie.
333 2279 475 2331 Tunc
512 2280 734 2331 detracto
773 2280 904 2345 pileo
954 2297 1067 2331 meo
1116 2281 1215 2331 dixi
1266 2280 1427 2331 ‘Pater
1475 2281 1774 2338 reverende,
1828 2283 1942 2332 estis
1982 2282 2054 2332 vel
2093 2299 2191 2333 nou

34 2365 190 2418 estis?
228 2365 372 2417 Tunc
417 2366 674 2431 respondit
711 2366 833 2431 ‘Ego
884 2383 995 2418 sum
1044 2366 1128 2432 qui
1175 2365 1331 2416 sum’.·
1395 2367 1537 2416 Tunc
1585 2367 1682 2416 dixi
1732 2366 1843 2417 ‘Vos
1883 2369 1997 2418 estis
2035 2369 2190 2419 (lonii-

34 2466 123 2504 nns
157 2467 300 2504 meus
336 2452 570 2516 Magister
607 2457 779 2503 noster
817 2452 1027 2503 lacobus
1064 2452 1126 2503 de
1163 2452 1257 2503 alta
1298 2452 1475 2518 platea,
1515 2453 1778 2518 Inquisitor
1818 2453 2044 2517 heretica}
2084 2470 2193 2519 pra-

35 2538 216 2589 vitatis’.
288 2538 561 2603 Respondit
609 2539 744 2588 ‘Sum
794 2539 995 2604 utique’.
1072 2539 1133 2589 Et
1182 2539 1294 2589 dedi
1344 2540 1387 2589 ei
1436 2554 1636 2588 manum
1697 2538 1890 2589 dicens:
1935 2539 2008 2589 ’Ὀ
2057 2540 2193 2597 deus,

34 2624 282 2691 quomodo
327 2625 460 2675 venit
505 2625 635 2690 quod
682 2625 910 2675 inceditis
959 2641 1051 2691 per
1098 2625 1281 2691 pedes?
1327 2625 1413 2675 Est
1460 2623 1745 2674 scandalum
1795 2625 1923 2688 quod
1977 2624 2086 2675 talis
2124 2628 2195 2675 vir

0 2709 182 2762 §debet
204 2709 415 2776 pedibus
449 2711 554 2760 suis
591 2709 848 2761 ambulare
886 2726 977 2776 per
1015 2712 1239 2762 merdam
1279 2716 1327 2762 et
1363 2726 1454 2777 per
1491 2704 1678 2760 lutum’.
1754 2709 2025 2774 Respondit
2062 2713 2193 2776 ipse:

20 2795 101 2847 sbi
146 2797 197 2846 in
250 2795 482 2847 curribus
529 2802 578 2847 et
625 2795 675 2846 hi
726 2798 774 2846 in
825 2798 990 2862 equis:
1043 2813 1134 2846 nos
1182 2803 1345 2847 autem
1396 2798 1443 2847 in
1485 2797 1682 2846 nomine
1723 2795 1905 2845 domini
1944 2796 2193 2847 venimus'.

25 2879 140 2937 Dixi
174 2883 247 2933 ei:
287 2882 403 2933 ‘Sed
439 2898 574 2933 nunc
613 2888 686 2932 est
724 2898 901 2948 magna
941 2883 1099 2947 pluvia
1142 2888 1190 2933 et
1227 2881 1414 2946 frigus’.
1492 2882 1630 2931 Tunc
1670 2881 1845 2931 levavit
1883 2897 2056 2931 manus
2082 2896 2195 2931 suas

26 2967 92 3021 ad
118 2966 296 3019 coelum
322 2967 519 3019 dicens:
561 2968 787 3019 ‘Rorate‘
827 2968 933 3033 celi,
973 2969 1205 3035 desuper,
1247 2976 1294 3019 et
1332 2968 1491 3018 nubes
1529 2964 1700 3033 pluant
1737 2965 1950 3016 iustum'.
2026 2966 2085 3016 Et
2112 2982 2193 3016 co-

26 3054 176 3120 gitavi
212 3069 437 3105 mecum:
476 3052 534 3104 Ὀ
573 3054 710 3112 deus,
752 3070 850 3104 non
891 3060 965 3105 est
1002 3069 1179 3119 magna
1219 3054 1414 3105 miseria
1456 3054 1585 3118 quod
1627 3052 1735 3102 talis
1762 3052 1988 3116 Magister
2027 3058 2194 3102 noster

3 3138 183 3192 ‘debet
216 3138 404 3191 habere
440 3138 617 3189 malam
658 3140 943 3191 fortunam?
982 3147 1093 3192 ante
1133 3141 1257 3191 duos
1294 3156 1449 3190 annos
1489 3154 1580 3203 ego
1621 3138 1715 3187 vidi
1755 3153 1864 3187 eum
1906 3139 2070 3187 venire
2097 3138 2194 3188 llo-

24 3220 163 3299 }mam
191 3241 304 3277 cum
328 3223 487 3276 tribus
513 3225 667 3290 equis»,
707 3232 756 3275 et
781 3242 911 3276 nunc
939 3227 1068 3276 vadit
1093 3242 1184 3291 per
1210 3226 1394 3292 pedes'.
1471 3224 1531 3274 Et
1568 3224 1664 3273 dixi
1692 3225 1760 3274 ei:
1803 3221 1973 3273 ‘Vultis
2012 3238 2192 3289 equum

26 3312 242 3372 ‘netim‘P
280 3310 552 3375 Respondit
589 3312 693 3377 ipse
730 3314 965 3363 metrice:

28 3412 66 3442 ⁴·-
446 3397 539 3456 Qui
577 3396 695 3447 dare
733 3396 835 3447 vult
871 3396 1001 3455 aliis,
1041 3412 1139 3446 non
1180 3396 1328 3446 debet
1369 3396 1534 3446 dicere
1574 3393 1791 3445 ‘Vultis‘f’

36 3476 174 3609 {unc
210 3483 334 3534 dixi:
377 3482 487 3533 ‘Per
514 3482 677 3540 deum,
718 3483 892 3532 eximie
931 3482 1145 3538 (innume,
1188 3482 1291 3546 Ego
1318 3481 1476 3531 liabeo
1505 3496 1649 3531 unam
1679 3481 1963 3538 vacantiam,
2006 3487 2053 3529 et
2080 3495 2192 3544 pro-

147 3664 167 3694 ⁸
197 3683 222 3711 e
254 3671 295 3712 4.
315 3667 392 3713 bis.
482 3668 788 3722 Neumberga.
814 3671 853 3710 4.
868 3671 908 3712 5.
929 3672 1032 3722 puto
1064 3666 1392 3722 Nuremberga.

48 3719 64 3747 r
150 3736 171 3767 ἵ
198 3739 399 3781 Ioannes
431 3740 699 3795 Schluntzig
729 3745 768 3782 5.
886 3741 903 3766 θ
934 3740 994 3781 Μ.
1019 3742 1113 3781 4.5.
1147 3741 1231 3781 llic
1263 3746 1303 3781 et
1334 3741 1374 3780 in
1404 3754 1497 3794 sqq.
1521 3740 1726 3779 nonnullis
1765 3738 1953 3790 epistulis
1981 3735 2195 3774 salutandi

35 3780 217 3871 Μῶα
245 3814 450 3854 omittitur
482 3815 520 3853 -Ι,
535 3817 574 3853 5.
666 3813 683 3837 ⁹
713 3812 826 3853 lram
860 3814 899 3853 4.
935 3811 1067 3852 litera
1097 3815 1137 3852 5.
1237 3811 1271 3837 ¹⁰
1302 3812 1364 3856 10.
1387 3814 1426 3852 4.
1525 3808 1556 3836 ¹¹
1591 3810 1723 3850 litera
1754 3813 1792 3850 5.
1892 3806 1925 3832 ¹·''
1958 3822 1980 3845 e
2015 3809 2050 3846 -Ι,
2084 3807 2188 3853 '‘211“-

38 3880 117 3922 rln
144 3889 556 3935 praesentaverunt.
653 3882 683 3909 ¹⁷
715 3885 768 3925 F.
794 3886 890 3927 4.5.
980 3882 1013 3909 ¹⁶³
1044 3883 1105 3925 M.
1131 3885 1170 3925 4.
1183 3888 1223 3924 5.
1313 3882 1407 3924 her.
1433 3893 1492 3936 μὶ.
1518 3881 1681 3933 inquis.
1707 3883 1796 3920 45.
1892 3877 1928 3903 ²⁰
1960 3891 1982 3915 (ς
2018 3878 2054 3916 4.
2089 3890 2112 3927 'c'
2146 3877 2186 3914 5.

6 3957 11 3966 ’
39 3947 76 3977 ¹¹
103 3952 196 3995 Ma.
219 3966 292 3996 no.
317 3958 408 3998 4.5.
496 3954 583 3981 ²2²³
615 3955 708 3996 her.
733 3967 825 4009 pza.
853 3958 947 3996 45.
1036 3951 1071 3979 ²⁹
1105 3954 1210 3994 celsi
1241 3957 1282 3993 5.
1373 3952 1410 3977 ³⁰
1439 3952 1475 4006 ζ’]
1501 3967 1509 3992 :
1546 3955 1635 3992 al.5.
