2456 4264
171 179 248 235 88
470 199 564 227 ΙΟΑ.
589 197 901 226 PEPERICORNI
924 196 1152 224 DEFENSIO
1177 194 1358 223 CONTRA
1379 193 1587 223 FAMOSAS
1610 194 1653 222 Ο.
1678 195 1721 223 V.
1745 192 2017 222 EPISTOLAS.

168 333 322 380 multa
350 329 671 377 blandissima
708 327 829 374 milii
864 326 998 374 dedit
1031 325 1203 384 verba,
1235 325 1483 386 inquiens,
1516 337 1568 371 se
1602 323 1724 371 milti
1758 325 1811 371 in
1846 322 1938 371 lioc
1973 324 2173 382 neeocio
2197 336 2312 372 ven-
2359 361 2362 363 -
2415 350 2443 399 4]

169 422 331 464 turum
359 414 548 461 auxilio
577 425 672 458 non
709 413 862 458 solum
900 409 1056 457 verbis
1090 413 1137 456 et
1170 410 1384 469 scriptis,
1420 407 1511 455 sed
1532 407 1679 454 etiam
1710 406 1868 465 factis
1899 409 2020 456 velle
2048 409 2319 457 ostendere.
2406 395 2447 472 ,ξ”ῗ

170 500 243 546 Eo
269 502 430 546 autem
456 498 527 543 sic
549 498 770 554 loquente
789 493 1026 553 putabam
1051 493 1284 540 credulus
1316 505 1405 551 eqo
1434 505 1510 539 me
1547 490 1726 538 audire
1763 493 1992 551 anqelum
2021 493 2319 551 loquentem:
2414 474 2443 527 {-

173 583 391 630 Ceterum
439 578 663 627 dulcibus
702 578 803 624 suis
851 576 1008 623 verbis
1044 581 1091 623 et
1128 576 1286 634 factis
1324 577 1523 637 aperuit
1565 574 1688 623 mihi
1731 586 1820 622 cor
1858 588 2018 624 meum
2067 578 2135 624 ita
2173 578 2323 624 etiam

170 673 221 715 ut
255 666 347 713 sibi
376 663 541 711 omnia
577 666 767 709 secreta
801 673 908 707 mea
957 659 1018 707 de
1056 659 1228 717 Iudeis
1270 659 1720 719 manifestaverim,
1768 661 1989 708 nesciens
2036 673 2123 708 cor
2168 662 2356 721 ipsiuss

167 761 380 810 pravum
418 750 505 795 aut
539 745 671 807 quod
704 744 926 792 diabolus
961 756 1071 791 cum
1108 756 1163 791 eo
1201 744 1395 803 aliquid
1424 748 1549 791 esset
1598 747 1891 794 tentaturus.
1964 744 2030 792 Et
2062 749 2133 796 sie
2169 747 2324 794 amice

169 846 259 894 eqo
293 841 338 880 et
375 833 425 879 in
458 843 642 891 maqna
678 829 1030 888 familiaritate
1079 828 1158 886 (ut
1193 827 1458 889 opinabar)
1506 827 1569 875 ab
1607 841 1662 876 eo
1691 829 1897 887 recessi,
1941 828 2206 888 conferens
2249 842 2326 877 me
2401 838 2404 841 ’

171 919 241 966 ad
270 907 582 978 imperatoris
618 915 827 963 curiam.
905 912 1012 970 Qua
1052 912 1247 972 quidem
1283 926 1339 959 re
1379 913 1450 960 sic
1480 912 1697 971 fideliter
1729 927 1824 975 per
1853 927 1930 962 me
1964 914 2203 974 expedita
2228 927 2326 962 non

171 1007 243 1050 est
274 1002 395 1049 milii
419 1001 481 1048 ab
512 1001 595 1048 illo
631 1002 830 1047 servata
869 998 1019 1056 fides,
1051 1001 1104 1044 ut
1137 998 1302 1057 sepius
1338 996 1482 1056 infra
1521 997 1729 1046 dicetur.
1800 997 2113 1059 Quapropter
2139 999 2332 1060 perfidi

172 1087 320 1144 Judei
351 1099 454 1133 sese
488 1097 723 1144 suumque
752 1084 1004 1142 neqocium
1037 1093 1134 1128 non
1171 1084 1511 1141 neqlexerunt,
1527 1127 1531 1133 ,
1548 1087 1602 1130 ut
1634 1082 1758 1130 milii
1788 1084 1891 1131 suis
1923 1085 2124 1131 astuciis
2152 1078 2324 1132 occlu-
2346 1100 2382 1132 ιο

175 1172 347 1219 derent
377 1171 528 1228 viam,
570 1170 685 1216 licet
721 1181 776 1215 eo
818 1170 1035 1227 tempore
1069 1179 1227 1226 neque
1252 1167 1475 1228 pecunia
1510 1181 1667 1228 neque
1703 1169 1808 1216 ulla
1843 1167 1972 1216 bona
2018 1170 2089 1216 eis
2132 1169 2328 1229 potuis-

175 1261 282 1303 sent
323 1255 574 1315 suppetias
615 1251 775 1311 ferre.
849 1252 939 1299 sed
984 1253 1306 1312 imperatoria
1342 1251 1582 1300 Maiestas
1631 1254 1765 1301 misit
1803 1252 2074 1301 secundum
2109 1253 2330 1300 manda-

176 1345 275 1387 tum
308 1340 384 1387 liis
415 1337 809 1398 subsequentibus
846 1337 1018 1385 verbis.
1092 1336 1392 1397 Priusquam
1430 1341 1594 1386 tamen
1629 1337 1702 1385 ad
1734 1337 1863 1386 illud
1907 1337 2164 1385 deveniam
2180 1372 2194 1400 ,
2239 1349 2330 1397 eqo

176 1425 357 1471 humile
397 1422 662 1471 membrum
698 1422 899 1479 ecclesie
936 1427 1042 1480 tue,
1080 1426 1129 1469 et
1154 1434 1330 1469 novum
1367 1435 1594 1482 qermen,
1634 1434 1723 1471 oro
1753 1426 1899 1482 atque
1931 1421 2130 1473 obsecro
2164 1421 2329 1470 Reve-

175 1509 521 1556 rendissimam
553 1508 900 1567 paternitatem
937 1511 1070 1554 tuam
1108 1508 1159 1553 in
1199 1505 1388 1554 Christo
1419 1506 1562 1570 Iesu,
1611 1511 1844 1567 tuamque
1887 1508 1938 1554 in
1984 1507 2118 1554 omni
2144 1520 2329 1566 yenere
2347 1507 2417 1558 ιε’

177 1594 405 1640 virtutum
449 1592 665 1639 divinam
690 1593 858 1652 potius
891 1605 1038 1652 quam
1075 1592 1345 1639 humanam
1376 1593 1680 1653 ‘sapientiam
1715 1595 1764 1639 et
1793 1592 2024 1639 invictum
2056 1592 2212 1639 animi
2239 1603 2330 1638 ro-

176 1677 283 1739 bur,
335 1681 389 1724 ut
428 1689 503 1724 me
546 1677 776 1725 miserum
824 1690 920 1725 non
955 1678 1158 1725 deseras
1194 1676 1285 1724 sed
1316 1676 1378 1725 ab
1415 1677 1547 1724 omni
1594 1675 1930 1725 invadentium
1962 1676 2186 1737 periculo
2235 1675 2331 1724 de-
2383 1698 2385 1701 v

170 1761 355 1821 fenses.
2309 1754 2316 1758 ’

319 1845 360 1892 (Ι
396 1845 644 1893 Protestor
679 1847 846 1906 itaque
880 1846 972 1894 lzoc
1008 1848 1112 1894 loco
1147 1859 1318 1895 coram
1354 1846 1766 1895 reverendissima
1793 1847 2100 1909 paternitate
2135 1852 2220 1894 tua
2256 1859 2332 1895 me

175 1931 300 1978 nihil
332 1944 436 1978 esse
471 1932 773 1991 scripturum
804 1932 875 1978 ad
908 1933 1243 1992 cuiuscunque
1278 1932 1487 1980 hominis
1518 1929 1810 1991 infamiam,
1845 1931 1936 1980 sed
1969 1931 2158 1980 nudam
2195 1932 2330 1979 veri·
2345 1952 2393 1985 2⁰.

175 2020 320 2062 tatem
352 2017 473 2062 velle
508 2014 835 2074 manifestare
870 2021 918 2064 et
942 2029 1045 2078 pro
1076 2015 1228 2075 falsis
1262 2018 1308 2064 si
1339 2031 1442 2078 qua
1472 2021 1631 2066 essent
1658 2029 1846 2078 penam
1877 2018 2135 2065 sustinere.
2223 2016 2331 2064 Va-

176 2100 271 2148 leat
301 2098 519 2158 feliciter
555 2099 985 2149 Reverendissima
1006 2103 1293 2162 paternitas
1322 2105 1424 2150 tua.
1502 2100 1696 2160 Colonie
1733 2100 1890 2150 Anno.
1918 2098 1978 2153 af.
2011 2089 2090 2150 tui.

348 2255 390 2301 (Ι
426 2254 659 2315 Sequitur
695 2255 1050 2304 mandatum
1079 2255 1130 2303 S.
1159 2256 1221 2304 D.
1254 2256 1314 2304 N.
1340 2255 1764 2317 Imperatoris
1798 2256 2152 2305 secundum.

316 2366 414 2415 Nos
439 2367 818 2416 Maximilianus
843 2368 1012 2416 divina
1030 2368 1233 2427 favente
1257 2371 1514 2417 clementia
1536 2371 1716 2418 electus
1732 2369 1825 2417 Ro,
1847 2371 2117 2431 imperator
2140 2383 2334 2432 semper
2403 2400 2406 2403 -

177 2449 421 2511 Auqustus
446 2465 507 2500 ac
534 2452 809 2510 Germanie‚
836 2452 1111 2513 Hunqarie,
1139 2454 1410 2511 Dalmacie,
1433 2453 1636 2512 Croacie
1661 2458 1708 2502 el
1725 2468 1766 2506 c.
1801 2453 1917 2502 Rex
1936 2454 2201 2503 Archidux
2220 2454 2329 2503 Au-
2344 2466 2386 2499 25
2412 2511 2414 2515 v

176 2535 293 2592 strie
320 2535 427 2583 dux
445 2535 742 2596 Burqundie
756 2536 1033 2596 Brabantie
1062 2542 1109 2586 et
1127 2537 1293 2586 Comes
1308 2539 1582 2599 palatinus.
1602 2546 1649 2586 et
1666 2552 1707 2587 c.
1737 2540 2033 2587 nunciamus
2061 2540 2333 2588 reverendo

183 2616 338 2666 Urieli
361 2621 705 2681 Archipresuli
728 2621 1030 2682 MoquntinO,
1067 2624 1206 2671 sacri
1227 2622 1445 2672 Romani
1467 2624 1666 2684 imperii
1681 2637 1778 2684 per
1810 2623 2130 2672 Germaniam
2155 2624 2334 2673 archi-

85 2701 199 2757 34¹²)
221 2708 522 2754 cancellario
563 2713 727 2754 nostro
762 2702 964 2772 disslecto
997 2708 1163 2768 nepoti
1205 2713 1252 2755 et
1283 2709 1483 2756 electori
1509 2709 1728 2768 qratiam
1754 2712 1973 2756 nostram
2000 2708 2264 2768 Cesaream
2287 2714 2337 2758 et
2416 2739 2419 2743 >

185 2802 324 2837 omne
362 2790 551 2839 bonum.
641 2791 943 2839 Venerabilis
989 2791 1166 2839 dilecte
1215 2806 1366 2852 nepos
1407 2797 1457 2840 et
1494 2795 1700 2853 elector,
1757 2805 1846 2840 nos
1889 2805 2057 2842 sumus
2099 2795 2332 2843 certiores

173 2873 329 2938 facti,
369 2875 605 2935 quomodo
626 2875 777 2934 Iudei
800 2877 991 2936 passim
1027 2890 1120 2936 per
1156 2881 1374 2925 nostrum
1411 2879 1671 2938 imperium
1701 2879 1751 2925 in
1786 2889 1956 2926 eorum
1984 2880 2249 2940 synaqoqis
2272 2884 2412 2931 'et3⁰,

178 2957 494 3008 Bibliotheeis
527 2965 575 3008 et
615 2962 665 3008 in
699 2974 867 3009 eorum
903 2961 1128 3008 manibus
1163 2963 1351 3021 aliquos
1385 2964 1601 3020 fictos'et
1636 2964 1830 3011 inutiles
1866 2963 2014 3011 libros
2058 2969 2106 3011 et
2144 2964 2333 3024 scripta
2415 2950 2418 2951 ⁷

152 3028 414 3103 babeant,
461 3052 508 3092 et
557 3046 653 3093 illis
699 3049 904 3093 utantur
951 3057 1048 3092 non
1091 3047 1244 3092 solum
1293 3047 1344 3092 in
1391 3048 1733 3095 contumeliam
1777 3049 1825 3095 et
1858 3048 2153 3096 scandalum
2189 3061 2333 3103 sacre

182 3127 456 3186 Christiane
488 3130 631 3188 fidei,
675 3129 765 3176 sed
808 3131 953 3177 etiam
998 3135 1172 3177 contra
1214 3130 1364 3178 libros
1405 3136 1454 3179 et
1491 3136 1735 3193 precepta
1773 3131 1940 3194 Moysi
1978 3137 2026 3181 et
2056 3132 2333 3194 propheta-
2429 3194 2439 3204 ,

178 3225 315 3270 rum,
366 3227 458 3272 que
495 3218 656 3261 tamen
692 3215 885 3274 ipsimet
919 3213 1070 3270 Iudei
1100 3215 1306 3263 credere
1342 3220 1389 3263 et
1422 3216 1682 3264 observare
1731 3221 1983 3282 tenentur,
2030 3230 2149 3278 quos
2183 3219 2332 3265 etiam
2405 3222 2448 3279 ηιξ

180 3309 276 3344 non
313 3299 465 3356 solum
498 3311 529 3344 a
556 3298 658 3356 fide
695 3303 864 3346 nostra
904 3297 1186 3346 Christiana
1223 3305 1454 3348 avertunt
1462 3336 1476 3364 ,
1519 3302 1835 3349 verumetiam
1881 3303 1981 3351 illis
2017 3304 2081 3354 inf
2105 3314 2198 3350 sua
2229 3301 2386 3361 fiaeae

177 3381 392 3429 Iudaica
425 3383 620 3429 errores
650 3381 872 3447 faciunt,
904 3384 1145 3433 seducunt
1167 3397 1355 3445 quoque
1391 3390 1440 3433 et
1471 3385 1667 3444 hereses
1701 3391 1904 3435 movent.
1942 3388 1995 3435 in
2029 3386 2202 3447 quibus
2237 3398 2337 3434 no-
2413 3400 2448 3454 5

181 3465 251 3512 bis
278 3473 432 3526 prout
462 3465 737 3514 Romanum
774 3469 1120 3528 imperatorem
1155 3469 1314 3529 decet,
1359 3472 1648 3532 prospicere
1693 3472 1943 3531 conqruit,
1989 3475 2038 3519 et
2071 3484 2223 3532 super
2256 3470 2333 3518 his
2413 3461 2438 3476 ⁷

180 3550 315 3597 nobis
347 3555 395 3597 et
415 3549 506 3598 Ro.
543 3553 748 3611 imperio
779 3553 881 3610 fido
914 3552 1099 3600 Ioanni
1129 3554 1460 3614 Pepericorno
1495 3555 1768 3603 Coloniensi
1800 3560 2036 3616 tanquam
2072 3555 2332 3604 benedocto
2427 3603 2438 3622 ἢ.

180 3639 227 3681 et
260 3641 464 3695 essperto
501 3634 710 3694 Iudaice
742 3636 865 3694 fidei
899 3641 947 3685 et
981 3638 1218 3686 librorum
1255 3638 1420 3700 Moysi
1461 3643 1510 3686 et
1552 3639 1912 3700 prophetarum
1961 3645 2127 3689 nostro
2169 3653 2331 3701 qene-
2359 3652 2362 3653 ’

294 3802 329 3828 ²³
363 3803 406 3843 S.
431 3804 487 3846 D.
510 3800 585 3856 N.]
606 3819 663 3838 Ξ
693 3804 975 3844 serenissimi
1007 3803 1175 3843 domini
1205 3805 1364 3845 nostri.
