2456 4264
16 304 41 361 ἦ
669 335 869 366 ona-vnn
889 334 1059 366 anun
1078 334 1311 365 nus-rom&
1328 334 1672 365 stomoma-rma..
2136 311 2260 370 405

30 462 38 497 ·’
102 460 113 478 ²
163 502 192 529 μ
244 472 246 474 ’
272 469 348 519 ad
379 470 598 521 vestrum
634 468 796 517 scelus
832 481 897 518 ac
932 468 1220 530 nequiciam
1261 480 1456 537 parum
1504 471 1598 517 aut
1632 466 1762 516 nibil
1811 466 1892 526 (ut
1924 460 2262 518 sacrosancta

8 563 13 566 ’
241 554 544 618 apostolica
580 556 820 615 testatur)
859 553 989 602 addi
1011 553 1202 615 possit,
1255 566 1342 602 vos
1379 553 1690 602 detestentur
1726 565 1898 602 omnes
1932 566 2132 603 necesse
2166 558 2255 604 est.

193 641 389 707 enim
423 641 720 701 experrecti
751 653 921 688 sumus
966 639 1020 687 in
1065 638 1255 687 tuenda
1301 639 1510 698 ecclesie
1555 639 1902 699 bonarumque
1947 640 2134 688 artium
2179 653 2258 688 re-

84 712 92 717 ’
170 726 182 791 j
216 727 229 738 “
255 738 315 786 a,
363 725 483 774 licet
525 724 900 773 cruentissimos
943 727 1106 782 vestre
1151 724 1450 772 temeritatis
1495 736 1560 773 ac
1603 724 1815 782 stultitie
1852 724 2030 772 dentes
2065 725 2260 773 evitare

77 853 84 863 ,η
104 799 119 819 ²
133 851 136 855 .
213 810 488 875 possimus,
529 807 769 858 Audacia
806 813 975 858 tamen
1014 813 1184 857 vestra
1220 821 1322 858 non
1358 809 1526 858 vincet
1558 810 1729 858 studia
1766 813 1959 858 nostra.
2038 810 2256 873 Gymna-

80 882 82 886 ’
119 878 147 968 ⁵·
166 938 184 945 ,Δ
213 898 377 949 ,certe
410 895 507 944 hoc
542 898 617 943 est
650 907 799 954 sacre
835 894 1084 954 theoloqie
1119 898 1169 942 et
1203 894 1345 943 bonis
1381 889 1608 958 arjltibus
1654 893 1926 941 admodum
1973 907 2249 944 accommo-
2271 899 2350 944 εδδ

135 1002 193 1054 ·.'
256 981 279 1030 .'
343 979 446 1030 Hic
478 992 745 1029 sacrorum
780 992 1060 1039 canonum,
1101 979 1326 1039 iurisque
1359 978 1521 1027 civilis
1555 978 1817 1038 maiestas,
1859 977 1960 1028 Hic
1983 978 2251 1042 Hypocra-

94 1101 183 1135 ,
214 1065 548 1127 Aesculapius
582 1068 632 1113 et
658 1065 877 1114 Galenus
910 1063 1112 1113 scholas
1147 1063 1350 1112 habent.
1387 1057 1398 1131 Ι
1427 1061 1561 1112 Sunt
1596 1075 1794 1124 quoque
1829 1063 1972 1124 apud
1994 1077 2085 1112 nos
2108 1077 2249 1125 eqre-
2271 1066 2349 1111 tub

198 1150 619 1201 scholasticorum
654 1149 1035 1209 conventicula,
1075 1152 1194 1197 sunt
1230 1149 1631 1198 doctissimorum
1668 1148 1894 1197 virorum
1929 1148 2099 1209 chori,
2139 1154 2255 1198 sunt

78 1246 90 1253 ²·
180 1267 198 1276 -‹
237 1238 401 1286 arum
435 1236 733 1296 linquarum
771 1234 1090 1283 disertissimi
1124 1235 1449 1296 interpretes,
1491 1234 1544 1282 in
1570 1233 1748 1294 quibus
1770 1234 1903 1282 mira
1926 1235 2255 1283 scientiarum

114 1310 152 1387 ζ’
203 1344 225 1364 a
241 1334 305 1371 as
335 1324 386 1370 et
419 1321 678 1377 immensa·
699 1320 1053 1369 doctrinarum
1090 1319 1226 1380 viqet
1253 1317 1581 1379 fecunditas,
1632 1318 1735 1367 Hic
1780 1318 1964 1367 ducum
1999 1320 2254 1369 comitum-

2 1395 10 1398 *
67 1399 165 1478 fs:
192 1407 643 1461 illustrissimorum
667 1418 770 1454 non
795 1405 1026 1466 vulqaris
1049 1405 1298 1465 eruditi0,
1339 1404 1440 1453 Hic
1454 1402 1854 1466 profundissimi
1874 1417 2022 1463 sacre
2046 1409 2096 1453 et
2120 1404 2254 1455 theo-

86 1475 117 1549 ’ᾖ
179 1519 210 1537 ψ
270 1492 504 1543 veritatis
529 1489 870 1553 professores,
912 1489 1012 1539 Hic
1048 1490 1324 1539 clarissimi
1356 1490 1620 1551 utriusque
1643 1490 1771 1538 iuris
1795 1491 2113 1551 interpretes,
2155 1490 2255 1541 Hic

78 1575 105 1585 ’
192 1600 195 1604 ·
224 1599 248 1616 1·
288 1579 309 1621 ⁵.
354 1577 603 1636 medicine
640 1576 877 1626 doctores
912 1576 1278 1636 expertissimi,
1324 1575 1423 1624 Hic
1460 1575 1742 1624 acutissimi
1773 1574 2063 1624 liberalium
2102 1575 2277 1637 (quasss

112 1662 285 1726 m)
321 1662 511 1713 artium
544 1662 796 1723 maqistri.
872 1658 1075 1710 Adsunt
1109 1665 1159 1709 et
1197 1661 1293 1709 alii
1325 1661 1378 1709 in
1416 1660 1646 1710 omnibus
1675 1658 1795 1720 fere
1831 1660 2137 1722 disciplinis
2136 1663 2253 1711 emi·-

359 1759 578 1810 ‚penes
621 1760 747 1809 quos
795 1746 927 1796 nibil
969 1747 1285 1807 simulatum,
1336 1746 1466 1795 nibil
1508 1748 1711 1806 fictum,
1763 1745 1893 1794 nibil
1937 1747 2071 1807 leve,
2125 1747 2271 1797 nihil

160 1777 595 1884 advnirandum.
677 1831 847 1882 Tanta
877 1830 1089 1894 fulqent
1123 1831 1180 1881 bi
1215 1845 1385 1881 omnes
1419 1832 1711 1881 constantia
1748 1835 1798 1880 et
1833 1832 2038 1892 virtute,
2079 1835 2135 1880 ut
2170 1845 2250 1882 eo-

230 1919 392 1970 tacita
432 1918 672 1980 qravitas
717 1922 768 1966 et
806 1918 939 1977 fides
985 1918 1050 1967 de
1095 1930 1397 1979 unoquoque
1431 1918 1699 1978 loquatur,
1749 1930 1910 1978 neque
1953 1918 2251 1979 cuiusquam

91 2005 114 2066 f
271 2026 274 2030 ’
321 2009 380 2055 ta
415 2004 668 2054 orationis
690 2008 940 2066 expectet.
1021 2001 1200 2053 Omnes
1222 2003 1440 2052 maximi
1462 2003 1646 2063 animi,
1686 2003 1867 2052 summi
1887 2003 2109 2063 consilii,
2149 2004 2248 2052 sin-

27 2110 34 2129 ⁴
86 2094 122 2101 “’
395 2090 675 2153 prudentie
710 2090 836 2150 viri,
879 2090 954 2138 ita
989 2090 1166 2149 etiam,
1209 2092 1265 2137 ut
1289 2086 1468 2137 Sixtus
1494 2101 1644 2150 papa
1682 2091 1898 2150 quartus
1932 2092 2100 2147 nostre
2137 2090 2248 2138 uni-

90 2228 95 2232 ,
225 2177 327 2227 atis
373 2176 530 2226 decus
572 2175 1028 2236 solidissimumque
1072 2175 1291 2223 omnium
1338 2174 1680 2235 inteqritatem
1717 2173 2125 2223 animadvertens
2160 2186 2247 2223 no-

136 2301 142 2308 .
187 2264 190 2266 ’
217 2262 471 2326 precipue
506 2260 799 2310 doctoribus
837 2273 1029 2310 omnem
1066 2259 1296 2319 hereseos
1322 2272 1426 2321 per
1449 2258 1771 2308 Alemaniam
1807 2259 2123 2320 iniquitatem
2158 2271 2246 2308 ex-

135 2389 137 2393 .
259 2361 369 2398 mm
405 2346 750 2396 demandarit.
801 2345 900 2395 hoc
936 2349 1104 2394 autem
1140 2345 1217 2394 ita
1252 2358 1359 2394 esse
1392 2357 1556 2407 supra
1593 2345 1645 2393 in
1681 2343 2121 2393 lamentationibus
2148 2356 2247 2406 pa-

0 2472 16 2521 h
65 2456 121 2501 μ’
151 2455 170 2460 ff
234 2431 407 2494 Quare
424 2428 429 2432 ’
442 2430 586 2492 felix
630 2431 904 2480 admodum
948 2431 1063 2493 ipsa
1102 2430 1313 2480 Colonia
1363 2435 1460 2490 est,
1520 2442 1634 2479 cum
1680 2429 1809 2478 tales
1862 2428 2048 2477 habeat
2091 2429 2243 2490 viros,

10 2552 16 2558 -
39 2587 43 2590 .
65 2541 72 2550 ·
152 2549 156 2558 ‹
278 2518 500 2568 maiores
533 2518 700 2566 nostri
723 2517 915 2580 priscis
949 2516 1256 2579 temporibus
1277 2529 1472 2566 summa
1497 2515 1820 2566 veneratione
1833 2515 2100 2577 prosecuti
2115 2512 2154 2574 f
2150 2515 2246 2564 uis-

0 2615 16 2659 ἢ
39 2603 91 2644 5*
223 2603 467 2655 Nolunt
501 2603 673 2666 itaque
709 2603 935 2652 obscuris
970 2602 1251 2651 bominibus
1286 2602 1509 2662 subesse,
1561 2601 1651 2663 qui
1683 2602 1885 2662 maqnis
1930 2601 2083 2650 etiam
2124 2601 2247 2649 viris

10 2700 15 2739 1
39 2690 92 2756 ⁵5«
145 2716 217 2733 w
252 2710 257 2717 1
299 2692 690 2749 consueverunt,
743 2687 938 2738 Nolunt
983 2688 1123 2737 vinci
1156 2688 1246 2749 qui
1279 2688 1512 2738 victrices
1543 2686 1671 2746 fidei
1703 2686 1906 2748 aquilas
1940 2698 2096 2735 manu
2123 2698 2246 2748 pre-

9 2778 226 2828 sm
303 2772 463 2825 Troes
503 2778 642 2834 sunt,
695 2771 874 2823 Omnia
921 2774 1031 2823 sine
1071 2771 1263 2823 Theseo
1309 2777 1594 2835 operantur
1638 2775 1688 2822 et
1722 2785 1865 2822 suum
1902 2771 2106 2820 tandem
2143 2771 2244 2820 Ro-

3 2860 212 2912 narni
239 2858 583 2910 Hannibalem
619 2858 823 2913 babent.
900 2857 943 2906 «1
980 2857 1133 2908 Nunc
1180 2863 1346 2908 autem
1399 2858 1470 2919 (si
1503 2859 1578 2908 ita
1614 2857 1759 2919 libet)
1807 2857 2112 2917 reverendos
2155 2869 2243 2906 no·

0 2954 25 3025 ἰ
61 2968 118 3013 31-
142 2958 173 3008 e
215 2945 561 2997 universitatis
605 2944 866 3007 theoloqos
915 2945 1218 2994 intueamur.
1294 2943 1669 3009 Sapientissimi
1713 2944 1904 3005 quippe
1955 2942 2057 2991 viri
2107 2945 2240 3002 sunt,

164 3058 170 3067 2
204 3031 260 3082 ἀι
305 3031 481 3094 aliquo
528 3031 769 3080 taxandi.
845 3029 978 3079 Nam
1018 3043 1125 3093 pro
1173 3029 1371 3080 Christo
1414 3030 1534 3080 Iesu
1578 3030 1849 3078 dumtaxat
1894 3031 1943 3076 et
1987 3027 2243 3077 catholica

173 3152 193 3179 ,
241 3115 308 3167 ab
354 3115 594 3177 hereticis
621 3116 761 3179 prob
798 3116 948 3166 dolor
985 3117 1088 3166 iam
1126 3116 1216 3165 diu
1245 3117 1378 3166 satis
1415 3116 1739 3178 impuqnata,
1789 3106 2118 3180 contra[que]
2161 3112 2241 3162 Io-

61 3228 86 3245 ·s
168 3223 197 3242 «κ
231 3224 235 3232 1
271 3200 522 3252 Beuchlin
557 3203 764 3264 eiusque
799 3202 1139 3252 intolerabiles
1178 3201 1259 3261 (ut
1284 3202 1453 3263 aiunt)
1493 3213 1718 3260 errores,
1761 3198 1966 3247 nimium
2004 3197 2125 3262 (pro
2141 3211 2241 3260 pu-

117 3288 189 3350 )
225 3287 534 3349 nimiumque
572 3286 654 3347 (ut
690 3288 830 3350 dixi)
869 3288 1077 3346 ecclesie
1115 3286 1223 3348 dei,
1265 3286 1610 3348 bonorumque
1649 3285 1891 3344 omnium,
1934 3287 1983 3332 et
2018 3288 2241 3345 quatuor

74 3371 337 3439 mis
370 3373 773 3423 clarissimarum
810 3372 1199 3422 universitatum
1235 3372 1533 3421 sentimento
1574 3366 1965 3439 [repuqnantes‚
2007 3369 2142 3418 velut
2165 3370 2239 3418 in-

3 3477 5 3482 ·
86 3512 90 3514 ,
129 3487 139 3495 -
159 3450 235 3526 ,]
274 3462 379 3509 tum
413 3458 621 3517 ecclesie
660 3451 872 3526 [totius],
912 3462 1017 3506 tum
1054 3456 1327 3519 apostolice
1368 3450 1614 3524 [tandem]
1653 3455 1786 3505 sedis
1821 3454 2004 3514 athlete
2029 3455 2100 3503 ad
2122 3468 2239 3503 san-

16 3552 17 3564 *
170 3568 176 3580 s
207 3564 238 3572 ‘s
303 3556 463 3606 usque
498 3543 915 3603 decertaverunt,
963 3541 1074 3591 Non
1111 3542 1340 3604 equidem
1379 3542 1432 3591 vi
1465 3542 1667 3603 aliqua,
1709 3553 1811 3590 non
1850 3540 1997 3601 dolo,
2038 3553 2138 3589 non
2164 3541 2237 3588 in-

16 3644 17 3647 *
101 3650 229 3691 31,
270 3641 373 3679 non
409 3629 642 3689 maliqna
679 3628 982 3689 intentione,
1026 3640 1127 3676 non
1163 3627 1300 3676 malo
1336 3627 1523 3688 corde,
1565 3640 1666 3676 non
1702 3627 1914 3675 sinistra
1939 3626 2115 3687 quavis
2137 3625 2235 3673 cir-

88 3715 91 3717 ’
129 3741 146 3749 -Ι
173 3739 197 3753 -ι
222 3733 226 3739 ·
274 3714 413 3763 tione
438 3713 542 3774 (ita
567 3726 659 3763 nos
684 3713 808 3764 deus
832 3714 1038 3763 adiuvet
1061 3717 1109 3762 et
1135 3725 1302 3763 omnes
1324 3713 1498 3763 sancti
1517 3714 1648 3775 eius)
1674 3713 1767 3763 sed
1788 3712 1944 3761 nimia
1960 3710 2231 3772 patientia,

3 3024 14 3038 ἔ

8 3041 65 3059 ..-

6 3066 73 3105 «4⁷

6 3108 25 3126 ·u

178 3906 214 3936 ²¹
245 3907 387 3953 decus
417 3913 456 3953 1.
489 3909 683 3965 gloriam
715 3913 757 3954 2.
852 3909 891 3938 ²⁶
919 3909 1182 3952 hominibus
1215 3912 1255 3952 1.
1288 3909 1625 3952 Reuchlinistis
1656 3913 1698 3951 2.
1806 3907 1844 3934 ⁸⁸
1874 3911 1966 3948 tum
1991 3927 2041 3934 —
2065 3909 2157 3945 tum
2192 3905 2229 3944 1.

33 4007 35 4009 -
73 3978 123 4021 οἱ
140 4000 195 4026 -,-
214 3982 263 4022 et
291 3982 335 4022 2.
421 3979 460 4009 ⁸⁷
490 3981 760 4025 decertarfit
788 3985 832 4025 2.
