2456 4264
202 277 321 336 390
600 300 983 328 LAMENTATIONES
1007 300 1314 327 OBSCVRORVM
1336 299 1782 330 REVCHLINISTARVM
1804 301 1951 330 NOVAE.

198 435 350 482 nam?
400 432 519 489 Quis
560 434 797 491 preterea
844 429 1122 477 istiusmodi
1162 429 1306 477 libris
1351 430 1743 491 impallesceret,
1796 433 1886 492 qui
1920 433 2225 480 severissime
2260 445 2349 480 nos

200 519 389 576 (sumus
425 515 552 562 enim
590 517 778 560 natura
817 525 985 560 omnes
1022 513 1092 560 ad
1127 514 1264 561 mala
1316 527 1466 574 quam
1519 515 1591 562 ad
1623 514 1754 564 bona
1784 517 2140 576 procliviores)
2190 520 2237 563 et
2272 530 2349 563 re-

198 602 462 659 darquunt
505 602 553 644 et
597 598 890 656 castiyant?
936 596 1308 646 Iucundissima
1354 599 1510 658 iqitur
1554 599 1804 659 leqamm,
1854 601 2132 660 eloquentie
2177 601 2351 647 saltem

190 682 415 744 flosculis
451 684 722 729 exornata.
803 679 934 737 Quid
970 682 1239 730 iucundius
1276 695 1428 742 quam
1454 682 1643 730 Ledam
1682 695 1715 729 a
1751 683 1873 731 Iove
1908 685 1960 732 in
1996 685 2163 744 specie
2200 685 2356 746 cyani

195 770 479 827 stupratam
518 778 661 814 ovum
690 765 975 826 peperisse,
1016 779 1083 813 ex
1120 779 1218 826 quo
1258 765 1459 825 Castor,
1512 766 1699 815 Pollux
1735 772 1783 815 et
1817 767 2014 815 Helena
2050 769 2161 815 nati
2194 769 2349 816 sunt?
2375 785 2396 816 5
2435 744 2456 796 ³.'

200 850 333 907 Quid
366 850 572 898 suavius
610 862 759 910 quam
796 849 1039 897 Iunonem
1077 849 1214 898 Iovis
1243 849 1409 908 fuisse
1447 855 1495 898 et
1529 863 1752 899 sororem
1790 856 1839 900 et
1874 852 2175 911 coniuqem?
2224 851 2356 908 Quid

195 935 547 983 admirabilius
583 947 732 995 quam
781 935 1022 983 Venerem
1060 947 1125 982 em
1162 935 1402 982 testiculis
1440 934 1546 993 Geli
1578 936 1630 983 in
1666 948 1808 1004 mare
1833 937 2078 997 proiectis
2113 937 2218 996 leqi
2229 949 2353 996 pro-

195 1020 459 1067 creatam?
510 1017 641 1076 Ouid
686 1019 889 1066 tandem
926 1016 1170 1076 festivum
1215 1019 1403 1079 maqis,
1454 1032 1606 1079 quam
1653 1019 1943 1081 Pasiphaen
1990 1020 2175 1068 Minois
2219 1021 2356 1080 reqis
2428 999 2456 1083 T}

199 1103 341 1161 Crete
379 1115 590 1152 uxorem
625 1101 842 1161 biforme
877 1116 943 1151 ex
973 1102 1146 1151 Tauro
1182 1108 1456 1151 monstrum
1484 1105 1781 1165 peperisse?
1821 1103 2001 1153 Omitto
2036 1105 2236 1165 reliqua
2261 1118 2356 1164 que
2444 1134 2449 1141 ‹

195 1188 241 1236 si
263 1200 514 1235 enarrare
537 1188 870 1248 contendero,
910 1201 987 1236 me
1009 1189 1073 1236 sit
1108 1189 1215 1236 dies
1252 1187 1559 1247 defecturus.
1645 1189 1862 1238 Valeant
1897 1190 2068 1250 itaque
2103 1190 2194 1249 qui
2226 1190 2356 1237 inter
2373 1203 2412 1236 10

201 1285 291 1321 nos
328 1272 587 1321 dissidium
624 1274 811 1322 volunt.
897 1273 1070 1321 Valete
1105 1277 1153 1320 et
1188 1286 1290 1321 vos.
1372 1272 1611 1333 Tubinqe.

1233 1477 1324 1538 38.

753 1604 795 1652 (Ι
841 1597 1193 1672 Georqius
1238 1598 1803 1656 Subbunculator

946 1709 1273 1772 Aqqrippe
1309 1710 1624 1774 Styqiano
1789 1711 1792 1714 ’

1156 1808 1228 1857 .S.
1257 1809 1313 1857 P.
1343 1809 1406 1857 D.
2377 1827 2415 1860 15

346 1918 384 1967 O
420 1920 710 1969 Ridiculum
746 1925 930 1982 caput,
971 1922 1059 1970 vix
1096 1922 1254 1970 tribus
1290 1921 1550 1985 Anticyris
1584 1922 1838 1984 sanabile,
1879 1923 2004 1984 quid
2037 1923 2161 1972 mihi
2198 1924 2261 1972 de
2286 1924 2360 1971 in·

197 2003 431 2063 ferorum
468 2006 662 2064 reqno?
709 2006 835 2066 quid
879 2006 941 2054 de
986 2007 1180 2067 campis
1227 2007 1421 2070 elysiis,
1472 2008 1535 2056 de
1570 2012 1874 2070 prepotente
1911 2009 2140 2057 Plutonis
2183 2021 2355 2067 manu,
2392 2066 2395 2070 Ι

198 2090 347 2149 lonqe
369 2090 567 2150 lateque
591 2090 642 2137 in
668 2093 803 2149 terre
828 2090 1097 2142 visceribus
1122 2090 1434 2152 dominante,
1475 2093 1574 2141 tuis
1610 2093 1682 2141 ad
1716 2106 1793 2141 me
1827 2093 2008 2142 litteris
2046 2093 2361 2141 disseruisti?
2449 2090 2454 2095 ’

200 2175 359 2222 Falsa
395 2170 511 2223 sunt
548 2188 642 2235 que
681 2175 744 2222 de
780 2173 965 2235 inferis
1000 2177 1210 2236 qarrire
1245 2177 1390 2225 soles.
1467 2176 1601 2226 Nam
1638 2176 1846 2227 Servius
1894 2179 1948 2226 in
1992 2182 2191 2225 sextum
2238 2176 2358 2225 Ver-

197 2259 314 2318 qilii
348 2257 541 2316 inferos
579 2264 731 2320 neqat
757 2264 978 2321 propter
1014 2261 1117 2309 eius
1155 2261 1459 2309 soliditatem
1485 2263 1537 2310 in
1562 2266 1737 2311 centro
1762 2266 1896 2322 terre
1921 2263 2174 2312 contineri
2186 2275 2352 2324 posse.
2373 2276 2416 2308 20
2448 2305 2456 2315 ,,

201 2343 466 2392 Lucretius
502 2345 653 2392 etiam
690 2345 853 2392 nullos
889 2358 993 2392 esse
1031 2343 1230 2404 inferos
1266 2346 1447 2394 cecinit
1484 2345 1580 2394 lzoc
1616 2347 1793 2395 modo:

540 2427 638 2485 Qui
668 2442 827 2490 neque
862 2434 977 2478 sunt
1001 2443 1237 2490 usquam,
1279 2443 1440 2490 neque
1470 2435 1678 2492 possunt
1713 2444 1818 2480 esse
1844 2429 2102 2493 profectO.

201 2510 288 2560 Sic
324 2511 650 2575 Pytbaqoras
686 2513 827 2574 apud
865 2511 1093 2562 Ovidium
1131 2516 1314 2574 inquit:

541 2597 674 2655 Quid
708 2596 893 2661 Styqa,
937 2599 1062 2659 quid
1096 2599 1327 2647 tenebras
1362 2603 1411 2648 et
1445 2600 1650 2648 nomina
1688 2613 1822 2650 vana
1860 2601 2068 2661 timetis,

541 2681 806 2730 Materiem
842 2684 1044 2732 vatum?
1475 2748 1478 2750 -
2369 2702 2414 2735 25

203 2765 330 2823 Quin
367 2766 518 2814 etiam
556 2766 770 2816 Marcus
811 2766 1003 2816 Tullius
1040 2769 1092 2816 in
1131 2769 1362 2817 oratione
1388 2782 1493 2831 pro
1531 2769 1758 2819 Cluentio
1791 2768 1936 2829 falsa
1986 2784 2115 2830 esse,
2164 2784 2259 2831 que
2297 2771 2360 2818 de

202 2849 382 2909 inferis
416 2851 719 2911 traduntur,
762 2852 1105 2901 indubitanter
1141 2851 1389 2912 affirmat.
1446 2912 1452 2917 ..
1464 2851 1682 2903 Stultum
1718 2859 1791 2903 est
1827 2868 1950 2916 erqo
1961 2892 1977 2916 ,
2019 2869 2048 2903 o
2083 2856 2247 2915 stulte,
2285 2855 2358 2903 in-

202 2939 345 2982 certa
372 2948 477 2997 pro
507 2937 666 2986 certis
702 2936 912 2996 habere,
955 2950 1018 2985 ac
1049 2935 1195 2996 falsa
1222 2951 1328 2998 pro
1364 2939 1512 2987 veris.

118 3018 188 3071 2jb
547 3019 788 3077 Qualibus
824 3022 876 3069 in
912 3021 1127 3070 tenebris
1152 3016 1174 3087 ΙΙ
1199 3023 1319 3082 vite,
1362 3023 1663 3084 quantisque
1688 3023 1901 3085 periclis

539 3104 753 3165 Deyitur
788 3106 884 3156 hoc
919 3107 999 3165 evi
1032 3106 1378 3167 quodcumque
1413 3108 1520 3155 est?
2371 3126 2414 3159 ao
2446 3117 2456 3183 ’Δ

202 3187 248 3234 si
280 3200 380 3235 non
416 3193 530 3236 sunt
566 3188 737 3249 inferi,
778 3191 824 3239 si
856 3204 957 3239 non
993 3195 1111 3239 sunt
1145 3204 1311 3251 reqna
1337 3191 1603 3251 Plutonia,
1643 3193 1690 3240 si
1712 3192 1937 3254 Elysium
1974 3206 2038 3240 ac
2064 3192 2357 3255 bemeram

203 3272 350 3318 iuxta
386 3270 645 3333 babemus,
695 3275 818 3334 quid
853 3276 1057 3324 obsecro
1093 3275 1235 3324 nobis
1269 3277 1393 3336 crit,
1444 3277 1533 3336 qui
1565 3289 1687 3337 reqe
1721 3278 1819 3335 celi
1851 3281 2136 3338 contempto
2172 3283 2221 3324 et
2256 3278 2356 3325 vir-

200 3354 389 3403 tutibus
425 3356 639 3416 denique
676 3359 899 3408 omnibus
935 3361 986 3408 in
1023 3361 1232 3409 exilium
1268 3362 1454 3421 missis,
1496 3362 1628 3409 inter
1662 3374 1845 3411 saxum
1869 3366 1918 3410 et
1939 3374 2093 3411 sacra
2112 3365 2358 3424 perpetuo

201 3439 624 3488 lamentabimur?
670 3442 811 3491 Vale.

320 3617 334 3644 ¹
368 3616 461 3672 qui]
496 3617 556 3669 ,εἰ
584 3622 626 3659 2.

317 3687 352 3715 ¹⁹
384 3689 442 3729 ad
470 3689 583 3730 Aen.
608 3691 685 3731 VI.
709 3690 804 3732 532.
919 3690 953 3717 ²¹
985 3694 1116 3733 Lucr.
1139 3693 1195 3734 de
1225 3694 1277 3736 R.
1300 3695 1354 3736 N.
1376 3695 1459 3735 III.
1486 3694 1607 3739 1113.
1723 3693 1760 3720 ²²
1790 3695 1939 3745 Quid?
1970 3707 2119 3748 neque
2150 3698 2256 3735 sunt
2284 3707 2357 3736 us-
2429 3703 2435 3707 '

207 3772 341 3812 quam
370 3771 455 3800 nec
485 3760 616 3800 Lucr.
695 3758 730 3785 ²³
763 3759 879 3801 ovid.
902 3765 1007 3804 met.
1028 3762 1125 3806 XV.
1148 3763 1244 3803 545.
1267 3777 1333 3816 sq.
1411 3764 1447 3790 ²⁶
1477 3778 1558 3816 pro
1580 3764 1758 3806 Cluent.
1782 3764 1851 3806 71.
1873 3767 1913 3815 §-
1942 3765 2036 3806 171.
2112 3763 2148 3790 ²⁹
2177 3766 2352 3813 Lucret.

205 3830 260 3871 de
281 3830 336 3872 R.
355 3830 410 3873 N.
433 3830 494 3870 II.
519 3828 586 3871 15.
609 3842 674 3882 sq.
