2456 4264
515 313 899 344 nmmum-rmum
923 316 1229 346 ossscvnonvu
1248 317 1458 346 vmonvn
1485 301 1749 359 [VETERES]
2090 291 2210 351 355
2298 337 2302 339 -
2380 326 2384 330 ’

204 445 251 494 ,1[
284 446 434 495 Hunc
468 459 582 495 cum
619 448 879 496 recitasset
915 449 1198 510 dialoqum,
1248 447 1339 507 hec
1375 450 1611 497 continuo
1648 449 1802 497 verba
1837 449 2071 499 subiecit:
2123 449 2215 498 ‘De

59 530 254 595 poetis',
293 532 472 593 inquit,
517 532 680 580 ‘malis
715 538 763 581 et
790 535 1046 595 perversis
1081 538 1281 594 tamque
1307 535 1553 595 preclaro
1590 535 1788 583 nomine
1811 535 2033 596 indiqnis
2055 535 2213 585 solum

64 617 335 678 loquimur,
391 616 454 664 de
496 616 713 666 honestis
756 623 807 666 et
849 619 1161 680 sapientibus
1203 619 1330 668 mali
1370 619 1512 667 nihil.
1589 619 1693 668 Nec
1730 621 1945 682 aliquem
1981 620 2071 669 sub
2107 622 2214 680 celo

62 702 158 753 hoc
190 706 362 751 nostro
398 701 604 763 dialoyo
641 703 835 765 offendi
866 705 1103 753 volumus.
1180 703 1311 753 Nam
1349 706 1440 765 qui
1483 705 1686 753 tandem
1724 705 1927 755 obscuri
1958 707 2060 755 sint
2094 707 2210 768 viri,

29 799 56 848 j
404 788 738 836 Grammatici
767 795 987 849 certant,
1028 794 1076 837 et
1114 789 1282 838 adhuc
1317 789 1405 838 sub
1443 790 1608 838 iudice
1643 791 1706 839 lis
1741 789 1847 839 est.’

13 906 50 978 ι
72 873 196 924 Vale
229 885 297 921 ex
334 872 772 935 Constantinopoli
810 868 973 942 [sexto
1009 874 1135 923 Idus
1173 869 1490 942 Mahumeti].

15 1059 37 1112 ι
1086 1109 1177 1170 31.

13 1150 44 1271 ι
647 1237 690 1284 (Ι
734 1229 1134 1306 Stephanus
1178 1229 1623 1287 Calvastrius
1693 1292 1695 1294 ,

8 1310 46 1430 {1
731 1343 976 1392 Ioanni
1007 1344 1423 1393 Lucibulario
1461 1342 1534 1392 .S.

2 1447 47 1545 ἢ
201 1453 539 1506 obscurorum
564 1456 727 1506 indies
763 1471 1001 1507 numerus
1035 1459 1199 1519 mayis
1234 1459 1494 1519 mayisque
1530 1463 1762 1519 auyetur.
1839 1458 2089 1521 Inscripsi
2121 1470 2211 1508 nu-

21 1523 350 1602 swuster-tius
384 1542 550 1603 tabule
584 1547 753 1602 nostre
778 1548 962 1606 poetas
999 1545 1192 1605 aliquot
1227 1544 1368 1593 nobis
1400 1545 1708 1606 persimiles,
1750 1544 1839 1604 qui
1870 1557 1924 1592 se
1960 1546 2214 1594 invectivis

14 1610 418 1704 wotijfentaelssimos
451 1641 557 1677 esse
589 1629 883 1690 qloriantur
917 1634 966 1677 et
999 1629 1092 1678 hec
1127 1642 1300 1678 eorum
1336 1634 1453 1678 sunt
1501 1629 1732 1678 nomina.-
1778 1629 2030 1692 Hirpinus
2067 1630 2212 1679 Mur-

18 1717 28 1781 2
54 1713 199 1775 cada,
253 1707 556 1782 [Asmodeus
600 1708 920 1781 Harpalos,]
973 1715 1248 1764 Pultronus
1296 1714 1526 1773 Lurcho,
1579 1713 1812 1763 Bibesius
1857 1713 2206 1777 Sycophanta,

18 1802 28 1829 ³
60 1795 365 1849 Ollilambius
399 1798 1029 1862 Nebu10,Philocapnion
1066 1800 1324 1860 Iovianus,
1366 1800 1587 1849 Ioannes
1621 1798 1900 1861 Smoerpot,
1941 1800 2087 1850 Hans
2121 1801 2214 1849 Le·
2277 1790 2279 1793 ’

3 1843 328 1984 §iuerworsn
380 1886 570 1935 Grillus
606 1886 846 1948 Reptilis,
887 1884 1139 1934 Henricus
1175 1885 1496 1945 Haversaclc,
1548 1883 1940 1934 Stutsusmurius
1976 1886 2040 1934 de
2083 1887 2214 1935 cella

15 1950 282 2045 Jf-vinaria,
340 1970 593 2021 Cornutus
630 1971 968 2031 Bubularius,
1019 1971 1268 2019 Fatuinus
1314 1969 1570 2030 Schelmo,
1621 1970 1817 2038 Phyton
1867 1969 2209 2032 Serpentinus,

0 2055 304 2118 ,Georyius
340 2056 542 2117 Bestia,
584 2057 765 2106 Petrus
801 2055 1089 2116 Sclabbert,
1130 2057 1455 2105 Hermannus
1490 2054 1647 2115 Kals,
1692 2057 1992 2105 Ganimedes
2027 2057 2211 2117 iunior,

40 2127 278 2249 {Corielon
315 2140 584 2203 Silvanus,
625 2141 1037 2204 Sclampampius
1080 2141 1439 2202 Tellerleclser‚
1481 2139 1681 2202 Stilpho
1721 2141 2027 2190 Gnatonicus
2062 2147 2110 2190 et
2132 2141 2214 2190 Io-

41 2236 216 2276 annes
251 2221 544 2295 Dullcinus[,
584 2228 883 2276 Demodicus
921 2227 1231 2287 Codrianu3‚
1282 2226 1440 2275 Sinon
1481 2227 1736 2287 Grecista,
1793 2227 2002 2275 Faunus
2040 2227 2213 2275 Corni-

6 2321 178 2375 τιμον,
217 2316 267 2361 et
304 2310 481 2362 Ouidio
516 2317 664 2373 teste,

15 2407 17 2409 ’
307 2397 532 2447 Additur
567 2398 643 2447 his
680 2397 896 2462 Nyseus
937 2399 1322 2459 indetonsusque
1362 2397 1650 2461 Thyoneus,

311 2483 377 2532 Et
409 2497 522 2533 cum
559 2483 725 2543 Leneo
757 2484 974 2545 qenialis
1008 2484 1230 2532 consitor
1266 2497 1381 2544 uve,

309 2568 669 2633 Nycteliusque
706 2569 1001 2631 Eleleusque
1028 2582 1224 2631 parens
1258 2576 1306 2617 et
1342 2568 1530 2618 Iachus
1565 2573 1613 2616 et
1651 2568 1812 2617 Evan.

277 2642 280 2644 ¹
312 2655 523 2704 Gnosius
556 2654 882 2715 Ichnobates,
924 2654 1188 2717 Spartana
1222 2659 1373 2715 yente
1411 2653 1718 2715 Melampus,

0 2752 56 2788 as
318 2739 644 2802 Pamphaqus
678 2745 728 2789 et
763 2741 989 2790 Dorceus
1023 2746 1072 2789 et
1111 2738 1374 2799 Oribasus,
1418 2739 1645 2788 Arcades
1683 2751 1873 2800 omnes,

309 2825 773 2889 Nebrophonosque
807 2826 980 2875 valens
1015 2830 1063 2874 et
1099 2830 1222 2875 trux
1258 2838 1371 2875 cum
1409 2824 1598 2887 Lelape
1638 2823 1865 2884 Theron,

310 2912 582 2974 Hileusque
610 2910 772 2971 ferox
808 2924 972 2973 nuper
999 2924 1274 2973 percussus
1311 2911 1373 2959 ab
1412 2923 1567 2972 apro,

310 2997 379 3047 Et
414 2999 574 3048 niveis
610 2997 825 3057 Leucon,
867 3003 916 3046 et
950 2998 1082 3046 villis
1118 2997 1330 3046 Asbolus
1367 2990 1537 3063 atris].

64 3079 242 3132 Omitto
275 3084 498 3145 reliquos
533 3085 623 3146 qui
652 3096 790 3145 spem
826 3096 927 3131 non
964 3082 1170 3143 habent,
1220 3087 1269 3131 et
1313 3095 1525 3143 quorum
1574 3081 1747 3139 (sicuti
1780 3081 2068 3141 stultorum)
2107 3080 2213 3139 infi-

6 3167 194 3219 nm'tus
226 3173 300 3219 est
332 3182 584 3219 numerus.
660 3169 733 3217 Hi
765 3169 944 3217 bellum
981 3173 1162 3216 contra
1199 3167 1454 3228 theoloyos
1491 3168 1663 3215 acturi
1695 3171 1823 3215 sunt.
1904 3165 2030 3214 Nam
2069 3178 2213 3214 arro-

58 3253 256 3316 oantia,
295 3255 591 3315 temeritate,
632 3254 863 3303 convitiis
898 3258 960 3301 et·
982 3252 1303 3315 blasphemiis
1330 3265 1491 3314 pares
1526 3251 1622 3300 sibi
1645 3252 1808 3299 nullos
1831 3250 2030 3300 habent.
2096 3250 2219 3299 Noli

31 3334 219 3400 ιέοίην
242 3339 367 3402 plus
400 3354 526 3402 equo
562 3340 847 3388 lamentari.
926 3338 1037 3399 qu
1073 3339 1206 3387 inter
1240 3351 1425 3386 saxum
1462 3342 1510 3385 et
1544 3349 1745 3385 sacrum
1780 3341 1872 3397 3ιο,
1913 3342 1962 3385 et
1984 3350 2051 3385 ex
2068 3335 2217 3396 sonte

55 3408 388 3493 {Hypocrineo
422 3438 530 3475 sum
567 3424 874 3485 infatuatus.
926 3424 1050 3472 Vale
1086 3436 1153 3472 ex
1179 3422 1490 3471 Libetridum
1523 3422 1766 3483 spelunca
1793 3420 2159 3485 Nympharum.
2192 3417 2212 3486 ΙΙ

175 3603 194 3634 ⁸
223 3607 514 3664 grammatici
546 3603 647 3660 etc.]
676 3606 789 3648 Hor.
815 3610 902 3646 art.
924 3609 1047 3660 poet.
1069 3604 1137 3646 78.
1229 3608 1402 3646 nerant.
1426 3605 1468 3649 2.

75 3674 82 3686 ⁶
174 3677 211 3706 ¹⁸⁸
238 3678 368 3721 kalff.
390 3682 431 3724 2.
520 3678 554 3705 ¹⁹
586 3677 797 3732 syluanus
820 3680 860 3720 2.
938 3682 984 3718 et
1013 3691 1090 3719 om.
1114 3679 1154 3716 2.
1242 3672 1279 3702 ²⁰
1311 3674 1427 3717 ovid.
1451 3678 1556 3716 met.
1580 3675 1688 3717 1111.
1716 3674 1781 3740 ¹3:
1804 3674 1867 3719 15.
1888 3676 1970 3718 111.
1994 3673 2092 3717 208.
2114 3671 2211 3715 210.

0 3758 1 3823 ἰ
65 3734 163 3791 211.
183 3749 279 3794 213.
300 3749 399 3791 218.
484 3748 521 3775 ²⁹
551 3749 830 3790 Ecclesiastoe
862 3747 896 3789 1.
923 3747 986 3788 15.
