2456 4264
277 243 399 303 436
512 263 803 295 nocus'rRAm
825 262 1063 291 APOLOGIAE
1084 262 1135 291 11.
1158 260 1445 289 INFORMATIO
1468 260 1528 288 AD
1549 259 1808 289 LECTOREM.
1828 253 2156 291 u.Ava.A.1518.

272 400 393 446 hunc
439 408 580 456 usque
620 395 735 439 diem
781 395 949 437 auctor
993 393 1092 450 ipse
1128 393 1323 446 avertit,
1370 390 1593 449 capiendo
1640 391 1885 449 saqittam‚
1928 393 2012 438 sed
2057 406 2149 438 non
2186 391 2404 451 ponendo

271 473 446 530 siqnum
479 466 601 526 quod
634 464 792 523 impeti
824 461 1029 508 debebat.
1102 461 1198 517 Que
1234 462 1311 521 ubi
1331 460 1470 520 facta
1506 460 1806 521 cognovimus,
1844 476 1955 509 mox
1985 464 2098 509 illud
2129 463 2256 509 nobis
2291 464 2403 508 inci—

271 539 342 586 dit
378 538 670 585 horatianum

756 603 1042 648 Parturiunt
1076 606 1275 658 montes,
1305 605 1525 647 nascetur
1557 603 1777 648 ridiculus
1812 615 1929 648 mus.

267 679 471 726 Ceterum
490 679 540 721 ut
563 674 649 730 hec
666 675 804 720 latius
828 673 996 733 absque
1017 674 1297 719 contumeliis
1317 676 1364 718 et
1381 673 1601 731 convitiis,
1621 654 1879 732 sapientum
1903 686 2031 719 more
2041 686 2394 733 prosequamur,
2414 688 2433 720 5

266 749 387 794 Ante
424 750 520 792 tres
550 745 704 805 ferme
738 757 885 790 annos
921 744 1071 799 oblate
1106 743 1307 803 fuerunt
1340 758 1433 802 pro
1468 746 1632 789 nostra
1651 747 1798 803 parte
1823 746 2198 791 reverendissimo
2222 746 2400 790 domino

263 818 500 866 Cardinali
521 815 572 862 S.
597 816 783 862 Eusebii
801 815 1068 862 obiectiones
1097 815 1290 874 quedam
1314 818 1476 870 nostre
1510 817 1678 860 contra
1714 815 2014 861 alemanicum
2047 814 2282 861 consilium
2306 817 2401 861 sive

262 890 449 935 oculare
488 888 721 946 speculum
767 887 959 933 Ioannis
996 884 1245 942 Reuchlin,
1296 899 1411 945 quas
1452 885 1571 931 idem
1617 886 2023 931 reverendissimus
2060 890 2229 945 postea
2273 885 2399 932 nobis

261 960 436 1015 retulit,
485 970 534 1003 se
565 958 813 1003 tradidisse
858 957 1230 1003 sollicitatoribus
1259 959 1418 1016 partis
1460 957 1682 1013 adverse,
1730 969 1849 1017 quas
1885 960 2039 1002 tamen
2069 961 2180 1015 post
2217 957 2397 1016 lonqam

259 1031 376 1075 satis
411 1042 588 1075 moram
628 1024 713 1091 (me
736 1029 917 1088 pluries
949 1029 1015 1074 ad
1047 1027 1336 1073 Cardinalem
1390 1029 1644 1073 instantius
1686 1028 2030 1087 interpellante,
2078 1031 2134 1072 ut
2176 1029 2392 1086 quemad·
2415 1041 2452 1073 no

259 1100 438 1146 modum
474 1102 639 1145 nostra
675 1099 944 1145 tradiderat
976 1099 1270 1155 adversariis,
1307 1101 1376 1144 ita
1408 1111 1583 1158 quoque
1619 1101 1667 1144 et
1695 1110 1773 1145 eos
1805 1098 1932 1144 nobis
1964 1099 2250 1158 respondere
2272 1112 2392 1145 com-

252 1169 461 1231 pelleret)
497 1182 606 1230 eqre
641 1173 782 1230 atque
810 1169 1087 1230 difficulter,
1134 1182 1309 1216 necnon
1360 1174 1407 1215 et
1442 1170 1746 1216 mendicando
1782 1170 1872 1215 illic
1906 1170 2228 1228 impetravere.
2302 1169 2393 1215 Re-

256 1242 491 1302 sponsioni
520 1242 677 1300 itaque
708 1241 914 1293 illorum,
961 1242 1016 1286 de
1064 1255 1156 1299 qua
1200 1244 1247 1287 in
1286 1240 1372 1287 hoc
1417 1244 1579 1287 nostro
1616 1242 1836 1300 opusculo
1873 1242 2143 1286 mentionem
2173 1239 2388 1300 facimus,

255 1316 302 1358 et
336 1326 472 1372 quam
508 1311 584 1358 hic
618 1312 859 1358 libellulum
895 1312 1209 1371 appellamus,
1255 1312 1382 1357 nobis
1411 1313 1459 1357 in
1488 1312 1646 1358 eadem
1678 1312 1792 1357 urbe
1819 1325 1913 1371 per
1948 1311 2391 1357 Reverendissimum

253 1384 600 1439 communicate,
639 1397 749 1429 mox
782 1384 1102 1443 respondimus
1135 1387 1181 1428 et
1215 1384 1550 1442 replicavimus,
1581 1386 1863 1442 nostrasque
1899 1380 1969 1443 (ut
2003 1383 2071 1428 sic
2108 1378 2272 1445 dicam)
2309 1395 2384 1427 re-
2403 1394 2444 1427 15

250 1455 520 1514 plicationes
558 1454 703 1500 iudici
741 1453 991 1506 honorifice
1016 1456 1414 1514 presentavimus,
1462 1467 1550 1514 que
1597 1456 1736 1500 etiam
1771 1467 1923 1514 nuper
1957 1455 2004 1499 in
2040 1453 2232 1499 editione
2267 1453 2391 1499 libel-

254 1526 335 1571 luli
358 1526 569 1584 predicti
595 1526 759 1571 ultima
791 1527 953 1581 omisse
988 1528 1113 1571 sunt.
1187 1525 1519 1584 Responsionis
1549 1526 1694 1585 iqitur
1723 1526 1945 1585 predicte,
1984 1537 2066 1571 seu
2091 1523 2391 1580 Reuchlinice

252 1595 534 1656 defensionis
568 1599 736 1642 auctor
765 1596 838 1642 ille
872 1596 1092 1642 obscurus
1126 1591 1356 1658 (nimirum
1388 1598 1469 1655 qui
1499 1609 1662 1642 nomen
1687 1601 1735 1642 et
1761 1608 2014 1655 personam
2037 1608 2168 1642 suam
2201 1596 2391 1641 delitere

250 1681 354 1713 cum
392 1667 596 1713 obscuris
629 1662 780 1730 voluit)
819 1679 984 1713 mance
1018 1669 1219 1723 nimium,
1255 1671 1302 1712 et
1325 1669 1506 1713 omnino
1535 1667 1807 1727 imperfecte
1828 1668 2103 1728 opponentis
2127 1681 2222 1727 pro
2244 1671 2390 1726 parte

249 1743 413 1784 nostra
449 1738 722 1784 obiectiones
752 1740 934 1794 citavit,
970 1742 1025 1784 ut
1059 1750 1191 1784 nemo
1229 1739 1465 1784 dinoscere
1495 1742 1678 1798 posset,
1724 1741 1892 1784 contra
1929 1740 2039 1797 quid
2073 1739 2216 1783 aciem
2251 1748 2442 1793 suam—20

249 1811 531 1856 instruxisse
566 1810 816 1855 videretur.
891 1809 958 1854 Et
986 1811 1095 1868 quia
1130 1809 1214 1855 sub
1243 1811 1328 1855 tali
1351 1809 1535 1868 forma,
1568 1810 1878 1869 pluribusque
1905 1810 2010 1855 aliis
2043 1807 2114 1868 (ut
2138 1822 2287 1868 supra
2316 1810 2382 1854 di-

246 1884 372 1926 ctum
408 1878 496 1939 est)
530 1880 850 1926 obiectionibus
885 1882 1059 1926 nostris
1091 1881 1183 1926 sive
1214 1880 1612 1940 responsionibus,
1650 1880 2027 1940 reuchlinicisque
2057 1882 2195 1925 etiam
2231 1891 2384 1926 asser·

247 1951 463 2008 tionibus,
501 1963 690 1997 errores
723 1951 1031 1997 intolerabiles
1066 1950 1306 2011 utrobique
1339 1951 1647 2011 spirantibus,
1687 1964 1751 1997 ex
1777 1952 2028 2011 composito
2052 1953 2383 2011 pretermissis,

245 2024 374 2082 apud
401 2035 484 2068 nos
518 2024 565 2067 in
600 2024 750 2068 lucem
779 2023 983 2082 prodiit,
1023 2025 1286 2082 propterea
1332 2023 1398 2068 ad
1432 2023 1651 2069 honorem
1695 2023 1952 2068 dumtaxat
1985 2022 2095 2069 Iesu
2131 2022 2308 2069 Christi
2339 2027 2385 2067 et

243 2105 381 2149 sacre
413 2094 525 2152 fidei
556 2094 813 2151 tuitionem,
852 2097 899 2140 et
935 2093 988 2139 ob
1023 2095 1195 2140 nullam
1230 2094 1369 2139 aliam
1403 2107 1617 2151 causam,
1649 2094 1920 2154 opusculum
1954 2093 2041 2140 hoc
2073 2107 2239 2140 novum
2271 2106 2378 2139 con·
2397 2105 2440 2136 25

239 2164 459 2224 fecimus,
505 2166 581 2210 cui
616 2167 831 2210 meritum
875 2165 1092 2225 Apoloqie
1127 2166 1331 2221 secunde
1366 2165 1688 2225 inscripsimus
1732 2178 1918 2222 nomen,
1965 2169 2019 2211 ut
2065 2166 2112 2210 in
2149 2177 2200 2211 eo
2228 2165 2386 2224 palam

243 2237 575 2295 conspiciatur,
611 2248 757 2294 super
791 2250 878 2295 quo
913 2238 959 2282 in
996 2237 1191 2282 ecclesia
1228 2237 1303 2282 dei
1331 2240 1500 2282 contra
1530 2236 1805 2296 Capnionem
1841 2240 1889 2282 et
1924 2238 2020 2282 eius
2051 2237 2383 2282 innominatum

243 2306 532 2366 defensorem
566 2306 881 2366 belliqeretur,
916 2311 962 2353 et
997 2311 1051 2353 ut
1078 2309 1277 2367 optimus
1312 2309 1502 2367 quisque
1536 2309 1786 2368 intelligat,
1831 2321 1924 2353 non
1959 2308 2126 2363 invidie
2160 2308 2245 2353 sed
2275 2307 2387 2366 fidei

131 2374 261 2438 (3⁵¹³)
283 2390 474 2423 causam
508 2392 538 2422 a
562 2377 689 2423 nobis
723 2381 812 2438 aqi.
885 2378 1043 2424 Primo
1075 2380 1217 2439 iqitur
1249 2379 1495 2440 Capnionis
1523 2391 1707 2440 semper
1740 2393 1831 2438 pro
1873 2379 2023 2435 iudeis
2053 2372 2383 2443 prelmittimus

245 2449 571 2506 assertionem,
602 2461 702 2494 eam
739 2451 795 2495 de
832 2450 964 2495 verbo
1003 2451 1067 2495 ad
1101 2450 1310 2506 verbum,
1359 2456 1404 2496 et
1436 2451 1590 2498 eodem
1626 2451 1759 2497 modo
1803 2463 1890 2510 quo
1924 2449 2074 2506 Rome
2120 2450 2180 2495 ab
2216 2450 2379 2513 adver-
2396 2458 2438 2492 3⁰

244 2520 383 2563 sariis
420 2519 619 2565 exhibita
656 2526 746 2576 est,
789 2520 1120 2567 absolutissime
1164 2524 1433 2567 recitantes.
1509 2521 1686 2568 Deinde
1731 2522 2008 2582 opponentis
2043 2535 2140 2580 pro
2173 2521 2300 2567 nobis
2334 2522 2381 2565 in

246 2587 522 2648 Capnionem
553 2590 822 2637 obiectiones
853 2592 1131 2640 subiicimus.
1211 2593 1367 2639 Tertio
1412 2594 1526 2639 dicti
1554 2594 1743 2654 qarruli
1783 2596 1832 2638 et
1865 2594 2086 2652 pretensi
2125 2592 2382 2652 defensoris

244 2658 452 2719 (Ioannis
485 2662 691 2707 videlicet
725 2664 824 2708 sine
858 2663 1052 2724 nomine)
1089 2666 1286 2710 inermes
1315 2664 1606 2724 frivolasque
1632 2664 1945 2724 defensioneS,
1983 2675 2101 2724 quas
2130 2664 2380 2723 prestiqia-

241 2732 383 2777 tiones
410 2733 573 2791 potius
608 2746 665 2778 ac
701 2735 865 2788 nenias
900 2737 1207 2794 appellarem,
1253 2735 1367 2781 nihil
1409 2736 1679 2782 eruditionis
1711 2734 1911 2796 nihilque
1939 2747 2142 2794 prorsus
2169 2735 2380 2780 veritatis

240 2804 539 2848 continentes.
611 2803 708 2849 Nec
739 2806 919 2851 mirum.
993 2806 1084 2853 Hic
1112 2809 1228 2852 enim
1268 2808 1444 2866 triplex
1478 2807 1592 2854 ordo
1627 2806 1776 2863 Rome
1800 2808 1943 2867 prius
1972 2805 2070 2866 fuit
2094 2805 2374 2861 observatus,
2393 2815 2434 2848 35

240 2887 326 2931 quo
361 2874 408 2918 in
442 2873 513 2918 his
548 2875 655 2920 locis
683 2877 865 2921 minime
898 2876 1136 2924 observato
1171 2880 1360 2937 qarruli
1390 2879 1535 2924 solum
1571 2881 1707 2925 unius
1737 2877 1982 2938 strophas,
2032 2879 2201 2922 ceteris
2232 2878 2373 2922 omni-

241 2943 321 2988 bus
350 2945 549 2990 studiose
579 2946 808 2992 derelictis
846 2943 912 3010 (ut
950 2950 1078 3007 apud
1110 2950 1337 3008 simplices
1380 2954 1427 2995 et
1462 2951 1568 2996 talis
1596 2949 1792 3009 fallacie
1826 2951 2015 3009 iynaros
2050 2947 2257 2994 nonnihil
2282 2961 2375 3007 pro

243 3013 472 3071 Capnione
495 3019 650 3061 actum
687 3014 933 3080 videretur)
972 3020 1240 3079 imperfecte
1276 3023 1389 3065 satis
1422 3022 1678 3081 impressas
1713 3022 1912 3080 leqimus.
1986 3019 2128 3065 Hanc
2161 3031 2269 3079 erqo
2292 3021 2374 3064 im-

232 3089 479 3142 posturam
510 3086 583 3146 (ut
610 3089 754 3146 paulo
792 3093 903 3134 ante
937 3093 1112 3136 tactum
1147 3088 1232 3154 est)
1272 3092 1481 3137 dolenter
1519 3092 1697 3139 Christi
1723 3093 1884 3152 qratia
1925 3091 2232 3147 attendentes,
2257 3102 2374 3150 pre-

240 3154 411 3199 dictum
448 3157 650 3203 ordinem
683 3160 840 3205 ultimo
877 3163 1112 3218 omissum,
1151 3164 1198 3208 in
1232 3162 1322 3207 hac
1355 3167 1520 3208 nostra
1549 3163 1772 3222 Apoloqia
1809 3163 2121 3222 repetivimus.
2193 3159 2371 3216 Quarto
2389 3170 2429 3203 40

239 3228 395 3269 autem
427 3227 520 3272 loco
556 3233 602 3273 et
632 3231 788 3276 ultimo
821 3232 971 3277 iustas
1003 3247 1060 3278 ac
1089 3233 1202 3278 bene
1231 3235 1423 3279 meritas
1452 3234 1664 3294 Theoloyi
1689 3235 1736 3280 in
1761 3234 2006 3280 obscurum
2037 3234 2161 3279 illum
2187 3231 2371 3277 Reueh-

239 3296 439 3339 linistam
472 3302 832 3361 pretensumque
865 3303 1155 3363 defensorem
1191 3305 1539 3364 obiurqationes,
1577 3304 1919 3365 catholicasque
1951 3307 1999 3350 et
2033 3316 2170 3351 veras
2193 3305 2371 3349 omnino

237 3367 602 3425 impuqnationes
624 3371 874 3430 adiicimus,
907 3377 961 3419 ut
989 3373 1302 3421 huiuscemodi
1334 3379 1383 3422 et
1421 3378 1557 3422 taciti
1583 3376 1761 3436 quidem
1794 3374 2050 3436 defensoris
2079 3376 2371 3436 vaframenta

237 3436 530 3495 omnifariam
570 3440 836 3488 lacerarent
881 3458 937 3489 ac
979 3448 1339 3504 supprimerent.
1415 3447 1512 3493 Nec
1555 3451 1710 3494 tamen
1754 3451 1836 3493 tua
1881 3447 2129 3504 modestia,
2173 3446 2373 3493 benivole

236 3507 406 3563 lector,
446 3512 529 3553 aut
564 3513 706 3568 quivis
739 3514 863 3559 alter
897 3517 967 3560 vir
1003 3516 1169 3573 bonus,
1217 3517 1344 3562 nobis
1381 3523 1677 3576 succenseat,
1724 3519 1908 3578 quando
1943 3518 2068 3564 hunc
2096 3521 2369 3577 pretensum
2384 3525 2427 3559 45

233 3576 521 3637 defensorem
556 3594 680 3627 nunc
709 3586 963 3642 9arrulum,
1001 3600 1125 3631 nunc
1156 3587 1421 3647 sophistam,
1457 3589 1587 3635 modo
1618 3591 2009 3659 prestiqiatorem‚
2046 3589 2179 3635 modo
2214 3586 2367 3648 infra-

231 3652 460 3694 scatorem
496 3654 543 3695 et
567 3652 618 3696 id
647 3664 793 3711 qenus
827 3655 929 3700 aliis
956 3657 1208 3702 nominibus
1242 3660 1545 3717 appellamus.
1616 3661 1800 3705 Etenim
1827 3672 2082 3719 processus
2112 3659 2187 3704 hic
2208 3662 2369 3703 noster

232 3721 426 3779 aperiet,
465 3719 589 3766 dicta
618 3724 762 3782 ipsius
784 3729 932 3770 omnia
957 3726 1042 3781 hec
1074 3728 1278 3785 epitheta
1308 3733 1355 3772 et
1389 3730 1518 3788 lonqe
1544 3732 1719 3775 maiora
1744 3731 2079 3790 expostulasse,
2108 3731 2366 3788 presertim

229 3804 332 3836 cum
358 3790 493 3837 <nullo
527 3796 706 3840 nomine
735 3798 933 3854 proprio
979 3798 1026 3841 in
1066 3799 1401 3855 puerilitatum.
1429 3801 1612 3844 illarum
1648 3801 1844 3846 editione
1878 3802 2251 3860 conspexerimus
2284 3800 2364 3845 ba-

222 3863 470 3920 ptisatam.
548 3864 668 3909 Hinc
704 3866 930 3948 asbitrati
961 3881 1144 3924 sumus,
1179 3883 1208 3911 a
1242 3867 1435 3925 facture
1468 3883 1551 3923 sue
1587 3872 1761 3915 meritis
1784 3884 1887 3916 eum
1919 3873 2000 3930 qui
2022 3872 2178 3918 latere
2203 3872 2356 3927 voluit,
2375 3880 2420 3912 50
