2456 4264
251 244 372 302 234
837 265 1074 295 EPISTOLAE
1096 257 1403 294 onscvnouvu
1423 263 1634 293 vmonvu
1655 264 1804 293 uovAE.

248 406 295 448 et
322 413 424 460 per
458 409 760 458 consequens
794 398 996 442 erraret
1021 393 1249 441 Ecclesia
1285 405 1379 453 que
1414 392 1566 441 habet
1590 405 1695 453 pro
1729 395 1931 442 sanctis.
2008 392 2149 454 Erqo
2175 392 2394 456 Pfeffer-

249 485 379 531 lcorn
417 484 605 530 directe
640 483 712 527 est
746 483 926 526 contra
964 477 1041 524 ius
1079 477 1383 525 Canonicum
1419 481 1466 524 et
1504 476 1681 536 Civile,
1731 481 1913 525 contra
1948 478 2314 539 Imperatorem
2349 484 2398 527 et

250 567 465 627 Papam,
506 568 686 612 contra
725 561 1001 609 Ecclesiam
1038 565 1086 608 et
1110 559 1429 621 .Imperium’.

389 647 431 694 (Ι
466 644 760 710 Respondeo
799 642 928 705 quod
966 641 1058 706 hec
1094 641 1243 691 verba
1279 647 1394 692 sunt
1430 641 1693 699 limitanda,
1734 657 1945 707 quorum
1983 641 2089 693 talis
2126 644 2218 692 erit
2252 643 2393 694 intel-

248 731 401 780 lectus
439 729 570 792 quod
607 727 845 778 bellantes
883 741 994 776 cum
1033 727 1181 775 armis
1220 731 1266 775 et
1314 725 1545 776 vadentes
1594 727 1646 775 in
1685 740 1911 790 campum
1951 726 2260 776 committunt
2296 729 2428 777 cri-5

250 829 362 864 men
412 812 638 877 superbie
686 813 735 861 in
781 817 1017 876 quantum
1064 811 1168 859 sine
1219 810 1343 860 iusta
1392 824 1535 859 causa
1582 809 1687 859 aliis
1743 810 1926 859 faciunt
1978 811 2222 860 iniuriam.
2296 812 2394 861 Sed

250 898 444 963 quando
481 897 753 962 Imperator
792 901 839 945 et
874 895 1006 960 Papa
1045 899 1223 957 gerunt
1259 892 1471 951 bellum,
1521 899 1636 944 tunc
1681 895 1984 959 presumitur
2032 895 2164 959 quod
2209 895 2396 944 faciunt

249 997 340 1048 pro
379 982 660 1031 defensione
685 979 901 1045 Ecclesie
941 985 988 1029 et
1011 979 1235 1044 Imperii:
1275 978 1332 1028 et'
1359 979 1427 1026 sic
1465 977 1771 1028 Pfefserkorn
1808 993 1906 1027 non
1944 978 2261 1042 reprehendit
2293 995 2397 1030 eoS.

959 1120 1000 1168 (1
1048 1118 1310 1170 Octavus
1347 1117 1686 1168 ArticuluS.

389 1237 527 1286 Dicit
562 1235 934 1284 Reuchlinista:
979 1234 1307 1296 Pfefferlcorn
1356 1235 1528 1295 arquit
1563 1233 1931 1295 Imperatorem
1968 1233 2104 1294 quod
2137 1235 2388 1295 mentitur,
2411 1246 2453 1282 ιο

248 1323 368 1383 quia
404 1323 477 1370 sic
511 1321 686 1370 scribit
726 1318 764 1367 O
789 1319 846 1383 ij.
874 1322 1107 1369 columna
1131 1319 1180 1379 j.
1220 1323 1402 1367 contra
1439 1318 1711 1367 Reuchlin:
1753 1317 1882 1377 ‘Eoo
1917 1322 2097 1366 contra
2135 1318 2250 1366 dico
2285 1332 2395 1367 eum

246 1419 350 1454 esse
379 1406 690 1467 proditorem
727 1406 813 1453 dei
844 1410 893 1454 et
927 1405 1176 1453 hominum
1213 1408 1260 1451 et
1298 1403 1525 1460 Coesaree
1559 1402 1832 1451 maiestatis
1863 1402 2114 1463 perfidum
2148 1404 2395 1452 consulto-

246 1488 383 1538 rem’.
467 1489 531 1537 In
586 1489 665 1537 his
710 1489 871 1537 verbis
915 1493 1091 1550 aperte
1138 1492 1270 1535 tenet
1315 1487 1594 1548 oppositum
1644 1486 1960 1548 Imperatori
2001 1491 2051 1534 et
2096 1491 2243 1535 vocat
2285 1488 2396 1536 eum

245 1575 548 1623 mendacem.
626 1572 753 1630 Quia
791 1574 1019 1621 dominus
1054 1573 1331 1633 imperator
1366 1571 1420 1618 in
1446 1570 1676 1631 Epistola
1711 1583 1805 1620 sua
1830 1571 1901 1618 ad
1924 1571 2134 1632 Papam,
2175 1575 2224 1619 et
2247 1572 2396 1619 etiam
2446 1617 2456 1643 .-

247 1661 298 1707 in
334 1660 501 1707 multis
536 1658 792 1705 mandatis
828 1662 876 1705 et
912 1656 1336 1705 commissionibus
1373 1655 1611 1703 hincinde
1648 1659 1795 1703 vocat
1830 1654 2110 1703 Iohannem
2146 1655 2451 1704 Reuchlinls

243 1756 387 1791 suum
407 1743 605 1801 fidelem
630 1742 973 1789 consiliarium
999 1745 1047 1788 et
1081 1740 1430 1788 consultorem.
1510 1738 1763 1796 Quomodo
1800 1751 1923 1800 erqo
1954 1744 2120 1800 posset
2155 1740 2395 1788 maiorem

245 1826 601 1887 blasphemiam
634 1823 671 1884 s
667 1838 839 1884 acere,
881 1837 1030 1885 quam
1067 1835 1253 1872 vocare
1288 1836 1399 1871 eum
1435 1823 1760 1889 mendacem?
1809 1823 1952 1873 Unde
1987 1824 2397 1873 irremissibiliter

243 1910 426 1958 meruit
450 1922 638 1970 penam
674 1910 772 1966 lese
810 1908 1109 1956 Maiestatis.

386 1993 428 2039 (Ι
463 1991 757 2055 Respondeo
795 1991 924 2055 quod
962 1991 1053 2039 iste
1102 1994 1264 2038 textus
1311 1989 1683 2054 distinguendus
1731 1995 1831 2048 est,
1881 1995 1928 2041 et
1973 1991 2284 2055 punctandus
2329 1991 2394 2041 ita

246 2081 297 2124 ut
332 2075 563 2140 posthoc
589 2074 791 2124 verbum
833 2072 1124 2124 ‘Maiestatis’
1160 2079 1408 2139 ponantur
1445 2074 1543 2124 duo
1581 2080 1777 2138 puncta.
1853 2074 1974 2134 Quia
1999 2074 2238 2125 Reuchlin
2264 2075 2451 2126 fortezo

246 2164 319 2209 est
355 2159 508 2209 fidelis
546 2159 798 2209 consultor
834 2160 1148 2223 imperatoris
1184 2159 1233 2207 in
1271 2158 1372 2208 suis
1408 2157 1583 2208 rebus:
1622 2159 1706 2208 sed
1745 2174 1844 2209 non
1870 2159 1960 2209 ruit
1982 2159 2138 2210 fidelis
2162 2159 2396 2210 Iohannis

245 2243 582 2302 Pfefferkorn,
633 2249 687 2293 ut
731 2244 836 2309 ipse
875 2242 1053 2308 probat
1089 2242 1254 2292 multis
1291 2244 1607 2306 argumentis.
1683 2243 1745 2292 Et
1781 2257 1900 2308 ergo
1938 2260 2084 2294 nemo
2124 2243 2268 2294 debet
2304 2260 2394 2309 pu·

244 2334 347 2378 tare
386 2328 516 2393 quod
542 2328 786 2377 Iohannes
812 2327 1119 2377 Pfefferkorn
1158 2326 1374 2392 loquitur
1413 2333 1582 2376 contra
1621 2329 2000 2393 imperatorem:
2041 2330 2154 2394 quia
2192 2329 2296 2393 ipse
2323 2333 2397 2379 est

243 2411 401 2462 bonus
437 2412 730 2476 imperialis,
772 2418 825 2463 ut
862 2418 1067 2477 apparet
1102 2412 1153 2460 in
1191 2413 1293 2461 suis
1329 2410 1467 2461 libris
1502 2411 1757 2470 hincinde,
1797 2414 2058 2463 teutonicis
2096 2419 2144 2464 et
2179 2411 2355 2463 latinis.

989 2554 1030 2601 (i
1067 2552 1275 2602 Nonus
1310 2551 1646 2602 ArticuluS.
2406 2569 2448 2605 π

385 2668 519 2715 Dicit
554 2667 928 2715 Reuchlinista:
970 2666 1111 2723 Quod
1147 2668 1362 2715 omnium
1399 2667 1674 2716 maximum
1710 2672 1759 2716 et
1789 2668 2181 2728 yrandissimum
2217 2673 2265 2716 et
2296 2673 2392 2717 ter-

244 2751 575 2799 ribilissimam
612 2757 660 2799 et
695 2751 1127 2800 horribilissimum
1165 2756 1212 2799 et
1250 2752 1691 2802 diabolicissimum
1726 2757 1774 2800 et
1819 2751 2266 2812 infernalissimum
2302 2757 2388 2813 est,

243 2835 496 2884 Iohannes
532 2834 866 2897 Pfefferlcorn
903 2836 1232 2896 reprehendit
1268 2835 1465 2897 Papam
1501 2841 1549 2884 et
1575 2836 1795 2896 Curiam,
1838 2837 2156 2886 attribuendo
2191 2838 2261 2886 eis
2288 2837 2392 2885 Cri·
2438 2863 2443 2867 ·

243 2933 351 2967 men
385 2919 529 2978 salsi.
605 2919 692 2969 Sic
728 2921 856 2968 enim
892 2920 1068 2968 scribit
1104 2919 1148 2968 I.
1178 2921 1277 2982 iiij.
1334 2920 1578 2969 ‘Ceterum
1626 2922 1795 2970 omnia
1843 2921 1964 2982 hec,
2016 2921 2072 2969 id
2118 2926 2189 2970 est
2235 2922 2393 2983 ipsius
2423 2955 2454 2981 x.

243 3018 309 3051 ea:
346 3004 467 3051 urbe
511 3004 666 3052 Roma
703 3005 1114 3063 commissionem,
1155 3004 1318 3053 minus
1353 3005 1492 3064 iuste,
1534 3006 1681 3053 immo
1718 3005 2035 3053 iniustissime
2072 3006 2445 3065 acquisitarum

244 3087 459 3145 heretice
476 3089 753 3148 pravitatis
781 3088 1031 3149 Macister
1056 3101 1155 3136 non
1181 3090 1379 3137 curavit
1406 3085 1534 3138 .etc.’
1607 3088 1711 3137 Sed
1745 3089 1894 3150 Papa
1933 3090 2071 3138 dedit
2096 3091 2237 3138 illam
2261 3103 2390 3138 com-

243 3171 543 3218 missionem:
582 3185 704 3231 erqo
743 3172 938 3233 Papam
974 3173 1230 3233 vituperat
1265 3173 1518 3222 Iohannes
1555 3172 1913 3236 Pfefferlcorn,
1966 3175 2104 3234 quod
2136 3188 2236 3222 non
2273 3174 2393 3223 bene

245 3254 566 3301 administrat
603 3256 871 3304 iustitiam:
909 3257 1046 3316 quod
1080 3261 1151 3304 est
1186 3257 1259 3304 ita
1296 3257 1570 3316 hereticum
1608 3263 1662 3307 ut
1696 3262 1950 3306 mereatur
1986 3262 2089 3307 tres
2124 3255 2294 3319 iones’.
2390 3314 2393 3315 ⁷

387 3336 427 3382 (1
465 3335 780 3399 Respondeo:
819 3337 1123 3388 Pfefferkorn
1162 3354 1261 3388 non
1299 3339 1416 3389 dicit
1451 3340 1520 3389 ibi
1558 3340 1689 3405 quod
1714 3340 1844 3404 Papa
1881 3339 1958 3389 vel
1993 3341 2138 3391 Curia
2172 3341 2399 3392 Romana.

245 3419 424 3468 iniuste
461 3418 594 3468 dedit
631 3419 760 3470 illam
799 3423 1214 3473 commissionem:
1255 3423 1343 3475 sed
1368 3423 1469 3474 vult
1493 3423 1768 3489 intelligere
1793 3423 1925 3489 quod
1949 3423 2188 3476 Reuchlin
2212 3426 2443 3482 iniuste&

358 3630 429 3695 ¹q
453 3644 494 3682 4.
581 3640 762 3694 pfeffer.
785 3646 825 3682 5.
915 3644 932 3670 8
962 3657 987 3697 e
1011 3647 1051 3684 4.
1085 3658 1108 3685 e
1131 3649 1170 3686 5.
1260 3644 1296 3672 ¹⁰
1325 3646 1515 3688 Pfeffer.
1540 3652 1581 3690 5.
1672 3647 1705 3674 ¹¹
1731 3647 1771 3701 j]
1795 3661 1903 3701 pma
1924 3652 1965 3689 5.
2061 3646 2099 3675 ¹²
2128 3647 2322 3702 Cesaree
2344 3651 2386 3689 5.
2450 3550 2456 3635 Ι

311 3712 422 3752 ,Ita
451 3713 492 3754 4.
521 3711 595 3751 Ita
624 3714 665 3750 5.
743 3708 830 3737 ²¹²²
860 3712 1087 3754 Iohannes
1117 3715 1239 3755 Pfef.
1264 3718 1309 3770 5.
1385 3714 1422 3741 ²³
1452 3717 1518 3756 Io.
1540 3717 1641 3757 Pfe.
1668 3721 1708 3760 4.
1739 3720 1832 3771 pes.
1856 3723 1897 3759 5.
1977 3716 2014 3744 ²4
2042 3718 2268 3759 teutonici
2297 3720 2337 3760 4.
2347 3721 2386 3761 5.
2450 3709 2451 3713 ¹

246 3785 293 3823 et
320 3781 472 3823 latini.
495 3783 536 3824 5.
613 3779 659 3807 ²⁶·
663 3779 700 3806 ²⁷
731 3784 778 3822 et
807 3781 1189 3823 terribilissimam
1221 3786 1335 3824 omis.
1359 3787 1398 3826 5.
1478 3784 1515 3810 ²⁸
1544 3788 1608 3828 Io.
1631 3791 1671 3828 4.
1760 3787 1800 3841 Ι]
1836 3788 1852 3828 l
1884 3791 1922 3830 4.
1935 3792 1977 3828 5.
2065 3786 2134 3840 3
2123 3786 2451 3841 1iij.col.1.1

246 3850 285 3879 ³⁰
313 3848 480 3906 minus]
512 3850 648 3892 nimis
679 3853 720 3892 4.
731 3855 772 3894 5.
858 3849 894 3876 3²
924 3851 988 3893 Io.
1013 3852 1106 3904 pfe.
1132 3855 1171 3892 4.
1261 3851 1296 3877 ³⁵
1327 3854 1558 3895 Reuehlrn
1588 3860 1627 3898 5.
