2456 4264
190 230 306 287 102
475 250 569 280 10A.
595 249 909 279 PEPERICORNI
932 247 1164 276 DEFENSIO
1189 244 1373 274 CONTRA
1394 243 1602 273 FAMOSAS
1626 243 1668 272 Ο.
1691 244 1733 274 V.
1756 239 2024 271 EPISTOLAS.

184 384 363 443 officii,
399 383 489 430 sed
522 382 880 439 theoloqorum,
915 382 963 426 et
1000 380 1051 425 in
1082 377 1263 438 primis
1298 375 1429 424 sedis
1463 374 1748 434 apostolice,
1787 383 1879 431 que
1916 384 1948 417 a
1985 382 2194 430 corpore
2231 370 2334 416 vivo

181 468 389 531 putrida
413 464 745 527 proculdubio
781 461 1035 526 resecabit.

326 636 588 694 Postquam
623 630 970 691 prenominate
1013 628 1389 675 consultationes
1439 626 1521 684 (ut
1558 625 1631 672 ad
1673 623 1874 682 historie
1927 623 2338 670 continuationem

185 719 518 776 revertamur)
577 705 870 774 unaqueque
921 724 1140 760 seorsum
1196 711 1269 758 ad
1305 710 1711 770 qratiosissimum
1766 707 2014 755 dominum
2058 707 2339 767 episcopum
2360 723 2379 755 5

188 804 529 863 Moquntinum
569 803 830 858 venerant,
877 798 1007 845 misit
1042 794 1314 853 Coloniam,
1366 794 1448 841 ubi
1493 793 1685 851 habito,
1734 792 2021 850 siqnilicans
2055 790 2177 839 mihi
2211 790 2344 850 quod

185 901 276 949 eqo
312 887 535 935 deberem
571 898 647 932 me
683 883 754 930 ad
787 894 928 931 suam
962 881 1182 941 qratiam
1215 877 1474 938 conferre,
1510 878 1674 924 volens
1711 888 1787 923 me
1819 888 1931 924 cum
1966 875 2342 924 consultationi-

188 973 275 1020 bus
308 972 406 1019 illis
443 970 517 1017 ad
553 969 817 1028 Cesaream
863 967 1163 1014 maiestatem
1200 965 1403 1011 mittere.
1451 967 1499 1011 et
1533 973 1819 1022 quanquam
1854 960 1976 1009 mihi
2010 961 2093 1008 illo
2128 964 2344 1020 tempore

188 1057 385 1105 omnino
417 1054 509 1104 hoc
544 1058 668 1102 esset
702 1052 1065 1109 inconveniens,
1104 1062 1216 1098 cum
1242 1061 1450 1096 uxorem
1485 1052 1533 1095 et
1567 1046 1744 1095 liberos
1780 1058 1909 1093 meos
1944 1044 2163 1093 educare
2198 1049 2344 1104 atque

189 1143 326 1189 alere
348 1140 643 1201 conveniret,
681 1136 845 1185 Etiam
870 1148 982 1184 cum
1005 1147 1156 1183 essem
1172 1137 1383 1194 propter
1407 1132 1590 1192 Iudeos
1611 1132 1663 1179 in
1689 1131 1922 1179 continua
1951 1142 2077 1178 cura
2103 1130 2201 1178 mei
2219 1142 2339 1177 cor-
2359 1143 2398 1176 ιο

183 1227 324 1287 poris
348 1230 395 1272 et
426 1226 531 1282 vite,
572 1228 734 1270 tamen
770 1222 821 1268 in
856 1220 1088 1268 honorem
1127 1219 1467 1280 omnipotentis
1503 1216 1586 1264 dei
1618 1219 1666 1263 et
1700 1214 1900 1263 laudem
1932 1214 2138 1274 virqinis
2173 1212 2342 1272 Marie
2409 1253 2412 1255 .

189 1316 236 1358 et
269 1310 339 1358 ad
373 1320 673 1357 communem
710 1306 963 1354 utilitatem
1003 1304 1277 1362 Christiane
1311 1303 1433 1359 fidei
1476 1301 1720 1361 dereliqui
1764 1312 1973 1348 uxorem
2017 1311 2130 1347 cum
2161 1297 2344 1359 liberis,

190 1408 281 1442 nec
318 1395 490 1441 timens
526 1392 648 1452 quid
678 1390 800 1439 mihi
830 1403 862 1437 a
898 1388 1069 1447 Iudeis
1098 1389 1215 1447 fieri
1237 1388 1408 1448 possit.
1482 1386 1595 1434 veni
1620 1386 1772 1445 iqitur
1807 1384 1880 1432 ad
1902 1383 2200 1445 Episcopum
2226 1381 2345 1430 Mo—

187 1479 472 1539 quntinum,
519 1478 607 1536 qui
639 1481 755 1523 tunc
788 1475 1018 1536 temporis
1053 1477 1166 1521 erat
1199 1471 1465 1532 Moquncie
1503 1472 1554 1518 in
1589 1474 1755 1518 castro
1792 1469 1979 1531 anqeli‚
2027 1470 2080 1516 in
2127 1467 2346 1515 omnibus

190 1563 310 1611 bene
347 1564 616 1620 animatus,
662 1567 709 1608 et
744 1560 1030 1621 siqnificans
1063 1557 1186 1605 mihi
1219 1556 1459 1617 quomodo
1486 1555 1829 1603 universitates
1863 1566 1926 1601 ac
1967 1552 2179 1612 heretice
2206 1565 2345 1614 pra—
2365 1568 2403 1601 15

190 1649 353 1696 vitatis
388 1646 622 1706 maqister
650 1658 750 1706 per
785 1644 1156 1704 inspirationem
1187 1643 1349 1690 sancti
1374 1641 1578 1701 spiritus
1616 1641 1685 1688 ita
1722 1637 2039 1697 uniformiter
2059 1638 2348 1686 ⁴conclusis--
2418 1688 2429 1697 .

191 1736 318 1787 sent,
355 1745 417 1779 ac
452 1732 497 1778 si
530 1731 580 1777 in
611 1742 709 1777 uno
739 1727 956 1787 fuissent
991 1727 1231 1776 cubiculo.
1305 1726 1483 1774 Postea
1519 1723 1847 1784 interroqavi,
1894 1735 1963 1770 an
1997 1723 2143 1771 etiam
2181 1722 2350 1770 doctor

189 1817 406 1865 Ioannes
440 1814 685 1863 Reuchlin
721 1814 927 1861 misisset
961 1825 1102 1860 suam
1134 1810 1556 1860 consultationem.
1638 1807 1776 1856 Tunc
1810 1806 2083 1869 respondit,
2124 1806 2350 1867 ‘Peperi-

190 1913 364 1959 corne,
406 1898 590 1947 habeas
626 1898 800 1946 bonum
836 1898 1054 1944 animum
1068 1931 1081 1951 ‚
1128 1897 1233 1944 eius
1267 1895 1624 1944 consultatione
1655 1893 1835 1954 optime
1870 1904 2048 1942 carere
2075 1903 2348 1952 possumus,

192 1985 422 2045 quoniam
465 1996 531 2031 ex
572 1984 678 2030 eius
721 1982 938 2030 consiliis
986 1980 1113 2029 nihil
1157 1979 1302 2028 aliud
1346 1978 1721 2028 consideramus
1766 1990 1916 2038 quam
1952 1977 2086 2037 quod
2118 1975 2348 2024 habuerit
2361 1991 2405 2025 20

190 2068 454 2117 Iudaicum
483 2080 694 2127 nequam
725 2070 837 2127 post
869 2078 1021 2114 aures
1054 2078 1173 2114 suas
1207 2060 1485 2114 sedentem'.
1566 2062 1705 2112 Tunc
1739 2062 1873 2122 dixi,
1918 2061 1991 2109 ‘Si
2030 2061 2161 2120 sides
2199 2060 2350 2109 Chri—

191 2155 355 2201 stiana
391 2157 463 2201 est
499 2165 643 2211 vera,
686 2150 931 2200 Reuchlin
968 2152 1156 2199 nullam
1193 2149 1458 2211 perfidiam
1505 2148 1628 2197 mihi
1659 2146 1897 2207 facturus
1931 2144 2033 2195 est'.
2108 2150 2224 2196 tunc
2259 2159 2351 2194 sua

188 2238 360 2298 qratia
397 2239 500 2286 ioco
534 2236 670 2284 dedit
700 2235 822 2284 mihi
845 2237 1050 2297 alapam
1087 2240 1136 2283 et
1160 2234 1508 2283 consolabatur
1543 2246 1646 2296 me,
1684 2231 1816 2293 quod
1849 2244 1939 2291 eqo
1974 2232 2026 2280 in
2058 2231 2160 2290 fide
2200 2231 2351 2279 Chri—

193 2324 358 2370 stiana
392 2321 727 2383 pusillanimis
765 2334 869 2368 esse
912 2333 1010 2368 non
1057 2319 1304 2379 deberem,
1356 2331 1414 2367 eo
1457 2318 1590 2379 quod
1630 2318 1742 2379 ipsa
1784 2329 1904 2365 vera
1947 2320 2084 2365 esset.
2159 2315 2356 2364 Adiecit

195 2420 384 2467 quoque
420 2405 554 2466 quod
579 2418 668 2466 eqo
703 2406 890 2466 scripta
924 2404 1131 2452 Ioannis
1160 2403 1403 2452 Reuchlin
1432 2415 1530 2451 non
1566 2402 1790 2451 deberem
1820 2415 2027 2461 curare,
2063 2402 2349 2449 inveniren-
2366 2415 2408 2448 25

119 2501 177 2555 gub
200 2496 281 2539 tur
319 2495 418 2538 tam
456 2490 576 2538 bene
609 2489 868 2538 nebulones
904 2495 951 2537 et
988 2489 1205 2537 homines
1230 2500 1442 2548 nequam
1468 2487 1600 2536 docti
1622 2484 1644 2554 ss
1667 2492 1715 2536 et
1743 2487 1928 2536 indocti
1952 2487 2081 2536 inter
2108 2486 2353 2535 Christia-

196 2587 306 2633 nos,
340 2576 466 2622 sicut
500 2575 613 2622 olim
650 2575 701 2622 in
737 2575 890 2622 veteri
924 2577 1208 2621 testamento
1242 2573 1427 2620 inventi
1457 2578 1586 2620 sunt.
1663 2571 1846 2630 Quibus
1881 2572 2024 2620 dictis
2053 2573 2179 2633 petii
2207 2572 2349 2627 scire,

196 2659 433 2719 quidnam
470 2659 552 2706 ille
584 2658 724 2707 homo
759 2659 1091 2706 consuluisset.
1147 2658 1278 2706 dixit
1311 2658 1519 2718 optimus
1555 2657 1637 2705 ille
1664 2658 1936 2719 princeps:
1985 2640 2349 2724 ‘Pepericorne,

197 2743 441 2791 Reuchlin
477 2756 574 2791 non
611 2749 683 2791 est
709 2744 782 2791 tui
803 2742 990 2791 oblitus‘.
1066 2742 1193 2790 vade
1240 2742 1311 2790 ad
1349 2741 1713 2791 Canceltariam
1755 2749 1805 2790 et
1847 2741 1958 2790 iube
2004 2746 2059 2789 ut
2105 2742 2222 2790 dent
2267 2742 2355 2791 tibi

197 2829 353 2889 ipsius
397 2829 822 2886 consultationem,
877 2828 1092 2875 invenies
1131 2827 1282 2886 sidem
1327 2839 1426 2874 non
1463 2827 1584 2875 satis
1625 2825 1905 2888 maynam':
1956 2826 2038 2876 Ivi
2080 2827 2245 2888 itaque
2280 2827 2407 2877 adso

203 2912 565 2960 Can-cellariam
610 2918 659 2960 et
699 2913 865 2961 inveni
904 2913 1303 2961 consultationem
1344 2912 1499 2973 ipsius
1543 2912 1592 2959 in
1638 2913 1854 2960 scamnis
1890 2912 2157 2975 iacentem,
2205 2924 2354 2972 quam

198 2997 475 3045 scribarum
508 2999 662 3059 pueri
699 2998 865 3058 sepius
900 2999 1128 3056 leqerant
1165 3010 1264 3058 pro
1297 2997 1512 3045 ridiculo
1546 2996 1796 3045 habentes.
1869 2996 1995 3057 Lem·
2029 2998 2182 3057 iqitur
2216 2998 2354 3046 illam

200 3082 262 3129 de
296 3081 421 3139 folio
457 3082 529 3129 ad
565 3082 770 3142 folium,
818 3086 865 3130 et
904 3082 1071 3129 inveni
1112 3082 1163 3128 in
1208 3094 1269 3129 ea
1311 3081 1446 3141 quod
1488 3095 1646 3143 neque
1684 3079 1876 3130 Turcus
1919 3089 2007 3130 aut
2039 3081 2355 3130 Sarracenus

199 3167 477 3225 coqitasset,
513 3171 649 3215 taceo
681 3167 810 3227 quod
841 3165 1058 3225 fecisset.
1132 3178 1249 3213 nam
1281 3166 1691 3226 quemadmodum
1719 3165 1879 3214 Iudas
1915 3165 2221 3215 Salvatorem
2257 3178 2353 3214 no—

200 3255 354 3298 strum
380 3238 662 3299 tradiderat
690 3265 750 3299 ac
780 3251 1084 3318 vendiderat,
1113 3251 1182 3298 ita
1206 3263 1282 3297 me
1307 3249 1576 3308 Iudeorum
1598 3263 1753 3299 causa
1782 3251 1924 3311 apud
1946 3250 2225 3300 Romanum
2252 3252 2350 3298 im-
2367 3265 2409 3299 35

195 3340 480 3396 peratorem
518 3340 565 3382 et
599 3336 1023 3397 archiepiscopum
1060 3334 1405 3394 Moquntinum
1431 3335 1750 3398 prodiderat,
1779 3340 1993 3397 propter
2023 3349 2173 3396 quam
2206 3338 2354 3384 etiam

201 3431 407 3467 causam
445 3420 549 3479 ipse
586 3421 685 3467 iam
721 3433 752 3466 a
791 3419 1068 3468 doctoribus
1104 3432 1249 3477 sacre
1292 3420 1538 3480 scripture
1575 3420 1914 3481 impuqnatur.
1990 3420 2032 3468 (ἶ
2068 3420 2195 3469 Item
2229 3433 2354 3469 con-

202 3506 400 3552 sultatio
441 3505 530 3552 illa
576 3505 722 3551 etiam
768 3508 882 3552 tunc
922 3506 1155 3565 temporis
1203 3517 1235 3551 a
1282 3505 1479 3553 doctore
1515 3504 1807 3553 Hermanno
1848 3505 1988 3564 Hess,
2036 3511 2084 3554 et
2119 3506 2355 3566 maqistro

201 3588 405 3636 Ruelser
448 3589 701 3648 utriusque
738 3590 863 3636 iuris
906 3589 1102 3637 doctore
1137 3588 1428 3648 Moquntino
1470 3591 1725 3650 exscripta
1774 3595 1847 3637 est
1879 3590 2045 3638 Etiam
2081 3603 2113 3638 a
2158 3590 2355 3638 doctore

203 3672 550 3731 Bartholomeo
593 3673 934 3720 concionatore
979 3673 1029 3719 in
1058 3685 1244 3720 summo
1278 3672 1554 3732 Moquntie,
1595 3673 1760 3720 Etiam
1791 3687 1823 3720 a
1860 3675 2132 3723 venerabili
2161 3675 2354 3722 domino
2369 3687 2411 3722 40
2439 3661 2447 3668 ’

203 3759 440 3820 maqistro
473 3757 679 3817 Georqio
714 3756 1018 3814 Licenciat0‚
1069 3761 1185 3804 tunc
1221 3758 1452 3818 temporis
1490 3757 1734 3804 Canonico
1765 3759 1815 3805 in
1851 3760 2062 3807 ecclesia
2099 3759 2208 3818 dive
2246 3760 2353 3807 vir-

200 3844 332 3903 qinis
378 3844 429 3891 in
461 3841 730 3902 Moquncia
772 3854 904 3890 nunc
940 3846 1101 3889 autem
1133 3841 1346 3902 plebano
1392 3843 1443 3888 in
1482 3840 1791 3902 Nurmarclc,
1839 3849 1886 3891 et
1926 3857 2090 3892 omnes
2124 3845 2212 3904 qui
2243 3857 2379 3896 eam.
