2456 4264
224 281 580 312 rnrnmconnvs
602 281 970 313 REVCHLINIANAE
990 281 1302 312 memensloms
1323 281 1610 314 ARGVMENTA
1631 283 1875 314 RRFVTARE
1900 285 2092 317 S‘rvnn'r.
2135 261 2255 320 143

83 415 319 465 texerunt
361 412 694 463 theutonicum
733 414 892 475 ipsius
945 427 1041 476 quo
1088 412 1238 463 Suevi
1287 419 1521 474 utuntur,
1559 418 1715 465 ,tanto
1768 416 1944 464 melius
1997 416 2255 479 disputare

8 487 10 491 ¹
82 505 260 550 contra
294 505 488 548 nostros
510 498 767 559 Moyuntie
793 500 1045 561 potuisset,
1083 512 1196 549 cum
1231 501 1351 553 illuc
1384 501 1574 561 aliquot
1601 500 1826 549 doctores
1861 502 2020 550 nostri
2054 502 2127 550 ad
2158 503 2258 550 lea-

83 583 295 635 bendam
327 596 440 633 cum
471 585 558 633 illo
591 584 976 647 disputationem
1012 585 1270 633 venissent.
1344 598 1515 633 verum
1565 586 1622 634 id
1663 585 1845 645 facere
1888 600 1987 636 non
2024 587 2255 646 audebat,

83 671 233 721 achati
258 669 515 733 publicum
550 674 625 719 est
657 675 706 719 et
740 671 1000 720 notorium.
1079 669 1222 728 Quod
1256 671 1412 730 iqitur
1448 672 1500 718 in
1537 673 1642 720 suis
1677 673 1878 733 scriptis
1913 674 2190 738 erraverit,⁸
2207 680 2256 723 et

0 751 19 827 1jss
43 769 68 804 ι
86 756 347 819 disputare
375 768 491 805 cum
526 756 709 804 nostris
743 768 843 804 non
868 754 1034 815 fuerit
1064 769 1243 816 ausus,
1281 757 1467 805 nemini
1502 758 1682 805 mirum
1715 757 1972 813 videbitur,
2011 760 2131 819 quia
2165 772 2256 807 su-

80 842 265 905 peritas
284 842 338 890 in
365 854 462 890 sua
494 842 729 905 epistola,
756 855 853 903 per
885 854 939 889 se
967 842 1129 902 ipsum
1167 841 1441 901 theoloyica
1470 843 1521 889 in
1557 855 1648 890 suo
1683 845 1885 903 speculo
1920 845 2119 891 oculari
2153 844 2255 891 ad-

12 926 18 971 ἷ
82 927 234 977 ducta
274 927 501 988 scripsit,
561 928 691 976 sicut
738 927 1039 975 rusticorum
1093 927 1330 975 sacerdos
1373 928 1425 975 in
1467 927 1773 975 sermonibus
1815 929 1917 975 suis
1957 928 2255 976 medicinam

81 1014 307 1074 allevare
326 1018 496 1075 posset
533 1017 598 1061 ,εἰ
615 1026 660 1062 c.

0 1153 51 1248 ἷζ..
111 1216 115 1218 ,
917 1167 1080 1218 Nota
1116 1168 1418 1218 Secundo.

0 1262 70 1347 ἔξω
98 1304 101 1305 ’
225 1282 271 1332 t
306 1270 401 1331 E'st
427 1286 476 1332 et
505 1283 651 1331 aliud
691 1283 779 1342 (de
807 1295 903 1343 quo
931 1284 1097 1331 statim
1121 1282 1270 1342 facta
1306 1287 1380 1330 est
1413 1283 1616 1344 mentio)
1661 1283 1765 1331 leve
1801 1283 2053 1344 quoddam
2091 1286 2255 1333 cavil-

0 1359 34 1418 Ξῖ
80 1370 206 1429 lma,
253 1381 350 1431 quo
386 1367 724 1418 Reuclzliniste
769 1368 974 1430 quidam
1025 1369 1114 1417 diu
1156 1371 1458 1430 multumque
1496 1357 1850 1431 tripudiarunt
1894 1382 2037 1418 suum
2070 1374 2253 1431 patro-

15 1438 21 1498 Ῐ
80 1464 199 1504 num
241 1453 484 1504 Ioannem
530 1453 780 1503 Reuclilin
831 1454 1176 1516 imprudenter
1226 1456 1396 1503 secuti.
1432 1450 1454 1523 ΙΙ
1482 1453 1887 1503 Susurraverunt
1930 1456 2157 1516 equidem
2205 1459 2253 1503 et
2266 1450 2368 1504 „fiiij

0 1531 22 1585 4ἰ
78 1541 187 1604 ipse
211 1541 265 1590 in
291 1541 477 1603 primis
504 1538 719 1589 Oculare
742 1553 884 1588 suum
913 1542 1170 1602 speculum
1202 1553 1300 1602 per
1335 1544 1526 1588 nostros
1551 1539 1881 1601 frustulatim,
1912 1545 1961 1589 et
1997 1541 2076 1600 (ut
2098 1542 2252 1603 ipsius

0 1610 42 1702 ᾖ
78 1624 239 1675 verbis
271 1628 416 1688 utar)
455 1630 740 1675 truncatum
769 1630 817 1674 et
851 1627 1129 1675 mutilatum
1169 1626 1280 1674 dolo
1317 1627 1450 1675 malo
1481 1626 1881 1675 universitatibus
1906 1628 2122 1686 missum,
2160 1639 2255 1688 quo

0 1707 290 1783 susacilius
331 1711 571 1774 quoslibet
612 1711 838 1760 doctores
877 1713 929 1760 in
975 1725 1119 1760 suam
1172 1713 1453 1773 opinionem
1508 1712 1780 1761 traherent.
1853 1712 2254 1761 Fundamentum

7 1835 9 1839 >
77 1809 193 1847 vero
228 1797 371 1848 istius
401 1797 683 1847 obiectionis
718 1811 786 1846 ex
822 1810 880 1846 eo
915 1799 1072 1846 solum
1113 1799 1295 1847 elicere
1341 1799 1511 1846 conati
1553 1802 1690 1854 sunt,
1739 1797 1874 1858 quod
1910 1799 2255 1847 universitates

77 1884 182 1946 ipse
214 1884 268 1932 in
300 1884 405 1932 suis
432 1885 684 1932 sententiis
716 1896 871 1945 super
904 1896 1111 1932 numero
1141 1882 1383 1943 foliorum
1425 1883 1652 1932 Ocularis
1685 1884 1879 1944 speculi
1909 1895 2008 1931 non
2038 1897 2254 1932 concor-

77 1968 219 2017 dant.
290 1967 612 2031 RespondeO,
662 1969 714 2016 in
758 1968 1106 2017 exscribendis
1146 1969 1520 2031 ememplaribus
1565 1982 1663 2017 non
1707 1981 1852 2030 posse
1897 1981 2056 2028 neque
2101 1971 2252 2017 eliam

19 2107 23 2119 ¹
76 2054 413 2103 necessarium
451 2068 557 2104 esse
604 2054 850 2113 (maxime
892 2053 979 2103 ubi
1012 2054 1199 2103 diversi
1240 2055 1341 2102 sint
1374 2056 1666 2116 scriptores)
1715 2066 1975 2102 numerum
2011 2053 2250 2113 soliorum

19 2127 358 2191 bobsernare,
433 2138 477 2187 t
517 2139 741 2188 Ceterum
774 2143 831 2189 ut
849 2140 1053 2202 puerile
1087 2139 1180 2188 hoc
1216 2142 1448 2200 omittam,
1483 2138 1820 2188 Adversarius
1849 2143 2014 2187 noster
2039 2153 2127 2187 seu
2151 2151 2250 2201 po-

20 2209 24 2257 ἷ
78 2226 174 2276 tius
209 2226 262 2274 in
299 2224 495 2275 Christo
530 2227 722 2274 amicus
753 2225 972 2274 Ioannes
995 2223 1259 2284 Reuclzlin,
1299 2226 1546 2286 inteqrum
1582 2227 1788 2274 oculare
1824 2237 1966 2273 suum
1994 2226 2248 2286 speculum

75 2310 519 2374 Parrhysi'ensibus
555 2311 702 2375 misit,
735 2311 989 2359 adiunctis
1023 2312 1170 2359 etiam
1207 2311 1429 2360 omnibus
1457 2312 1560 2360 suis
1591 2310 2027 2370 declarationibus,
2067 2309 2251 2368 desen-

75 2397 294 2447 siom'bus
327 2402 377 2446 et
401 2396 460 2446 id
487 2409 650 2458 penus
684 2398 801 2446 aliis
835 2397 1006 2457 armis,
1045 2401 1102 2444 ut
1123 2397 1281 2458 ipsius
1305 2397 1379 2444 ad
1401 2398 1490 2445 illa
1515 2401 1723 2446 testatur
1755 2397 1980 2458 epistola.
2059 2395 2254 2444 Adiecit

73 2494 268 2545 quoque
302 2489 350 2532 et
384 2481 480 2531 kas
506 2495 688 2545 preces
726 2481 834 2543 Eoo
872 2482 1080 2544 (inquit)
1128 2487 1367 2543 quantum
1401 2487 1575 2544 potero
1610 2482 1863 2531 humilime
1895 2485 2032 2543 peto,
2086 2487 2140 2529 ut
2175 2494 2251 2530 me

21 2559 338 2629 &facturam
366 2572 582 2617 vestram
609 2581 708 2616 non
746 2568 1039 2631 destruatis,
1087 2581 1247 2629 neque
1293 2569 1356 2617 de
1398 2569 1590 2628 yremio
1635 2574 1684 2616 et
1731 2568 1794 2616 de
1834 2580 2046 2629 corpore
2094 2571 2252 2614 vestro

24 2638 43 2676 T
77 2653 346 2704 membrum
389 2666 468 2704 me
504 2653 687 2714 ledatis
721 2658 785 2703 .et
805 2668 847 2703 c.
923 2653 1114 2703 Iterum
1159 2655 1323 2703 oravit
1364 2653 1577 2703 eundem
1624 2667 1897 2703 sermonem
1944 2653 2116 2702 dicens
2153 2651 2251 2700 Ob-

75 2752 217 2790 secro
259 2753 346 2789 vos
380 2744 562 2803 patres
605 2748 737 2789 meos
783 2752 935 2801 quam
981 2739 1477 2798 observandissimos,
1528 2740 1808 2801 dignemini
1852 2740 1903 2787 in
1950 2739 2048 2787 liac
2093 2751 2251 2787 causa

77 2825 236 2876 ocium
264 2824 504 2889 preferre
533 2826 739 2887 neqocio
774 2830 823 2874 et
857 2831 1035 2875 contra
1071 2838 1148 2875 me
1173 2827 1335 2885 filium
1370 2834 1417 2875 et
1453 2827 1709 2875 alumnum
1746 2830 1959 2874 vestrum
1986 2824 2114 2872 nilzil
2141 2829 2251 2872 sta-

77 2915 240 2976 tuere,
274 2911 487 2973 definire
524 2917 614 2961 aut
649 2911 933 2961 declarare.
971 2915 1019 2960 et
1036 2924 1079 2960 c.
1111 2911 1203 2971 bec
1240 2913 1337 2960 ille.
1375 2911 1528 2960 Modo
1565 2911 1638 2960 ad
1659 2912 1995 2973 propositum,
2045 2912 2092 2959 si
2120 2909 2249 2970 fru—

24 2987 296 3048 'u'stulatim
318 2998 540 3047 misimus
573 2999 829 3060 speculum
866 2998 1023 3060 ipsius
1057 2999 1263 3047 oculare
1288 2999 1365 3046 vel
1388 2997 1462 3046 ad
1483 2997 1872 3059 Parrhysienses
1907 2998 1983 3045 vel
2016 2996 2089 3044 ad
2112 2998 2248 3055 alioS,

76 3086 127 3132 et
163 3082 271 3146 ipse
312 3084 584 3146 integrum,
633 3096 794 3146 quare
838 3083 1038 3132 obsecro
1087 3097 1185 3132 non
1231 3091 1303 3132 est
1341 3095 1443 3146 pro
1492 3097 1543 3131 se
1589 3083 1879 3132 senten-liam
1922 3066 2250 3131 consecutus?

0 3153 9 3160 ⁵
76 3166 223 3230 Aqua
260 3168 402 3229 heret
442 3173 493 3218 et
528 3170 676 3219 nimis
717 3168 947 3231 friqidus
986 3170 1203 3231 antiquis
1248 3182 1301 3218 se
1345 3170 1525 3229 caliois
1565 3170 1697 3230 teyit.
1772 3166 2055 3216 Reverendi
2087 3170 2249 3215 autem

75 3254 306 3317 mavistri
329 3256 490 3304 nostri
510 3254 900 3318 Parrhysienses
932 3255 1032 3304 viri
1056 3256 1460 3306 illuminatissimi
1495 3268 1558 3303 ac
1582 3254 1686 3314 fide
1715 3253 2076 3315 probatissimi,
2124 3266 2250 3314 quo—

32 3336 57 3397 ῖῆ
75 3351 190 3390 rum
224 3340 431 3402 inqenia
461 3341 689 3403 aquilina
726 3345 774 3390 et
810 3341 983 3390 divina
1012 3342 1182 3404 potius
1221 3354 1372 3403 quam
1410 3340 1634 3389 humana
1673 3339 1746 3388 ad
1776 3340 1906 3399 celos
1937 3352 2091 3400 usque
2120 3351 2249 3401 per-

81 3424 298 3487 mount,
328 3425 547 3476 videntes
576 3427 733 3488 ipsius
770 3427 821 3475 in
852 3426 1116 3476 scribendo
1150 3426 1427 3488 falsitatem
1462 3431 1511 3475 et
1540 3427 1688 3485 fictas
1723 3425 2063 3489 adulationes,
2113 3425 2250 3473 veri—

34 3548 36 3557 ,
76 3513 225 3560 tatem
251 3512 419 3574 pluris
456 3524 604 3573 quam
639 3525 726 3572 sue
762 3512 1099 3561 universitatis
1133 3512 1403 3561 membrum
1433 3511 1625 3572 secere.
1701 3510 1829 3560 Nam
1866 3512 1913 3560 si
1944 3512 2122 3559 iustam
2149 3510 2250 3557 lia-

77 3592 184 3646 lma
214 3609 448 3661 causam,
487 3609 585 3645 non
615 3610 711 3658 quo
739 3597 868 3647 nihil
901 3598 1191 3661 definirent,
1230 3597 1322 3646 sed
1357 3610 1454 3659 quo
1490 3598 1680 3656 iusticie
1717 3610 1896 3645 munus
1931 3608 2246 3657 exequeren—

62 3681 183 3743 tur,
222 3682 381 3745 ipsius
419 3687 535 3732 erat
578 3681 740 3743 officii
783 3685 1120 3746 expostulare.
1200 3682 1331 3743 Quid
1369 3680 1564 3733 multa?
1617 3682 1838 3731 Grandis
1877 3684 2027 3731 moles
2063 3680 2246 3729 levibus

43 3849 462 3907 -2p01uisset
494 3856 534 3894 1.
612 3849 631 3877 ²
661 3853 891 3894 notarium
927 3854 965 3894 1.
1050 3851 1082 3879 ¹¹
1115 3866 1220 3895 uum
1254 3855 1291 3897 1.
1373 3852 1408 3880 ¹⁷
1442 3854 1506 3907 Cf.
1531 3867 1573 3909 p.
1600 3853 1694 3896 135.
1783 3851 1819 3878 ²³
1853 3851 1936 3892 illa
1959 3865 2040 3890 non
2075 3849 2176 3889 illos
2203 3851 2240 3888 1.

87 3918 298 3976 Epi-stola,
320 3925 425 3966 data
446 3924 594 3978 Stutg.
617 3924 659 3966 (1.
684 3937 791 3965 xln.
805 3924 899 3969 kal
913 3923 995 3966 Iul.
1011 3939 1051 3966 a.
1069 3924 1191 3967 1514.
1212 3931 1276 3967 est
1297 3927 1340 3966 in
1361 3925 1490 3966 Actis
1510 3927 1614 3966 DD.
1638 3922 2239 3973 Parrh.ec122111.v1rr.ep1›.
