2456 4264
218 220 294 276 24
871 235 1107 264 EPISTOLAE
1129 232 1437 262 OBSCVRORVM
1459 230 1683 261 VIRORVM.

545 298 565 314 χ

216 374 264 421 in
304 372 374 419 via
412 369 623 431 Diome,
674 382 832 430 neque
869 366 918 414 in
957 366 1027 413 via
1065 362 1251 411 Alberti
1287 375 1448 424 neque
1486 359 1645 416 Scoti;
1695 367 1744 411 et
1781 362 1926 410 etiam
1963 373 2062 408 non
2100 362 2214 407 sunt
2249 355 2358 405 illu-

218 455 383 505 minati
408 454 455 501 iu
483 451 577 500 lide
604 466 690 514 per
716 450 918 511 gratiam
946 447 1318 510 spiritussancti.
1375 445 1496 502 Quia
1534 447 1869 510 unusquisque
1907 443 2053 494 debet
2083 455 2283 490 manere
2307 442 2358 489 in

217 528 442 588 l'aculta'tc
469 552 570 590 sua,
611 539 658 582 et
683 547 780 580 non
808 531 953 580 debet
978 532 1170 579 mittere
1198 529 1371 579 falcem
1398 531 1445 578 in
1473 544 1682 579 messem
1708 527 1923 578 alterius
1983 528 2093 592 quia
2122 531 2259 573 sutor
2287 530 2360 574 est

217 629 352 671 sutor
391 626 439 668 ot
475 624 633 666 sartor
674 621 747 664 est
783 620 956 670 sartor,
998 619 1045 663 et
1081 613 1220 662 saber
1259 618 1331 662 est
1367 612 1522 663 faber.
1598 613 1658 661 Et
1695 627 1795 661 non
1821 617 1974 661 staret
1997 611 2123 660 bene
2159 611 2198 658 si
2234 624 2362 657 unus
2454 631 2456 677 1

216 710 374 755 sartor
425 701 564 750 vellet
613 700 773 748 facere
812 697 1001 747 calceos
1038 696 1112 745 vel
1149 696 1388 745 stamulta.
1464 696 1559 746 Vos
1597 696 1784 745 debetis
1821 695 2053 744 audacter
2091 694 2396 743 defendere5
2435 680 2456 744 -l

218 804 299 836 vos
337 793 383 836 et
419 800 607 834 sacram
646 782 976 845 Theologiam,
1017 786 1065 830 et
1103 780 1247 830 etiam
1286 795 1376 843 ego
1415 779 1567 828 orabo
1606 781 1753 829 deum
1778 795 1871 844 pro
1897 779 2050 836 vobis
2091 779 2220 841 quod
2251 777 2363 827 velit

220 871 355 921 vohis
393 869 613 919 tribucre
651 869 857 931 gratiam
895 881 1048 921 suam,
1089 870 1136 914 et
1172 863 1447 913 illuminare
1483 870 1701 913 vestrum
1737 862 2060 919 intellectum,
2098 863 2224 910 sicut
2250 863 2364 911 fecit
2416 902 2426 916 ,,

216 953 426 1020 antiquis
451 952 685 1017 patribus
713 967 775 1001 ne
801 950 1019 1000 diabolus
1043 948 1286 1014 prevaleat
1312 964 1424 997 cum
1450 949 1551 998 suis
1573 947 1893 997 servitoribus
1919 951 2088 996 contra
2116 947 2360 995 iustitiam.
2394 932 2438 959 '³'

216 1040 311 1090 Sed
359 1038 554 1088 scribite
602 1036 720 1085 mihi
764 1042 926 1084 tamen
975 1040 1177 1099 propter
1224 1032 1370 1081 deum
1422 1033 1668 1097 quomodo
1704 1033 1865 1081 statis:
1915 1048 2000 1081 vos
2051 1031 2208 1080 facitis
2245 1030 2364 1079 mihi
2443 1027 2454 1054 ·’

216 1139 441 1187 magnam
479 1124 748 1185 angustiam
787 1126 833 1168 et
868 1134 966 1167 non
1003 1117 1245 1180 indigetis,
1321 1117 1418 1167 Sed
1456 1133 1547 1181 pro
1574 1133 1707 1167 nunc
1732 1116 2024 1166 commendo
2051 1131 2135 1165 vos
2162 1115 2439 1166 dominem-

218 1208 325 1257 de0.
399 1206 564 1257 Valetc
600 1207 650 1255 in
690 1205 896 1255 Christo,
971 1203 1142 1251 Datum
1182 1200 1553 1265 Francksurdie.

1244 1435 1328 1495 16.

760 1553 1130 1628 Mattheus
1184 1550 1737 1614 Mellilambius

1104 1667 1311 1716 salutem
1349 1667 1471 1716 dicit

815 1764 1141 1833 Magistro
1180 1763 1462 1817 Ortvino
1501 1763 1758 1816 GratiO.

355 1880 790 1943 Quoniamquidem
839 1894 1035 1942 semper
1084 1878 1152 1928 sui
1201 1880 1389 1928 amicus
1434 1885 1594 1944 vestre
1633 1879 1980 1929 dominationis
2018 1885 2065 1929 et
2102 1880 2364 1944 procuravi

217 1971 427 2014 vestrum
464 1964 674 2012 bonum:
716 1977 833 2026 ergo
873 1964 1015 2012 etiam
1055 1978 1186 2012 nunc
1211 1963 1319 2012 volo
1348 1979 1431 2012 vos
1456 1964 1506 2012 in
1532 1964 1707 2013 vestris
1731 1963 2104 2014 adversitatibus
2130 1965 2362 2020 cavisare,
2413 1988 2418 1995 ·

215 2055 262 2098 et
296 2049 404 2098 volo
442 2050 490 2097 in
528 2054 686 2097 vestra
724 2049 920 2097 fortuna
961 2063 1068 2098 esse
1109 2047 1246 2112 letuS,
1289 2053 1336 2096 et
1372 2045 1424 2096 in
1461 2049 1734 2098 infortunio
1773 2049 1950 2099 tristis:
1990 2050 2100 2114 quia
2140 2064 2223 2098 vos
2250 2051 2366 2098 estis
2423 2048 2451 2078 ³

214 2134 398 2182 amicus
449 2148 611 2190 mem,
664 2138 712 2181 et
750 2147 860 2181 cum
898 2133 1067 2181 amicis
1105 2131 1344 2181 debemus
1382 2147 1489 2182 esse
1526 2131 1610 2198 leti
1647 2133 1844 2198 quando
1881 2132 2120 2198 letantur,
2161 2139 2209 2183 et
2247 2149 2365 2183 con·
2419 2179 2423 2183 .

212 2217 395 2265 tristari
432 2216 626 2279 quando
663 2218 931 2273 tristantur,
972 2223 1025 2265 ut
1061 2216 1230 2265 scribit
1265 2216 1478 2273 Tullius,
1520 2219 1739 2283 quamvis
1777 2224 1850 2267 est
1886 2217 2079 2281 gentilis
2118 2225 2166 2267 et
2202 2224 2361 2282 poeta.
2391 2219 2425 2259 s

219 2302 371 2364 Igitur
408 2301 667 2349 manifesto
704 2300 843 2357 vobis
881 2301 1010 2365 quod
1048 2300 1127 2349 hic
1165 2301 1355 2351 habetis
1394 2317 1548 2351 unum
1584 2302 1835 2352 inimicum
1877 2302 2013 2352 valde
2050 2280 2363 2359 malitiosum,

217 2386 299 2448 qui
357 2384 471 2433 dicit
517 2383 668 2433 multa
716 2385 951 2448 vituperia
999 2390 1167 2434 contra
1219 2386 1599 2436 dominationem
1646 2392 1885 2444 vestram3
1949 2394 1997 2437 et
2044 2389 2368 2452 presupponit

217 2467 365 2517 multa
415 2467 650 2517 extollens
698 2483 750 2517 se
797 2469 847 2518 in
893 2469 1124 2532 superbia
1173 2486 1285 2528 sua,
1336 2478 1383 2520 et
1432 2472 1548 2521 dicit
1596 2486 1764 2521 coram
1813 2472 2043 2522 omnibus
2081 2473 2212 2536 quod
2252 2473 2367 2522 estis

216 2552 439 2617 spuriuS,
491 2557 540 2600 et
585 2557 741 2601 mater
791 2558 947 2602 vestra
995 2559 1069 2603 est
1105 2556 1363 2612 meretrix,
1418 2562 1466 2605 et
1502 2562 1645 2621 pater
1682 2562 1843 2606 vester
1879 2556 2152 2622 presbyter.
2228 2557 2367 2606 Tunc
2420 2546 2446 2605 f

219 2651 309 2699 ego
347 2637 458 2684 steti
493 2650 585 2700 pro
624 2635 782 2693 vohiS,
822 2643 870 2686 et
908 2638 1033 2686 dixi:
1075 2639 1296 2688 ‘domine
1334 2639 1657 2703 baccalaurie,
1696 2641 1770 2691 vel
1810 2641 2020 2706 qualiter
2058 2642 2172 2690 estis
2210 2641 2388 2705 quali-·
2422 2651 2430 2693 Ξ

218 2721 412 2776 ficatuS‚
466 2734 551 2768 vos
605 2721 718 2770 estis
767 2721 927 2769 adhuc
973 2723 1158 2772 iuvenis
1215 2730 1263 2772 et
1319 2740 1418 2773 non
1466 2725 1712 2775 deberetis
1761 2726 2039 2790 vituperare
2087 2727 2363 2790 magistros,

219 2803 366 2859 Quia,
418 2808 470 2852 ut
506 2804 742 2868 scriptum
779 2805 986 2855 habetur
1024 2808 1072 2854 in
1111 2808 1383 2871 evangelio:
1423 2809 1569 2866 „Non
1608 2817 1681 2859 est
1718 2809 1987 2875 discipulus
2024 2826 2174 2874 super
2212 2811 2365 2874 magi·

202 2894 424 2944 ‚strum“.
482 2887 567 2937 sed
604 2889 696 2937 vod
735 2890 850 2938 estis
888 2889 1046 2940 adhuc
1085 2892 1376 2956 discipulus,
1418 2899 1466 2943 et
1501 2894 1728 2944 dominus
1753 2894 1985 2944 Ortvinus
2012 2902 2098 2945 -est
2131 2896 2365 2959 magister
2414 2911 2439 2950 2,

220 2977 330 3019 octo
378 2971 452 3020 vel
499 2972 668 3022 decem
715 2988 986 3030 annorum3
1038 2982 1085 3024 et
1130 2992 1246 3040 ergo
1285 2993 1386 3027 non
1425 2979 1539 3027 estis
1588 2978 1836 3029 sufficiens
1880 2980 1938 3029 ad
1988 2980 2362 3044 vituperandum

220 3070 369 3103 unum
421 3057 706 3117 magistrum
755 3057 829 3106 vel
868 3059 1022 3107 virum
1060 3060 1109 3108 in
1145 3061 1229 3109 tali
1265 3062 1498 3125 dignitate
1536 3064 1880 3120 constitutum;
1931 3063 2051 3113 alias
2098 3065 2242 3114 etiam
2290 3065 2362 3112 in·
2387 3083 2401 3103 x
2439 3090 2450 3094 ->

220 3139 424 3187 venietis
470 3139 679 3202 aliquem
728 3143 811 3205 qui
847 3143 1137 3204 vituperabit
1173 3161 1282 3203 VOS,
1334 3148 1477 3196 etiam
1515 3149 1557 3196 si
1595 3149 1764 3197 essetis
1802 3148 1962 3198 adhuc
1999 3149 2063 3197 ita
2103 3148 2362 3212 superbus,

220 3237 305 3271 vos
353 3222 538 3271 debetis
587 3223 767 3273 habere
811 3227 1178 3286 verecundiam,
1229 3236 1276 3278 et
1324 3245 1420 3279 non
1470 3234 1635 3281 facere
1683 3231 1825 3281 talia’.
1901 3232 2042 3282 Tunc
2077 3233 2181 3296 ipse
2213 3233 2362 3290 dixit:
2439 3211 2456 3232 'r

222 3314 342 3368 ‘ego
379 3305 554 3369 loquor
594 3308 857 3365 veritatem,
898 3315 944 3357 et
981 3311 1081 3359 scio
1119 3312 1332 3375 probare
1368 3314 1491 3363 dicta
1519 3331 1627 3364 mea
1655 3325 1703 3365 et
1727 3332 1827 3365 non
1853 3316 1962 3365 volo
1987 3333 2072 3366 vos
2098 3319 2363 3381 respicere,

221 3390 332 3454 quia
381 3389 609 3438 Ortvinus
659 3398 730 3439 est
774 3394 992 3456 spuriuS‚
1055 3400 1102 3443 et
1148 3397 1343 3459 quidam
1388 3397 1705 3449 lansmannus
1756 3417 1875 3450 suus
1923 3401 2043 3450 dixit
2095 3401 2214 3450 mihi
2273 3416 2447 3465 ρι’0,,

218 3488 363 3530 vere,
411 3473 522 3537 quia
574 3475 703 3522 novit
752 3476 855 3524 eius
902 3485 1150 3539 parentet-3,
1205 3486 1251 3529 et
1300 3482 1442 3530 etiam
1491 3498 1580 3546 ego
1628 3483 1737 3533 volo
1784 3485 2004 3535 scribere
2043 3485 2138 3534 hoc
2175 3485 2448 3549 doctoriq-

220 3556 482 3612 Reuchlin‚
532 3557 643 3620 quia
692 3558 850 3607 adhuc
896 3574 995 3608 non
1043 3563 1145 3610 scit.
1221 3564 1313 3613 Sed
1366 3581 1517 3628 quare
1564 3567 1750 3617 velletis
1798 3585 1877 3618 me
1928 3570 2235 3634 vituperare?
2282 3583 2366 3618 vos
2400 3561 2445 3630 fg

220 3639 340 3688 nihil
379 3641 511 3688 scitis
549 3640 609 3689 de
648 3640 755 3690 me'.
831 3642 969 3691 'l'unc
1006 3658 1096 3706 ego
1135 3645 1258 3694 dixi:
1300 3647 1459 3705 ‘Ecce,
1500 3649 1685 3698 domini
1722 3654 1854 3709 socii,
1894 3655 1986 3702 iste
2024 3653 2273 3716 pretendit
2308 3669 2363 3703 se

332 3819 366 3847 ¹⁴
396 3820 508 3864 S.D.
533 3824 653 3862 1...3.
744 3820 778 3847 ¹⁴'’
807 3823 866 3865 M.
889 3826 1009 3864 1...3.
1101 3826 1205 3866 Gra.
1232 3830 1347 3869 1...3.
1434 3826 1471 3853 ²⁸
1504 3859 1511 3868 .
1536 3829 1592 3869 Sz
1624 3833 1715 3871 1.2.
1756 3864 1764 3873 .
1791 3832 1880 3872 Sed
1912 3837 1955 3874 3.
