<?xml version="1.0" encoding="UTF-8"?>
<!DOCTYPE html PUBLIC "-//W3C//DTD XHTML 1.0 Transitional//EN"
    "http://www.w3.org/TR/xhtml1/DTD/xhtml1-transitional.dtd">
<html xmlns="http://www.w3.org/1999/xhtml" xml:lang="en" lang="en">
 <head>
  <title>
</title>
<meta http-equiv="Content-Type" content="text/html;charset=utf-8" />
  <meta name='ocr-system' content='tesseract 3.04.00' />
  <meta name='ocr-capabilities' content='ocr_page ocr_carea ocr_par ocr_line ocrx_word'/>
</head>
<body>
  <div class='ocr_page' id='page_1' title='image "./supoperaquaerepe01huttuoft_0431.png"; bbox 0 0 2456 4264; ppageno 0'>
   <div class='ocr_carea' id='block_1_1' title="bbox 493 280 2259 341">
    <p class='ocr_par' dir='ltr' id='par_1_1' title="bbox 493 280 2259 341">
     <span class='ocr_line' id='line_1_1' title="bbox 493 280 2259 341; baseline 0.001 -8"><span class='ocrx_word' id='word_1_1' title='bbox 493 302 885 334; x_wconf 64' lang='lat' dir='ltr'><strong>LARENTATIONES</strong></span> <span class='ocrx_word' id='word_1_2' title='bbox 905 304 1216 335; x_wconf 72' lang='lat' dir='ltr'><em>onscvnomm</em></span> <span class='ocrx_word' id='word_1_3' title='bbox 1235 301 1692 336; x_wconf 71' lang='lat' dir='ltr'>REVCELIMSTARVM</span> <span class='ocrx_word' id='word_1_4' title='bbox 1714 304 1864 334; x_wconf 71' lang='lat' dir='ltr'><em>NOVAE.</em></span> <span class='ocrx_word' id='word_1_5' title='bbox 2143 280 2259 341; x_wconf 78' lang='lat'><em>391</em></span> 
     </span>
    </p>
   </div>
   <div class='ocr_carea' id='block_1_2' title="bbox 756 484 1604 684">
    <p class='ocr_par' dir='ltr' id='par_1_2' title="bbox 756 484 1604 684">
     <span class='ocr_line' id='line_1_2' title="bbox 1131 484 1220 545; baseline -0.034 1"><span class='ocrx_word' id='word_1_6' title='bbox 1131 484 1220 545; x_wconf 85' lang='lat'><em>39.</em></span> 
     </span>
     <span class='ocr_line' id='line_1_3' title="bbox 756 568 1604 684; baseline 0.006 -23"><span class='ocrx_word' id='word_1_7' title='bbox 756 612 799 660; x_wconf 70' lang='grc' dir='ltr'><em>(Ι</em></span> <span class='ocrx_word' id='word_1_8' title='bbox 844 568 1169 684; x_wconf 74' lang='lat' dir='ltr'><em>Aqrippa</em></span> <span class='ocrx_word' id='word_1_9' title='bbox 1212 607 1604 684; x_wconf 76' lang='lat' dir='ltr'><em>Styqz&#39;anus</em></span> 
     </span>
    </p>
   </div>
   <div class='ocr_carea' id='block_1_3' title="bbox 845 707 1529 869">
    <p class='ocr_par' dir='ltr' id='par_1_3' title="bbox 845 707 1529 869">
     <span class='ocr_line' id='line_1_4' title="bbox 845 707 1529 776; baseline 0.001 -7"><span class='ocrx_word' id='word_1_10' title='bbox 845 707 1407 776; x_wconf 88' lang='lat' dir='ltr'><em>Subbunculatori</em></span> <span class='ocrx_word' id='word_1_11' title='bbox 1438 735 1529 770; x_wconf 91' lang='lat' dir='ltr'><em>suo</em></span> 
     </span>
     <span class='ocr_line' id='line_1_5' title="bbox 1056 818 1308 869; baseline 0 0"><span class='ocrx_word' id='word_1_12' title='bbox 1056 818 1128 869; x_wconf 87' lang='lat' dir='ltr'><em>.S.</em></span> <span class='ocrx_word' id='word_1_13' title='bbox 1158 820 1216 869; x_wconf 88' lang='lat' dir='ltr'><em>P.</em></span> <span class='ocrx_word' id='word_1_14' title='bbox 1245 820 1308 869; x_wconf 86' lang='lat' dir='ltr'><em>D.</em></span> 
     </span>
    </p>
   </div>
   <div class='ocr_carea' id='block_1_4' title="bbox 11 931 2267 1810">
    <p class='ocr_par' dir='ltr' id='par_1_4' title="bbox 19 923 2264 1810">
     <span class='ocr_line' id='line_1_6' title="bbox 238 931 2264 1005; baseline 0.001 -22.878"><span class='ocrx_word' id='word_1_15' title='bbox 238 931 397 1005; x_wconf 83' lang='lat' dir='ltr'><em>Tace,</em></span> <span class='ocrx_word' id='word_1_16' title='bbox 417 931 630 993; x_wconf 89' lang='lat' dir='ltr'><em>bestia,</em></span> <span class='ocrx_word' id='word_1_17' title='bbox 681 938 820 993; x_wconf 88' lang='lat' dir='ltr'><em>tace,</em></span> <span class='ocrx_word' id='word_1_18' title='bbox 872 934 1107 995; x_wconf 88' lang='lat' dir='ltr'><em>inquam,</em></span> <span class='ocrx_word' id='word_1_19' title='bbox 1157 933 1343 993; x_wconf 86' lang='lat' dir='ltr'><em>bestia,</em></span> <span class='ocrx_word' id='word_1_20' title='bbox 1394 934 1484 994; x_wconf 89' lang='lat' dir='ltr'><em>qui</em></span> <span class='ocrx_word' id='word_1_21' title='bbox 1526 946 1711 994; x_wconf 87' lang='lat' dir='ltr'><em>corpus</em></span> <span class='ocrx_word' id='word_1_22' title='bbox 1747 946 1800 982; x_wconf 87' lang='lat' dir='ltr'><em>es</em></span> <span class='ocrx_word' id='word_1_23' title='bbox 1834 934 1944 982; x_wconf 87' lang='lat' dir='ltr'><em>sine</em></span> <span class='ocrx_word' id='word_1_24' title='bbox 1970 940 2182 995; x_wconf 81' lang='lat' dir='ltr'><em>pectore</em></span> <span class='ocrx_word' id='word_1_25' title='bbox 2217 940 2264 985; x_wconf 91' lang='lat' dir='ltr'><em>et</em></span> 
     </span>
     <span class='ocr_line' id='line_1_7' title="bbox 13 945 2259 1085; baseline 0 -17.007"><span class='ocrx_word' id='word_1_26' title='bbox 13 945 122 1085; x_wconf 57' lang='grc' dir='ltr'><em>Ξ</em></span> <span class='ocrx_word' id='word_1_27' title='bbox 78 1001 290 1075; x_wconf 72' lang='lat' dir='ltr'><em>nodum</em></span> <span class='ocrx_word' id='word_1_28' title='bbox 324 1019 379 1066; x_wconf 88' lang='lat' dir='ltr'><em>in</em></span> <span class='ocrx_word' id='word_1_29' title='bbox 424 1030 612 1080; x_wconf 79' lang='lat' dir='ltr'><em>scyrpo</em></span> <span class='ocrx_word' id='word_1_30' title='bbox 659 1019 845 1079; x_wconf 79' lang='lat' dir='ltr'><em>queris,</em></span> <span class='ocrx_word' id='word_1_31' title='bbox 922 1017 1045 1066; x_wconf 88' lang='lat' dir='ltr'><em>Noli</em></span> <span class='ocrx_word' id='word_1_32' title='bbox 1078 1019 1321 1078; x_wconf 80' lang='lat' dir='ltr'><em>metuere,</em></span> <span class='ocrx_word' id='word_1_33' title='bbox 1375 1031 1438 1065; x_wconf 91' lang='lat' dir='ltr'><em>ne</em></span> <span class='ocrx_word' id='word_1_34' title='bbox 1484 1031 1585 1067; x_wconf 90' lang='lat' dir='ltr'><em>non</em></span> <span class='ocrx_word' id='word_1_35' title='bbox 1623 1031 1787 1079; x_wconf 76' lang='lat' dir='ltr'><em>reqna</em></span> <span class='ocrx_word' id='word_1_36' title='bbox 1822 1019 1922 1066; x_wconf 86' lang='lat' dir='ltr'><em>sint</em></span> <span class='ocrx_word' id='word_1_37' title='bbox 1958 1017 2259 1078; x_wconf 87' lang='lat' dir='ltr'><em>inferorum.</em></span> 
     </span>
     <span class='ocr_line' id='line_1_8' title="bbox 11 1091 2262 1169; baseline 0 -15"><span class='ocrx_word' id='word_1_38' title='bbox 11 1091 74 1169; x_wconf 59' lang='grc' dir='ltr'><strong>ξ</strong></span> <span class='ocrx_word' id='word_1_39' title='bbox 90 1097 331 1163; x_wconf 76' lang='lat' dir='ltr'><em>Faciam,</em></span> <span class='ocrx_word' id='word_1_40' title='bbox 384 1103 596 1163; x_wconf 73' lang='lat' dir='ltr'><em>Ceorqi,</em></span> <span class='ocrx_word' id='word_1_41' title='bbox 647 1107 702 1151; x_wconf 92' lang='lat' dir='ltr'><em>ut</em></span> <span class='ocrx_word' id='word_1_42' title='bbox 747 1103 849 1151; x_wconf 89' lang='lat' dir='ltr'><em>mei</em></span> <span class='ocrx_word' id='word_1_43' title='bbox 881 1108 1135 1164; x_wconf 88' lang='lat' dir='ltr'><em>perpetuo</em></span> <span class='ocrx_word' id='word_1_44' title='bbox 1181 1103 1493 1163; x_wconf 88' lang='lat' dir='ltr'><em>memineris,</em></span> <span class='ocrx_word' id='word_1_45' title='bbox 1549 1116 1672 1151; x_wconf 83' lang='lat' dir='ltr'><em>neve</em></span> <span class='ocrx_word' id='word_1_46' title='bbox 1709 1103 1763 1151; x_wconf 92' lang='lat' dir='ltr'><em>in</em></span> <span class='ocrx_word' id='word_1_47' title='bbox 1800 1107 1848 1151; x_wconf 91' lang='lat' dir='ltr'><em>te</em></span> <span class='ocrx_word' id='word_1_48' title='bbox 1884 1104 2111 1153; x_wconf 91' lang='lat' dir='ltr'><em>docendo</em></span> <span class='ocrx_word' id='word_1_49' title='bbox 2149 1118 2262 1166; x_wconf 92' lang='lat' dir='ltr'><em>ope-</em></span> 
     </span>
     <span class='ocr_line' id='line_1_9' title="bbox 23 1171 2267 1261; baseline 0.001 -25"><span class='ocrx_word' id='word_1_50' title='bbox 23 1171 41 1261; x_wconf 53' lang='lat'>)</span> <span class='ocrx_word' id='word_1_51' title='bbox 83 1200 208 1246; x_wconf 67' lang='lat' dir='ltr'><em>m</em></span> <span class='ocrx_word' id='word_1_52' title='bbox 234 1188 414 1237; x_wconf 80' lang='lat' dir='ltr'><strong><em>lusisse</em></strong></span> <span class='ocrx_word' id='word_1_53' title='bbox 448 1189 654 1247; x_wconf 88' lang='lat' dir='ltr'><em>videar,</em></span> <span class='ocrx_word' id='word_1_54' title='bbox 704 1191 808 1236; x_wconf 89' lang='lat' dir='ltr'><em>tres</em></span> <span class='ocrx_word' id='word_1_55' title='bbox 857 1189 996 1236; x_wconf 88' lang='lat' dir='ltr'><em>intra</em></span> <span class='ocrx_word' id='word_1_56' title='bbox 1043 1188 1152 1236; x_wconf 91' lang='lat' dir='ltr'><em>dies</em></span> <span class='ocrx_word' id='word_1_57' title='bbox 1196 1200 1388 1236; x_wconf 90' lang='lat' dir='ltr'><em>mecum</em></span> <span class='ocrx_word' id='word_1_58' title='bbox 1435 1201 1548 1237; x_wconf 93' lang='lat' dir='ltr'><em>cum</em></span> <span class='ocrx_word' id='word_1_59' title='bbox 1587 1187 1803 1237; x_wconf 86' lang='lat' dir='ltr'><em>Plutone</em></span> <span class='ocrx_word' id='word_1_60' title='bbox 1845 1189 2106 1248; x_wconf 81' lang='lat' dir='ltr'><em>cenitabis.</em></span> <span class='ocrx_word' id='word_1_61' title='bbox 2181 1189 2267 1238; x_wconf 87' lang='lat' dir='ltr'><em>Ibi</em></span> 
     </span>
     <span class='ocr_line' id='line_1_10' title="bbox 68 1253 2259 1344; baseline -0.001 -19"><span class='ocrx_word' id='word_1_62' title='bbox 68 1273 219 1344; x_wconf 90' lang='grc' dir='ltr'><em>αὕη</em></span> <span class='ocrx_word' id='word_1_63' title='bbox 253 1273 319 1321; x_wconf 79' lang='lat' dir='ltr'><em>de·</em></span> <span class='ocrx_word' id='word_1_64' title='bbox 355 1272 539 1336; x_wconf 78' lang='lat' dir='ltr'><em>Cocyto</em></span> <span class='ocrx_word' id='word_1_65' title='bbox 547 1292 570 1332; x_wconf 42' lang='lat'><em>,*</em></span> <span class='ocrx_word' id='word_1_66' title='bbox 606 1253 914 1334; x_wconf 78' lang='lat' dir='ltr'><em>Acheronte,</em></span> <span class='ocrx_word' id='word_1_67' title='bbox 963 1273 1150 1333; x_wconf 73' lang='lat' dir='ltr'><em>Letheo</em></span> <span class='ocrx_word' id='word_1_68' title='bbox 1187 1279 1361 1333; x_wconf 90' lang='lat' dir='ltr'><em>amne,</em></span> <span class='ocrx_word' id='word_1_69' title='bbox 1401 1271 1585 1336; x_wconf 78' lang='lat' dir='ltr'><em>Styqia</em></span> <span class='ocrx_word' id='word_1_70' title='bbox 1617 1274 1836 1335; x_wconf 86' lang='lat' dir='ltr'><em>palude,</em></span> <span class='ocrx_word' id='word_1_71' title='bbox 1884 1273 2259 1336; x_wconf 73' lang='lat' dir='ltr'><em>Phleqethonte,</em></span> 
     </span>
     <span class='ocr_line' id='line_1_11' title="bbox 19 1342 2257 1421; baseline 0 -13"><span class='ocrx_word' id='word_1_72' title='bbox 19 1389 27 1417; x_wconf 75' lang='lat'><em>.·</em></span> <span class='ocrx_word' id='word_1_73' title='bbox 64 1357 264 1416; x_wconf 14' lang='lat' dir='ltr'><em>&gt;Furiis</em></span> <span class='ocrx_word' id='word_1_74' title='bbox 299 1355 670 1417; x_wconf 85' lang='lat' dir='ltr'><em>infernalibus,</em></span> <span class='ocrx_word' id='word_1_75' title='bbox 731 1356 952 1406; x_wconf 83' lang='lat' dir='ltr'><em>Tantalo</em></span> <span class='ocrx_word' id='word_1_76' title='bbox 997 1359 1148 1406; x_wconf 93' lang='lat' dir='ltr'><em>etiam</em></span> <span class='ocrx_word' id='word_1_77' title='bbox 1196 1371 1260 1407; x_wconf 91' lang='lat' dir='ltr'><em>ac</em></span> <span class='ocrx_word' id='word_1_78' title='bbox 1303 1357 1524 1421; x_wconf 78' lang='lat' dir='ltr'><em>Sysipho</em></span> <span class='ocrx_word' id='word_1_79' title='bbox 1571 1363 1762 1407; x_wconf 89' lang='lat' dir='ltr'><em>certum</em></span> <span class='ocrx_word' id='word_1_80' title='bbox 1807 1342 2050 1408; x_wconf 89' lang='lat' dir='ltr'><em>iudicium</em></span> <span class='ocrx_word' id='word_1_81' title='bbox 2097 1360 2257 1409; x_wconf 88' lang='lat' dir='ltr'><em>dabis.</em></span> 
     </span>
     <span class='ocr_line' id='line_1_12' title="bbox 63 1435 2261 1506; baseline 0 -13"><span class='ocrx_word' id='word_1_82' title='bbox 63 1435 162 1493; x_wconf 56' lang='lat' dir='ltr'><em>v&#39;Te</em></span> <span class='ocrx_word' id='word_1_83' title='bbox 195 1438 392 1504; x_wconf 87' lang='lat' dir='ltr'><em>quoque</em></span> <span class='ocrx_word' id='word_1_84' title='bbox 417 1455 522 1505; x_wconf 86' lang='lat' dir='ltr'><em>per</em></span> <span class='ocrx_word' id='word_1_85' title='bbox 557 1443 678 1491; x_wconf 89' lang='lat' dir='ltr'><em>deos</em></span> <span class='ocrx_word' id='word_1_86' title='bbox 714 1443 1046 1504; x_wconf 86' lang='lat' dir='ltr'><em>immortales,</em></span> <span class='ocrx_word' id='word_1_87' title='bbox 1088 1457 1192 1505; x_wconf 90' lang='lat' dir='ltr'><em>per</em></span> <span class='ocrx_word' id='word_1_88' title='bbox 1237 1447 1420 1505; x_wconf 88' lang='lat' dir='ltr'><em>caput,</em></span> <span class='ocrx_word' id='word_1_89' title='bbox 1467 1456 1566 1505; x_wconf 89' lang='lat' dir='ltr'><em>per</em></span> <span class='ocrx_word' id='word_1_90' title='bbox 1596 1445 1775 1505; x_wconf 77' lang='lat' dir='ltr'><em>fidem,</em></span> <span class='ocrx_word' id='word_1_91' title='bbox 1825 1446 2021 1506; x_wconf 83' lang='lat' dir='ltr'><em>perque</em></span> <span class='ocrx_word' id='word_1_92' title='bbox 2066 1443 2261 1504; x_wconf 85' lang='lat' dir='ltr'><em>inferos</em></span> 
     </span>
     <span class='ocr_line' id='line_1_13' title="bbox 49 1520 2261 1598; baseline 0 -20"><span class='ocrx_word' id='word_1_93' title='bbox 49 1543 59 1563; x_wconf 74' lang='lat'><em>⁴-</em></span> <span class='ocrx_word' id='word_1_94' title='bbox 74 1520 254 1580; x_wconf 52' lang='lat' dir='ltr'><em>&#39;omnes</em></span> <span class='ocrx_word' id='word_1_95' title='bbox 288 1527 530 1598; x_wconf 78' lang='lat' dir='ltr'><em>obtestor,</em></span> <span class='ocrx_word' id='word_1_96' title='bbox 581 1531 640 1576; x_wconf 89' lang='lat' dir='ltr'><em>ut</em></span> <span class='ocrx_word' id='word_1_97' title='bbox 656 1552 658 1554; x_wconf 32' lang='lat' dir='ltr'>v</span> <span class='ocrx_word' id='word_1_98' title='bbox 675 1529 938 1590; x_wconf 86' lang='lat' dir='ltr'><em>epistolam</em></span> <span class='ocrx_word' id='word_1_99' title='bbox 976 1529 1050 1577; x_wconf 94' lang='lat' dir='ltr'><em>ad</em></span> <span class='ocrx_word' id='word_1_100' title='bbox 1082 1542 1160 1577; x_wconf 88' lang='lat' dir='ltr'><em>me</em></span> <span class='ocrx_word' id='word_1_101' title='bbox 1195 1533 1333 1577; x_wconf 89' lang='lat' dir='ltr'><em>tuam</em></span> <span class='ocrx_word' id='word_1_102' title='bbox 1365 1529 1585 1590; x_wconf 75' lang='lat' dir='ltr'><em>flammis</em></span> <span class='ocrx_word' id='word_1_103' title='bbox 1629 1527 1893 1589; x_wconf 77' lang='lat' dir='ltr'><em>confestim</em></span> <span class='ocrx_word' id='word_1_104' title='bbox 1940 1531 2147 1590; x_wconf 86' lang='lat' dir='ltr'><em>tradas,</em></span> <span class='ocrx_word' id='word_1_105' title='bbox 2198 1544 2261 1579; x_wconf 89' lang='lat' dir='ltr'><em>ne</em></span> 
     </span>
     <span class='ocr_line' id='line_1_14' title="bbox 89 1612 2257 1677; baseline 0.001 -14"><span class='ocrx_word' id='word_1_106' title='bbox 89 1612 335 1675; x_wconf 74' lang='lat' dir='ltr'><em>Theoloqi</em></span> <span class='ocrx_word' id='word_1_107' title='bbox 366 1613 509 1662; x_wconf 86' lang='lat' dir='ltr'><em>illam</em></span> <span class='ocrx_word' id='word_1_108' title='bbox 545 1614 769 1674; x_wconf 76' lang='lat' dir='ltr'><em>leqentes</em></span> <span class='ocrx_word' id='word_1_109' title='bbox 799 1616 854 1662; x_wconf 83' lang='lat' dir='ltr'><em>&#39;te</em></span> <span class='ocrx_word' id='word_1_110' title='bbox 882 1618 1155 1676; x_wconf 87' lang='lat' dir='ltr'><em>poetarum</em></span> <span class='ocrx_word' id='word_1_111' title='bbox 1187 1615 1442 1675; x_wconf 77' lang='lat' dir='ltr'><em>fiqmentis</em></span> <span class='ocrx_word' id='word_1_112' title='bbox 1476 1619 1775 1677; x_wconf 88' lang='lat' dir='ltr'><em>corruptum</em></span> <span class='ocrx_word' id='word_1_113' title='bbox 1813 1614 2004 1675; x_wconf 89' lang='lat' dir='ltr'><em>dicant,</em></span> <span class='ocrx_word' id='word_1_114' title='bbox 2047 1629 2257 1665; x_wconf 92' lang='lat' dir='ltr'><em>omnem-</em></span> 
     </span>
     <span class='ocr_line' id='line_1_15' title="bbox 19 1699 1458 1810; baseline 0 -62"><span class='ocrx_word' id='word_1_115' title='bbox 19 1728 34 1810; x_wconf 51' lang='grc' dir='ltr'>ἱ</span> <span class='ocrx_word' id='word_1_116' title='bbox 77 1712 183 1777; x_wconf 77' lang='lat' dir='ltr'><em>que</em></span> <span class='ocrx_word' id='word_1_117' title='bbox 215 1712 285 1748; x_wconf 79' lang='lat' dir='ltr'><em>ex</em></span> <span class='ocrx_word' id='word_1_118' title='bbox 321 1699 424 1748; x_wconf 85' lang='lat' dir='ltr'><em>illis</em></span> <span class='ocrx_word' id='word_1_119' title='bbox 457 1711 692 1748; x_wconf 87' lang='lat' dir='ltr'><em>errorum</em></span> <span class='ocrx_word' id='word_1_120' title='bbox 727 1700 975 1748; x_wconf 88' lang='lat' dir='ltr'><em>sentinam</em></span> <span class='ocrx_word' id='word_1_121' title='bbox 1011 1699 1231 1748; x_wconf 89' lang='lat' dir='ltr'><em>hauriri.</em></span> <span class='ocrx_word' id='word_1_122' title='bbox 1317 1700 1458 1749; x_wconf 72' lang='lat' dir='ltr'><em>Vale.</em></span> 
     </span>
    </p>
   </div>
   <div class='ocr_carea' id='block_1_5' title="bbox 15 1329 82 2023">
    <p class='ocr_par' dir='ltr' id='par_1_5' title="bbox 15 1329 82 2023">
     <span class='ocr_line' id='line_1_16' title="bbox 15 1329 82 2023; baseline 0 -379"><span class='ocrx_word' id='word_1_123' title='bbox 15 1329 82 1865; x_wconf 95' lang='lat' dir='ltr'><em>  </em></span> <span class='ocrx_word' id='word_1_124' title='bbox 22 1865 79 2023; x_wconf 95' lang='lat' dir='ltr'><em> </em></span> 
     </span>
    </p>
   </div>
   <div class='ocr_carea' id='block_1_6' title="bbox 687 2023 1647 2075">
    <p class='ocr_par' dir='ltr' id='par_1_6' title="bbox 687 2023 1647 2075">
     <span class='ocr_line' id='line_1_17' title="bbox 687 2023 1647 2075; baseline 0 -1"><span class='ocrx_word' id='word_1_125' title='bbox 687 2024 1100 2075; x_wconf 85' lang='lat' dir='ltr'><em>Nunciantur</em></span> <span class='ocrx_word' id='word_1_126' title='bbox 1139 2023 1438 2074; x_wconf 81' lang='lat' dir='ltr'><strong><em>Obscuris</em></strong></span> <span class='ocrx_word' id='word_1_127' title='bbox 1474 2039 1647 2075; x_wconf 86' lang='lat' dir='ltr'><em>nova.</em></span> 
     </span>
    </p>
   </div>
   <div class='ocr_carea' id='block_1_7' title="bbox 679 2125 1659 2185">
    <p class='ocr_par' dir='ltr' id='par_1_7' title="bbox 679 2125 1659 2185">
     <span class='ocr_line' id='line_1_18' title="bbox 679 2125 1659 2185; baseline 0.004 -4"><span class='ocrx_word' id='word_1_128' title='bbox 679 2132 722 2180; x_wconf 71' lang='grc' dir='ltr'><em>(ἱ</em></span> <span class='ocrx_word' id='word_1_129' title='bbox 767 2125 980 2184; x_wconf 89' lang='lat' dir='ltr'><em>Sclab</em></span> <span class='ocrx_word' id='word_1_130' title='bbox 997 2126 1237 2184; x_wconf 86' lang='lat' dir='ltr'><em>bertus</em></span> <span class='ocrx_word' id='word_1_131' title='bbox 1280 2126 1659 2185; x_wconf 81' lang='lat' dir='ltr'><em>Kuclcuiclc</em></span> 
     </span>
    </p>
   </div>
   <div class='ocr_carea' id='block_1_8' title="bbox 729 2239 1605 2389">
    <p class='ocr_par' dir='ltr' id='par_1_8' title="bbox 729 2239 1605 2389">
     <span class='ocr_line' id='line_1_19' title="bbox 729 2239 1605 2290; baseline 0.001 -2"><span class='ocrx_word' id='word_1_132' title='bbox 729 2242 852 2289; x_wconf 88' lang='lat' dir='ltr'><em>toti</em></span> <span class='ocrx_word' id='word_1_133' title='bbox 888 2239 1310 2290; x_wconf 87' lang='lat' dir='ltr'><em>Obscurorum</em></span> <span class='ocrx_word' id='word_1_134' title='bbox 1347 2240 1605 2290; x_wconf 75' lang='lat' dir='ltr'><em>cohorti</em></span> 
     </span>
     <span class='ocr_line' id='line_1_20' title="bbox 1041 2338 1289 2389; baseline 0 -1"><span class='ocrx_word' id='word_1_135' title='bbox 1041 2338 1112 2389; x_wconf 88' lang='lat' dir='ltr'><em>.S.</em></span> <span class='ocrx_word' id='word_1_136' title='bbox 1140 2340 1197 2388; x_wconf 90' lang='lat' dir='ltr'><em>P.</em></span> <span class='ocrx_word' id='word_1_137' title='bbox 1226 2340 1289 2388; x_wconf 89' lang='lat' dir='ltr'><em>D.</em></span> 
     </span>
    </p>
   </div>
   <div class='ocr_carea' id='block_1_9' title="bbox 3 2439 2253 3793">
    <p class='ocr_par' dir='ltr' id='par_1_9' title="bbox 11 2439 2253 3461">
     <span class='ocr_line' id='line_1_21' title="bbox 28 2439 2253 2527; baseline 0.001 -25"><span class='ocrx_word' id='word_1_138' title='bbox 28 2466 70 2509; x_wconf 74' lang='grc' dir='ltr'><em>ιο</em></span> <span class='ocrx_word' id='word_1_139' title='bbox 219 2439 448 2503; x_wconf 86' lang='lat' dir='ltr'><em>Solventi</em></span> <span class='ocrx_word' id='word_1_140' title='bbox 478 2452 599 2502; x_wconf 89' lang='lat' dir='ltr'><em>hinc</em></span> <span class='ocrx_word' id='word_1_141' title='bbox 635 2452 1048 2527; x_wconf 77' lang='lat' dir='ltr'><em>Francfordiam</em></span> <span class='ocrx_word' id='word_1_142' title='bbox 1085 2454 1212 2503; x_wconf 88' lang='lat' dir='ltr'><em>mihi</em></span> <span class='ocrx_word' id='word_1_143' title='bbox 1245 2455 1317 2503; x_wconf 90' lang='lat' dir='ltr'><em>ad</em></span> <span class='ocrx_word' id='word_1_144' title='bbox 1351 2447 1604 2503; x_wconf 75' lang='lat' dir='ltr'><em>kalendas</em></span> <span class='ocrx_word' id='word_1_145' title='bbox 1641 2467 1805 2516; x_wconf 91' lang='lat' dir='ltr'><em>nuper</em></span> <span class='ocrx_word' id='word_1_146' title='bbox 1840 2454 2155 2516; x_wconf 89' lang='lat' dir='ltr'><em>septembres,</em></span> <span class='ocrx_word' id='word_1_147' title='bbox 2199 2460 2253 2505; x_wconf 87' lang='lat' dir='ltr'><em>ut</em></span> 
     </span>
     <span class='ocr_line' id='line_1_22' title="bbox 31 2536 2252 2601; baseline 0 -13"><span class='ocrx_word' id='word_1_148' title='bbox 31 2537 252 2599; x_wconf 56' lang='lat' dir='ltr'><em>{Iudeis</em></span> <span class='ocrx_word' id='word_1_149' title='bbox 278 2537 468 2587; x_wconf 77' lang='lat' dir='ltr'><em>Christi</em></span> <span class='ocrx_word' id='word_1_150' title='bbox 500 2536 720 2588; x_wconf 69' lang='lat' dir='ltr'><em>inimicis·</em></span> <span class='ocrx_word' id='word_1_151' title='bbox 755 2552 889 2588; x_wconf 88' lang='lat' dir='ltr'><em>nova</em></span> <span class='ocrx_word' id='word_1_152' title='bbox 927 2540 1145 2601; x_wconf 81' lang='lat' dir='ltr'><em>quedam</em></span> <span class='ocrx_word' id='word_1_153' title='bbox 1183 2538 1475 2601; x_wconf 84' lang='lat' dir='ltr'><em>adferrem,</em></span> <span class='ocrx_word' id='word_1_154' title='bbox 1518 2541 1615 2589; x_wconf 83' lang='lat' dir='ltr'><em>visi</em></span> <span class='ocrx_word' id='word_1_155' title='bbox 1646 2545 1763 2589; x_wconf 91' lang='lat' dir='ltr'><em>sunt</em></span> <span class='ocrx_word' id='word_1_156' title='bbox 1801 2541 1852 2587; x_wconf 90' lang='lat' dir='ltr'><em>in</em></span> <span class='ocrx_word' id='word_1_157' title='bbox 1889 2541 2130 2588; x_wconf 81' lang='lat' dir='ltr'><em>navicula</em></span> <span class='ocrx_word' id='word_1_158' title='bbox 2167 2553 2252 2589; x_wconf 87' lang='lat' dir='ltr'><em>no-</em></span> 
     </span>
     <span class='ocr_line' id='line_1_23' title="bbox 33 2614 2251 2687; baseline 0.001 -15"><span class='ocrx_word' id='word_1_159' title='bbox 33 2614 40 2625; x_wconf 84' lang='grc'><strong>“</strong></span> <span class='ocrx_word' id='word_1_160' title='bbox 76 2628 188 2673; x_wconf 83' lang='lat' dir='ltr'><em>stra</em></span> <span class='ocrx_word' id='word_1_161' title='bbox 212 2623 561 2687; x_wconf 66' lang='lat' dir='ltr'><em>predicator-ii</em></span> <span class='ocrx_word' id='word_1_162' title='bbox 595 2624 792 2673; x_wconf 78' lang='lat' dir='ltr'><em>ordinis</em></span> <span class='ocrx_word' id='word_1_163' title='bbox 822 2623 1025 2685; x_wconf 86' lang='lat' dir='ltr'><em>fratres</em></span> <span class='ocrx_word' id='word_1_164' title='bbox 1063 2629 1200 2686; x_wconf 92' lang='lat' dir='ltr'><em>octo,</em></span> <span class='ocrx_word' id='word_1_165' title='bbox 1252 2631 1301 2675; x_wconf 88' lang='lat' dir='ltr'><em>et</em></span> <span class='ocrx_word' id='word_1_166' title='bbox 1347 2627 1621 2676; x_wconf 77' lang='lat' dir='ltr'><em>clarissimi</em></span> <span class='ocrx_word' id='word_1_167' title='bbox 1664 2625 1858 2686; x_wconf 79' lang='lat' dir='ltr'><em>aliquot</em></span> <span class='ocrx_word' id='word_1_168' title='bbox 1903 2625 2031 2674; x_wconf 91' lang='lat' dir='ltr'><em>iuris</em></span> <span class='ocrx_word' id='word_1_169' title='bbox 2066 2627 2251 2674; x_wconf 89' lang='lat' dir='ltr'><em>utrius-</em></span> 
     </span>
     <span class='ocr_line' id='line_1_24' title="bbox 31 2696 2252 2771; baseline 0 -12"><span class='ocrx_word' id='word_1_170' title='bbox 31 2696 39 2735; x_wconf 89' lang='lat'><strong><em>:</em></strong></span> <span class='ocrx_word' id='word_1_171' title='bbox 77 2722 174 2771; x_wconf 84' lang='lat' dir='ltr'><em>que</em></span> <span class='ocrx_word' id='word_1_172' title='bbox 209 2709 456 2759; x_wconf 84' lang='lat' dir='ltr'><em>doctores.</em></span> <span class='ocrx_word' id='word_1_173' title='bbox 533 2709 737 2771; x_wconf 76' lang='lat' dir='ltr'><em>Maqna</em></span> <span class='ocrx_word' id='word_1_174' title='bbox 774 2711 934 2771; x_wconf 75' lang='lat' dir='ltr'><em>iqz‘tur</em></span> <span class='ocrx_word' id='word_1_175' title='bbox 969 2712 1348 2760; x_wconf 84' lang='lat' dir='ltr'><em>contentionum</em></span> <span class='ocrx_word' id='word_1_176' title='bbox 1385 2711 1563 2760; x_wconf 91' lang='lat' dir='ltr'><em>habita</em></span> <span class='ocrx_word' id='word_1_177' title='bbox 1602 2711 1891 2770; x_wconf 88' lang='lat' dir='ltr'><em>occasione,</em></span> <span class='ocrx_word' id='word_1_178' title='bbox 1934 2711 2132 2759; x_wconf 88' lang='lat' dir='ltr'><em>ostendi</em></span> <span class='ocrx_word' id='word_1_179' title='bbox 2154 2711 2252 2759; x_wconf 88' lang='lat' dir='ltr'><em>illis</em></span> 
     </span>
     <span class='ocr_line' id='line_1_25' title="bbox 36 2794 2245 2859; baseline -0 -15"><span class='ocrx_word' id='word_1_180' title='bbox 36 2803 40 2805; x_wconf 82' lang='grc'><strong>’</strong></span> <span class='ocrx_word' id='word_1_181' title='bbox 77 2795 341 2857; x_wconf 78' lang='lat' dir='ltr'><em>epistolam</em></span> <span class='ocrx_word' id='word_1_182' title='bbox 364 2794 580 2844; x_wconf 89' lang='lat' dir='ltr'><em>Ioannis</em></span> <span class='ocrx_word' id='word_1_183' title='bbox 604 2794 881 2855; x_wconf 83' lang='lat' dir='ltr'><em>Beuchlin,</em></span> <span class='ocrx_word' id='word_1_184' title='bbox 925 2795 999 2843; x_wconf 92' lang='lat' dir='ltr'><em>ad</em></span> <span class='ocrx_word' id='word_1_185' title='bbox 1031 2795 1139 2845; x_wconf 82' lang='lat' dir='ltr'><em>lcal.</em></span> <span class='ocrx_word' id='word_1_186' title='bbox 1158 2797 1403 2859; x_wconf 77' lang='lat' dir='ltr'><em>proxime</em></span> <span class='ocrx_word' id='word_1_187' title='bbox 1439 2795 1645 2859; x_wconf 79' lang='lat' dir='ltr'><em>Apriles</em></span> <span class='ocrx_word' id='word_1_188' title='bbox 1682 2795 1747 2844; x_wconf 95' lang='lat' dir='ltr'><em>ab</em></span> <span class='ocrx_word' id='word_1_189' title='bbox 1784 2808 1843 2844; x_wconf 90' lang='lat' dir='ltr'><em>eo</em></span> <span class='ocrx_word' id='word_1_190' title='bbox 1868 2796 2245 2856; x_wconf 89' lang='lat' dir='ltr'><em>concinnatam,</em></span> 
     </span>
     <span class='ocr_line' id='line_1_26' title="bbox 22 2879 2247 2943; baseline 0 -14"><span class='ocrx_word' id='word_1_191' title='bbox 22 2893 144 2937; x_wconf 58' lang='lat' dir='ltr'><em>tac</em></span> <span class='ocrx_word' id='word_1_192' title='bbox 166 2879 351 2929; x_wconf 85' lang='lat' dir='ltr'><em>deinde</em></span> <span class='ocrx_word' id='word_1_193' title='bbox 373 2880 428 2929; x_wconf 91' lang='lat' dir='ltr'><em>in</em></span> <span class='ocrx_word' id='word_1_194' title='bbox 451 2880 613 2930; x_wconf 89' lang='lat' dir='ltr'><em>lucem</em></span> <span class='ocrx_word' id='word_1_195' title='bbox 649 2882 865 2942; x_wconf 92' lang='lat' dir='ltr'><em>editam,</em></span> <span class='ocrx_word' id='word_1_196' title='bbox 908 2883 962 2930; x_wconf 90' lang='lat' dir='ltr'><em>in</em></span> <span class='ocrx_word' id='word_1_197' title='bbox 999 2894 1100 2943; x_wconf 89' lang='lat' dir='ltr'><em>qua</em></span> <span class='ocrx_word' id='word_1_198' title='bbox 1138 2881 1488 2931; x_wconf 84' lang='lat' dir='ltr'><em>Reverendum</em></span> <span class='ocrx_word' id='word_1_199' title='bbox 1526 2881 1746 2941; x_wconf 76' lang='lat' dir='ltr'><em>heretice</em></span> <span class='ocrx_word' id='word_1_200' title='bbox 1776 2881 2051 2942; x_wconf 83' lang='lat' dir='ltr'><em>pravitatis</em></span> <span class='ocrx_word' id='word_1_201' title='bbox 2075 2880 2247 2942; x_wconf 88' lang='lat' dir='ltr'><em>Inqui-</em></span> 
     </span>
     <span class='ocr_line' id='line_1_27' title="bbox 29 2965 2246 3028; baseline -0.002 -10"><span class='ocrx_word' id='word_1_202' title='bbox 29 3013 34 3018; x_wconf 88' lang='lat'><em>.</em></span> <span class='ocrx_word' id='word_1_203' title='bbox 60 2965 276 3015; x_wconf 82' lang='lat' dir='ltr'><em>-sitorem</em></span> <span class='ocrx_word' id='word_1_204' title='bbox 311 2978 490 3015; x_wconf 85' lang='lat' dir='ltr'><em>canem</em></span> <span class='ocrx_word' id='word_1_205' title='bbox 528 2966 758 3028; x_wconf 88' lang='lat' dir='ltr'><em>appellat</em></span> <span class='ocrx_word' id='word_1_206' title='bbox 792 2971 842 3015; x_wconf 92' lang='lat' dir='ltr'><em>et</em></span> <span class='ocrx_word' id='word_1_207' title='bbox 879 2966 1163 3016; x_wconf 83' lang='lat' dir='ltr'><em>Cerberum.</em></span> <span class='ocrx_word' id='word_1_208' title='bbox 1243 2966 1387 3026; x_wconf 79' lang='lat' dir='ltr'><em>Quod</em></span> <span class='ocrx_word' id='word_1_209' title='bbox 1423 2980 1535 3017; x_wconf 92' lang='lat' dir='ltr'><em>cum</em></span> <span class='ocrx_word' id='word_1_210' title='bbox 1574 2967 1652 3015; x_wconf 90' lang='lat' dir='ltr'><em>illi</em></span> <span class='ocrx_word' id='word_1_211' title='bbox 1685 2966 1970 3026; x_wconf 89' lang='lat' dir='ltr'><em>audissent,</em></span> <span class='ocrx_word' id='word_1_212' title='bbox 2017 2965 2246 3014; x_wconf 83' lang='lat' dir='ltr'><em>‘Menda-</em></span> 
     </span>
     <span class='ocr_line' id='line_1_28' title="bbox 75 3047 2252 3115; baseline -0 -15"><span class='ocrx_word' id='word_1_213' title='bbox 75 3051 206 3100; x_wconf 84' lang='lat' dir='ltr'><em>cium</em></span> <span class='ocrx_word' id='word_1_214' title='bbox 241 3047 328 3100; x_wconf 86' lang='lat' dir='ltr'><em>est’</em></span> <span class='ocrx_word' id='word_1_215' title='bbox 366 3051 617 3113; x_wconf 88' lang='lat' dir='ltr'><em>inquiunt,</em></span> <span class='ocrx_word' id='word_1_216' title='bbox 663 3052 917 3113; x_wconf 88' lang='lat' dir='ltr'><em>‘quoniam</em></span> <span class='ocrx_word' id='word_1_217' title='bbox 954 3056 1077 3101; x_wconf 86' lang='lat' dir='ltr'><em>teste</em></span> <span class='ocrx_word' id='word_1_218' title='bbox 1105 3052 1438 3115; x_wconf 91' lang='lat' dir='ltr'><em>philosopho,</em></span> <span class='ocrx_word' id='word_1_219' title='bbox 1479 3052 1670 3114; x_wconf 90' lang='lat' dir='ltr'><em>species</em></span> <span class='ocrx_word' id='word_1_220' title='bbox 1706 3063 1876 3099; x_wconf 87' lang='lat' dir='ltr'><em>rerum</em></span> <span class='ocrx_word' id='word_1_221' title='bbox 1913 3053 2252 3099; x_wconf 86' lang='lat' dir='ltr'><em>transmutari</em></span> 
     </span>
     <span class='ocr_line' id='line_1_29' title="bbox 75 3134 2246 3199; baseline 0 -14"><span class='ocrx_word' id='word_1_222' title='bbox 75 3148 176 3186; x_wconf 90' lang='lat' dir='ltr'><em>non</em></span> <span class='ocrx_word' id='word_1_223' title='bbox 209 3140 436 3198; x_wconf 83' lang='lat' dir='ltr'><em>possunt.</em></span> <span class='ocrx_word' id='word_1_224' title='bbox 512 3135 621 3185; x_wconf 88' lang='lat' dir='ltr'><em>Nec</em></span> <span class='ocrx_word' id='word_1_225' title='bbox 656 3137 834 3186; x_wconf 88' lang='lat' dir='ltr'><em>iterum</em></span> <span class='ocrx_word' id='word_1_226' title='bbox 874 3137 1119 3187; x_wconf 85' lang='lat' dir='ltr'><em>Cerberus</em></span> <span class='ocrx_word' id='word_1_227' title='bbox 1155 3138 1262 3187; x_wconf 90' lang='lat' dir='ltr'><em>dici</em></span> <span class='ocrx_word' id='word_1_228' title='bbox 1285 3140 1484 3199; x_wconf 89' lang='lat' dir='ltr'><em>potest,</em></span> <span class='ocrx_word' id='word_1_229' title='bbox 1533 3150 1676 3198; x_wconf 90' lang='lat' dir='ltr'><em>quem</em></span> <span class='ocrx_word' id='word_1_230' title='bbox 1719 3134 1912 3184; x_wconf 87' lang='lat' dir='ltr'><em>Tullius</em></span> <span class='ocrx_word' id='word_1_231' title='bbox 1956 3135 2042 3184; x_wconf 89' lang='lat' dir='ltr'><em>lib.</em></span> <span class='ocrx_word' id='word_1_232' title='bbox 2078 3138 2246 3197; x_wconf 89' lang='lat' dir='ltr'><em>primo</em></span> 
     </span>
     <span class='ocr_line' id='line_1_30' title="bbox 14 3219 2246 3285; baseline -0.001 -14"><span class='ocrx_word' id='word_1_233' title='bbox 14 3260 16 3262; x_wconf 84' lang='lat'><em>.</em></span> <span class='ocrx_word' id='word_1_234' title='bbox 79 3219 483 3278; x_wconf 83' lang='lat' dir='ltr'><em>Tusculanarum</em></span> <span class='ocrx_word' id='word_1_235' title='bbox 530 3223 841 3283; x_wconf 79' lang='lat' dir='ltr'><em>questionum</em></span> <span class='ocrx_word' id='word_1_236' title='bbox 888 3236 993 3272; x_wconf 92' lang='lat' dir='ltr'><em>esse</em></span> <span class='ocrx_word' id='word_1_237' title='bbox 1037 3222 1179 3285; x_wconf 91' lang='lat' dir='ltr'><em>apud</em></span> <span class='ocrx_word' id='word_1_238' title='bbox 1215 3221 1411 3282; x_wconf 85' lang='lat' dir='ltr'><em>inferos</em></span> <span class='ocrx_word' id='word_1_239' title='bbox 1446 3225 1614 3282; x_wconf 82' lang='lat' dir='ltr'><em>neqat.</em></span> <span class='ocrx_word' id='word_1_240' title='bbox 1690 3219 1979 3279; x_wconf 78' lang='lat' dir='ltr'><em>Hereticum</em></span> <span class='ocrx_word' id='word_1_241' title='bbox 2016 3226 2089 3269; x_wconf 90' lang='lat' dir='ltr'><em>est</em></span> <span class='ocrx_word' id='word_1_242' title='bbox 2122 3234 2246 3282; x_wconf 76' lang='lat' dir='ltr'><em>erqo</em></span> 
     </span>
     <span class='ocr_line' id='line_1_31' title="bbox 11 3302 2247 3369; baseline -0.001 -13"><span class='ocrx_word' id='word_1_243' title='bbox 11 3320 17 3351; x_wconf 64' lang='lat'>2</span> <span class='ocrx_word' id='word_1_244' title='bbox 77 3306 239 3356; x_wconf 59' lang='lat' dir='ltr'><em>vivian</em></span> <span class='ocrx_word' id='word_1_245' title='bbox 274 3305 523 3356; x_wconf 87' lang='lat' dir='ltr'><em>hominem</em></span> <span class='ocrx_word' id='word_1_246' title='bbox 560 3306 767 3356; x_wconf 85' lang='lat' dir='ltr'><em>bestiam</em></span> <span class='ocrx_word' id='word_1_247' title='bbox 805 3308 934 3368; x_wconf 90' lang='lat' dir='ltr'><em>dici,</em></span> <span class='ocrx_word' id='word_1_248' title='bbox 987 3322 1082 3369; x_wconf 78' lang='lat' dir='ltr'><em>que</em></span> <span class='ocrx_word' id='word_1_249' title='bbox 1120 3308 1342 3355; x_wconf 89' lang='lat' dir='ltr'><em>animam</em></span> <span class='ocrx_word' id='word_1_250' title='bbox 1380 3306 1528 3355; x_wconf 89' lang='lat' dir='ltr'><em>habet</em></span> <span class='ocrx_word' id='word_1_251' title='bbox 1562 3302 1860 3354; x_wconf 86' lang='lat' dir='ltr'><em>mortalem’.</em></span> <span class='ocrx_word' id='word_1_252' title='bbox 1935 3304 2247 3354; x_wconf 84' lang='lat' dir='ltr'><em>Adiecerunt</em></span> 
     </span>
     <span class='ocr_line' id='line_1_32' title="bbox 50 3379 2242 3461; baseline -0.001 -21"><span class='ocrx_word' id='word_1_253' title='bbox 50 3459 53 3461; x_wconf 13' lang='grc' dir='ltr'><em>Β</em></span> <span class='ocrx_word' id='word_1_254' title='bbox 65 3379 309 3455; x_wconf 71' lang='lat' dir='ltr'><em>preterea</em></span> <span class='ocrx_word' id='word_1_255' title='bbox 345 3392 627 3441; x_wconf 89' lang='lat' dir='ltr'><em>istiusmodi</em></span> <span class='ocrx_word' id='word_1_256' title='bbox 659 3393 892 3442; x_wconf 87' lang='lat' dir='ltr'><em>convitiis</em></span> <span class='ocrx_word' id='word_1_257' title='bbox 927 3392 1057 3441; x_wconf 89' lang='lat' dir='ltr'><em>nihil</em></span> <span class='ocrx_word' id='word_1_258' title='bbox 1091 3392 1163 3440; x_wconf 92' lang='lat' dir='ltr'><em>ad</em></span> <span class='ocrx_word' id='word_1_259' title='bbox 1203 3393 1423 3453; x_wconf 85' lang='lat' dir='ltr'><em>primam</em></span> <span class='ocrx_word' id='word_1_260' title='bbox 1461 3390 1783 3452; x_wconf 89' lang='lat' dir='ltr'><em>Inquisitoris</em></span> <span class='ocrx_word' id='word_1_261' title='bbox 1828 3389 2119 3453; x_wconf 77' lang='lat' dir='ltr'><em>apoloqiam</em></span> <span class='ocrx_word' id='word_1_262' title='bbox 2165 3403 2242 3438; x_wconf 92' lang='lat' dir='ltr'><em>re-</em></span> 
     </span>
    </p>

    <p class='ocr_par' dir='ltr' id='par_1_10' title="bbox 3 3474 2242 3624">
     <span class='ocr_line' id='line_1_33' title="bbox 71 3474 2242 3540; baseline -0.002 -13"><span class='ocrx_word' id='word_1_263' title='bbox 71 3489 309 3540; x_wconf 72' lang='lat' dir='ltr'><em>sponsum</em></span> <span class='ocrx_word' id='word_1_264' title='bbox 365 3490 498 3525; x_wconf 91' lang='lat' dir='ltr'><em>esse:</em></span> <span class='ocrx_word' id='word_1_265' title='bbox 551 3474 647 3531; x_wconf 82' lang='lat' dir='ltr'><em>sed</em></span> <span class='ocrx_word' id='word_1_266' title='bbox 697 3477 965 3525; x_wconf 89' lang='lat' dir='ltr'><em>mendacia</em></span> <span class='ocrx_word' id='word_1_267' title='bbox 1019 3477 1178 3525; x_wconf 90' lang='lat' dir='ltr'><em>solum</em></span> <span class='ocrx_word' id='word_1_268' title='bbox 1232 3476 1511 3527; x_wconf 87' lang='lat' dir='ltr'><em>mendaciis</em></span> <span class='ocrx_word' id='word_1_269' title='bbox 1556 3475 1801 3524; x_wconf 88' lang='lat' dir='ltr'><em>adaucta.</em></span> <span class='ocrx_word' id='word_1_270' title='bbox 1877 3474 2069 3524; x_wconf 86' lang='lat' dir='ltr'><em>Scribit</em></span> <span class='ocrx_word' id='word_1_271' title='bbox 2112 3476 2242 3523; x_wconf 87' lang='lat' dir='ltr'><em>enim</em></span> 
     </span>
     <span class='ocr_line' id='line_1_34' title="bbox 3 3547 2237 3624; baseline -0.001 -13"><span class='ocrx_word' id='word_1_272' title='bbox 3 3547 13 3573; x_wconf 58' lang='lat'><strong>⁴</strong></span> <span class='ocrx_word' id='word_1_273' title='bbox 73 3557 429 3624; x_wconf 80' lang='lat' dir='ltr'><em>Inquisitorem</em></span> <span class='ocrx_word' id='word_1_274' title='bbox 460 3561 578 3623; x_wconf 89' lang='lat' dir='ltr'><em>plus</em></span> <span class='ocrx_word' id='word_1_275' title='bbox 612 3566 809 3609; x_wconf 90' lang='lat' dir='ltr'><em>centum</em></span> <span class='ocrx_word' id='word_1_276' title='bbox 845 3561 971 3610; x_wconf 89' lang='lat' dir='ltr'><em>locis</em></span> <span class='ocrx_word' id='word_1_277' title='bbox 1006 3574 1111 3610; x_wconf 92' lang='lat' dir='ltr'><em>esse</em></span> <span class='ocrx_word' id='word_1_278' title='bbox 1146 3561 1428 3621; x_wconf 89' lang='lat' dir='ltr'><em>mentitum,</em></span> <span class='ocrx_word' id='word_1_279' title='bbox 1468 3560 1559 3609; x_wconf 91' lang='lat' dir='ltr'><em>sed</em></span> <span class='ocrx_word' id='word_1_280' title='bbox 1594 3560 1787 3609; x_wconf 91' lang='lat' dir='ltr'><em>nullam</em></span> <span class='ocrx_word' id='word_1_281' title='bbox 1823 3562 2090 3621; x_wconf 88' lang='lat' dir='ltr'><em>rationem,</em></span> <span class='ocrx_word' id='word_1_282' title='bbox 2132 3561 2237 3608; x_wconf 82' lang='lat' dir='ltr'><em>nul-</em></span> 
     </span>
    </p>

    <p class='ocr_par' dir='ltr' id='par_1_11' title="bbox 73 3644 2236 3708">
     <span class='ocr_line' id='line_1_35' title="bbox 73 3644 2236 3708; baseline -0.001 -14"><span class='ocrx_word' id='word_1_283' title='bbox 73 3644 274 3708; x_wconf 83' lang='lat' dir='ltr'><em>lumque</em></span> <span class='ocrx_word' id='word_1_284' title='bbox 319 3647 511 3707; x_wconf 77' lang='lat' dir='ltr'><em>alleqat</em></span> <span class='ocrx_word' id='word_1_285' title='bbox 555 3646 737 3694; x_wconf 89' lang='lat' dir='ltr'><em>locum.</em></span> <span class='ocrx_word' id='word_1_286' title='bbox 823 3646 942 3695; x_wconf 88' lang='lat' dir='ltr'><em>Vult</em></span> <span class='ocrx_word' id='word_1_287' title='bbox 988 3658 1185 3708; x_wconf 89' lang='lat' dir='ltr'><em>quoque</em></span> <span class='ocrx_word' id='word_1_288' title='bbox 1232 3644 1442 3694; x_wconf 90' lang='lat' dir='ltr'><em>eundem</em></span> <span class='ocrx_word' id='word_1_289' title='bbox 1492 3645 1713 3707; x_wconf 87' lang='lat' dir='ltr'><em>(patrem</em></span> <span class='ocrx_word' id='word_1_290' title='bbox 1759 3645 1955 3707; x_wconf 88' lang='lat' dir='ltr'><em>alioqui</em></span> <span class='ocrx_word' id='word_1_291' title='bbox 1988 3644 2236 3707; x_wconf 86' lang='lat' dir='ltr'><em>pientissi-</em></span> 
     </span>
    </p>

    <p class='ocr_par' dir='ltr' id='par_1_12' title="bbox 74 3727 2241 3793">
     <span class='ocr_line' id='line_1_36' title="bbox 74 3727 2241 3793; baseline -0.003 -12"><span class='ocrx_word' id='word_1_292' title='bbox 74 3740 206 3782; x_wconf 77' lang='lat' dir='ltr'><em>mum</em></span> <span class='ocrx_word' id='word_1_293' title='bbox 222 3767 225 3770; x_wconf 83' lang='lat'><em>-</em></span> <span class='ocrx_word' id='word_1_294' title='bbox 230 3731 540 3793; x_wconf 83' lang='lat' dir='ltr'><em>plenumque</em></span> <span class='ocrx_word' id='word_1_295' title='bbox 574 3735 623 3780; x_wconf 89' lang='lat' dir='ltr'><em>et</em></span> <span class='ocrx_word' id='word_1_296' title='bbox 659 3728 827 3790; x_wconf 78' lang='lat' dir='ltr'><em>officii</em></span> <span class='ocrx_word' id='word_1_297' title='bbox 858 3735 908 3780; x_wconf 94' lang='lat' dir='ltr'><em>et</em></span> <span class='ocrx_word' id='word_1_298' title='bbox 942 3731 1228 3792; x_wconf 75' lang='lat' dir='ltr'><em>reliqionis)</em></span> <span class='ocrx_word' id='word_1_299' title='bbox 1258 3727 1545 3793; x_wconf 74' lang='lat' dir='ltr'><em>profuqum</em></span> <span class='ocrx_word' id='word_1_300' title='bbox 1583 3730 1647 3779; x_wconf 91' lang='lat' dir='ltr'><em>ab</em></span> <span class='ocrx_word' id='word_1_301' title='bbox 1686 3730 1809 3779; x_wconf 90' lang='lat' dir='ltr'><em>urbe</em></span> <span class='ocrx_word' id='word_1_302' title='bbox 1845 3734 2139 3791; x_wconf 81' lang='lat' dir='ltr'><em>turpemque</em></span> <span class='ocrx_word' id='word_1_303' title='bbox 2161 3729 2241 3775; x_wconf 78' lang='lat' dir='ltr'><em>ree·</em></span> 
     </span>
    </p>
   </div>
   <div class='ocr_carea' id='block_1_10' title="bbox 0 2023 66 2391">
    <p class='ocr_par' dir='ltr' id='par_1_13' title="bbox 0 2023 66 2391">
     <span class='ocr_line' id='line_1_37' title="bbox 0 2058 10 2061; textangle 90"><span class='ocrx_word' id='word_1_304' title='bbox 0 2058 10 2061; x_wconf 67' lang='grc' dir='ltr'>ι</span> 
     </span>
     <span class='ocr_line' id='line_1_38' title="bbox 35 2023 55 2391; textangle 90"><span class='ocrx_word' id='word_1_305' title='bbox 36 2357 44 2391; x_wconf 65' lang='lat'><em>²*</em></span> <span class='ocrx_word' id='word_1_306' title='bbox 37 2307 51 2327; x_wconf 68' lang='lat'><em>¹;</em></span> <span class='ocrx_word' id='word_1_307' title='bbox 35 2023 55 2277; x_wconf 46' lang='grc' dir='ltr'><em>ῑῂ-’ῂκ,</em></span> 
     </span>
     <span class='ocr_line' id='line_1_39' title="bbox 58 2102 66 2107; textangle 90"><span class='ocrx_word' id='word_1_308' title='bbox 58 2102 66 2107; x_wconf 81' lang='grc' dir='ltr'>ι</span> 
     </span>
    </p>
   </div>
   <div class='ocr_carea' id='block_1_11' title="bbox 7 3115 43 3157">
    <p class='ocr_par' dir='ltr' id='par_1_14' title="bbox 7 3115 43 3157">
     <span class='ocr_line' id='line_1_40' title="bbox 7 3115 43 3157; baseline 0 0"><span class='ocrx_word' id='word_1_309' title='bbox 7 3115 43 3157; x_wconf 76' lang='grc' dir='ltr'>·’.Ι</span> 
     </span>
    </p>
   </div>
   <div class='ocr_carea' id='block_1_12' title="bbox 75 3839 411 3852">
    <p class='ocr_par' dir='ltr' id='par_1_15' title="bbox 75 3839 411 3852">
     <span class='ocr_line' id='line_1_41' title="bbox 75 3839 411 3852; baseline 0 412"><span class='ocrx_word' id='word_1_310' title='bbox 75 3839 411 3852; x_wconf 95' lang='lat' dir='ltr'><em> </em></span> 
     </span>
    </p>
   </div>
   <div class='ocr_carea' id='block_1_13' title="bbox 29 3878 2233 4017">
    <p class='ocr_par' dir='ltr' id='par_1_16' title="bbox 29 3878 2233 4017">
     <span class='ocr_line' id='line_1_42' title="bbox 29 3878 2233 3950; baseline -0.004 -23"><span class='ocrx_word' id='word_1_311' title='bbox 29 3930 44 3950; x_wconf 74' lang='lat'><em>.-</em></span> <span class='ocrx_word' id='word_1_312' title='bbox 151 3881 224 3923; x_wconf 38' lang='lat'><em>..2⁴</em></span> <span class='ocrx_word' id='word_1_313' title='bbox 260 3885 516 3939; x_wconf 79' lang='lat' dir='ltr'><em>Repetetur</em></span> <span class='ocrx_word' id='word_1_314' title='bbox 553 3883 654 3925; x_wconf 83' lang='lat' dir='ltr'><em>haec</em></span> <span class='ocrx_word' id='word_1_315' title='bbox 694 3883 895 3939; x_wconf 74' lang='lat' dir='ltr'><em>epistula</em></span> <span class='ocrx_word' id='word_1_316' title='bbox 933 3883 992 3925; x_wconf 83' lang='lat' dir='ltr'><em>ad</em></span> <span class='ocrx_word' id='word_1_317' title='bbox 1023 3883 1202 3926; x_wconf 81' lang='lat' dir='ltr'><em>calcem</em></span> <span class='ocrx_word' id='word_1_318' title='bbox 1232 3883 1611 3926; x_wconf 81' lang='lat' dir='ltr'><em>Ortvinianarum</em></span> <span class='ocrx_word' id='word_1_319' title='bbox 1642 3883 1918 3932; x_wconf 69' lang='lat' dir='ltr'><em>naeniarum,</em></span> <span class='ocrx_word' id='word_1_320' title='bbox 1961 3878 2233 3932; x_wconf 75' lang='lat' dir='ltr'><em>interposita</em></span> 
     </span>
     <span class='ocr_line' id='line_1_43' title="bbox 76 3946 2174 4017; baseline -0.001 -24"><span class='ocrx_word' id='word_1_321' title='bbox 76 3949 196 4017; x_wconf 79' lang='lat' dir='ltr'><em>inter</em></span> <span class='ocrx_word' id='word_1_322' title='bbox 224 3953 582 3997; x_wconf 80' lang='lat' dir='ltr'><em>Hoehstraticas</em></span> <span class='ocrx_word' id='word_1_323' title='bbox 614 3953 849 4008; x_wconf 76' lang='lat' dir='ltr'><em>epistolas.</em></span> <span class='ocrx_word' id='word_1_324' title='bbox 938 3953 976 3980; x_wconf 84' lang='lat'><em>²⁷</em></span> <span class='ocrx_word' id='word_1_325' title='bbox 1005 3952 1190 4009; x_wconf 86' lang='lat' dir='ltr'><em>philos.]</em></span> <span class='ocrx_word' id='word_1_326' title='bbox 1223 3955 1270 3995; x_wconf 89' lang='lat' dir='ltr'><em>in</em></span> <span class='ocrx_word' id='word_1_327' title='bbox 1301 3954 1572 3997; x_wconf 82' lang='lat' dir='ltr'><em>Praedicam.</em></span> <span class='ocrx_word' id='word_1_328' title='bbox 1662 3951 1699 3979; x_wconf 58' lang='grc' dir='ltr'><em>’Β</em></span> <span class='ocrx_word' id='word_1_329' title='bbox 1733 3953 1816 3994; x_wconf 86' lang='lat' dir='ltr'><em>Cic.</em></span> <span class='ocrx_word' id='word_1_330' title='bbox 1839 3952 1974 3991; x_wconf 69' lang='lat' dir='ltr'><em>Tuae.</em></span> <span class='ocrx_word' id='word_1_331' title='bbox 1997 3950 2050 3999; x_wconf 81' lang='lat' dir='ltr'><em>Q.</em></span> <span class='ocrx_word' id='word_1_332' title='bbox 2075 3950 2109 3989; x_wconf 91' lang='grc' dir='ltr'><em>Ι.</em></span> <span class='ocrx_word' id='word_1_333' title='bbox 2133 3946 2174 3990; x_wconf 86' lang='grc'><em>6.</em></span> 
     </span>
    </p>
   </div>
  </div>
 </body>
</html>
