2456 4264
484 251 541 284 53.
566 255 795 284 IonAmus
818 256 1156 287 scnnnnrztcx.
1217 252 1274 286 54.
1298 256 1540 283 wlnussmn
1563 256 1747 283 muco'r.
2069 233 2178 289 271

35 387 282 469 lolia-nes
305 385 368 436 de
396 385 550 443 Wiok,
589 387 701 450 quia
739 388 846 452 ipse
884 393 959 437 est
983 403 1128 437 causa
1169 387 1301 451 quod
1326 385 1568 436 Reucblin
1609 386 1737 436 bene
1762 392 1857 436 stat
1882 392 1930 436 et
1955 386 2192 451 Theologi

32 470 180 533 fide.
239 471 316 521 Et
359 471 452 520 nisi
499 471 605 536 ipse
654 471 848 528 suisset,
898 471 1010 521 talia
1058 487 1158 521 non
1206 472 1411 538 fuissent
1459 477 1756 536 perpetrata.
1831 471 1892 521 Et
1938 472 2008 521 sic
2045 472 2193 521 credo

7 548 173 639 “uod
203 555 335 606 bene
363 555 594 621 expedivi
636 572 714 606 me
751 556 1018 606 scribendo
1057 557 1187 621 quod
1228 563 1396 620 postea
1435 571 1534 605 non
1576 557 1777 620 potestis
1815 557 1932 606 mihi
1972 556 2193 606 scribere

0 640 147 710 m
183 641 441 706 vituperia.
516 642 648 704 Ergo
687 640 867 692 V.alete
943 642 1118 691 Datum
1159 642 1375 706 Romane
1415 642 1576 705 Curie.

0 818 75 893 μ’

0 916 116 1135 3:¹³:
184 1090 189 1094 „
682 1035 724 1082 (Ι
776 1024 1232 1086 Wilhelmus
1278 1024 1548 1085 Bricot

0 1139 100 1239 ³5,
141 1181 167 1202 U
625 1138 960 1208 Magistro
1010 1138 1302 1192 Ortvino
1352 1138 1603 1192 GratiO.

0 1164 133 1322 Blbra}
173 1253 295 1313 Quia
343 1269 543 1320 semper
590 1255 753 1319 petitis
801 1255 956 1320 quod
984 1254 1094 1304 volo
1143 1253 1281 1303 vobis
1329 1265 1451 1304 nova
1501 1253 1745 1311 scribere,
1798 1261 1846 1302 et
1893 1271 1983 1320 ego
2030 1263 2194 1308 tamen

166 1338 361 1390 scribo
406 1338 568 1396 vobiS,
620 1339 705 1389 sed
756 1354 854 1388 non
904 1341 1059 1389 iuvat:
1119 1355 1238 1404 ergo
1286 1341 1466 1390 iterum
1516 1338 1736 1389 scrihere
1783 1335 1919 1389 vobis
1966 1341 2098 1401 volo,
2150 1351 2197 1394 et

169 1432 171 1434 ’
215 1425 356 1492 quod
391 1425 619 1475 sufficiet.
698 1426 839 1475 Venit
885 1424 1003 1474 mihi
1053 1427 1102 1474 in
1151 1425 1292 1475 litera
1343 1442 1401 1475 ex
1440 1425 1658 1475 Romana
1699 1424 1845 1476 Urbis
1883 1425 2025 1476 Curia
2065 1430 2195 1493 quod

216 1503 467 1561 us'Finck
495 1509 922 1574 ‚singularissimus
960 1511 1123 1560 fautor
1163 1518 1324 1561 vester
1363 1517 1437 1561 est
1474 1516 1722 1567 mortium,
1764 1516 1811 1559 et
1848 1510 1998 1576 aliqui
2036 1513 2194 1564 Curti-

119 1597 135 1608 '
167 1595 455 1646 {ammaum
491 1597 567 1646 sui
604 1595 889 1646 babuerunt
926 1611 1006 1646 me
1045 1603 1273 1660 rogatum
1312 1597 1442 1662 quod
1493 1596 1601 1646 volo
1651 1597 1695 1645 ei
1745 1611 2044 1661 componere
2082 1598 2194 1665 Epi·

4 1684 11 1693 ’
55 1669 60 1674 ’
110 1679 264 1732 bium.
339 1679 480 1740 Quod
517 1682 612 1731 feci
648 1683 742 1731 sic:

367 1767 459 1818 Hic
493 1769 620 1817 iacet
658 1769 901 1818 extinctus
1011 1769 1259 1833 quondam
1299 1768 1593 1818 venerabilis
1632 1767 1846 1819 Finckus

484 1853 540 1903 ln
578 1853 735 1904 rubea
774 1860 914 1918 toga:
1024 1869 1116 1918 pro
1155 1870 1214 1903 eo
1253 1854 1398 1903 deum
1437 1868 1586 1918 roga:

367 1939 516 1990 Cuius
553 1939 666 1989 olim
706 1946 877 1989 venter
985 1939 1110 1989 bibit
1146 1939 1343 1989 Cursica
1384 1940 1491 1988 vina
1529 1937 1765 1988 libenter:

482 2025 549 2084 ln¹
576 2025 672 2075 fide
710 2040 917 2091 syncera
1027 2030 1076 2074 et
1113 2023 1359 2074 Charitate
1400 2039 1528 2074 vera.

230 2124 355 2175 rogo
392 2110 454 2161 de
491 2109 630 2160 vobis
667 2111 798 2175 quod
838 2110 992 2161 velitis
1030 2126 1107 2160 me
1145 2116 1307 2159 tamen
1347 2110 1590 2159 instruere
1636 2110 1881 2173 quomodo
1926 2110 2082 2160 debeo
2121 2112 2191 2160 in-

165 2208 252 2247 ere
297 2196 430 2263 quod
470 2195 835 2246 parrhisienses
883 2196 1078 2262 quando
1127 2196 1428 2246 sententiant
1476 2211 1624 2260 supet
1665 2195 1926 2259 Speculum
1978 2195 2190 2250 oculare

270 2282 362 2332 ista
409 2281 561 2332 verba
613 2283 754 2332 ‘citra
809 2289 974 2333 tamen
1028 2282 1213 2332 autoris
1266 2281 1420 2345 ipsius
1468 2286 1656 2337 notam,
1718 2296 1863 2346 quem
1914 2280 1976 2329 ob
2031 2280 2189 2330 humi-

173 2366 290 2417 eius
326 2365 708 2419 submissionem
758 2375 807 2419 et
853 2367 945 2418 alia
994 2368 1099 2418 eius
1145 2365 1407 2417 laudabilia
1458 2366 1637 2431 scripta
1678 2380 1770 2432 pro
1811 2365 2059 2416 Catlnolico
2106 2366 2191 2416 lia·

232 2450 418 2511 ·Quia
463 2468 567 2504 non
607 2455 710 2505 scio
749 2454 864 2520 quid
904 2459 1003 2512 est,
1054 2453 1185 2519 quod
1225 2450 1490 2517 Speculum
1530 2450 1730 2502 oculare
1777 2451 1923 2502 dehet
1971 2451 2192 2502 combuti

37 2520 266 2618 §liquam
303 2535 431 2590 liber
467 2539 718 2605 hereticus
756 2539 861 2590 sine
897 2539 1096 2589 infamia
1135 2537 1368 2588 Iohannis
1406 2535 1647 2587 Reuchlin
1698 2538 1782 2608 qui
1828 2539 2102 2603 composuit
2149 2544 2195 2587 et

38 2619 197 2693 flhuc
232 2621 453 2675 defendit
489 2641 619 2676 eum.
695 2626 816 2685 Quia
858 2625 1046 2675 videtur
1085 2624 1215 2688 quod
1255 2623 1430 2690 aliquis
1468 2624 1668 2679 artifex,
1710 2624 1792 2687 qui
1832 2630 1904 2674 est
1943 2637 2086 2672 causa
2126 2623 2194 2673 es-

0 2701 223 2767 nuens,
259 2710 416 2775 magis
453 2708 602 2761 debet
639 2709 824 2762 babere
864 2710 1056 2776 culpam
1098 2725 1243 2775 quam
1283 2724 1365 2759 res
1403 2707 1481 2759 illa
1523 2723 1667 2774 quam
1708 2709 1836 2758 facit.
1912 2709 2067 2758 Etiam
2096 2707 2193 2758 vel·

38 2788 134 2844 Dm
168 2795 302 2860 quod
339 2794 671 2846 Lovanienses
707 2797 757 2845 in
799 2784 1013 2861 Epistola
1052 2796 1111 2845 ad
1151 2810 1329 2861 papam
1370 2810 1466 2843 uon
1516 2795 1851 2859 scripsissent,
1905 2793 2033 2859 quod
2074 2794 2194 2844 Seu-

0 2867 181 2930 'bntia
217 2878 632 2932 Parrhisiensium
673 2889 720 2931 et
757 2881 1109 2932 condemnatio
1147 2879 1333 2946 speculi
1373 2878 1602 2930 Oculal's
1638 2878 1796 2929 attulit
1834 2879 1949 2944 ipsis
1987 2877 2193 2929 multum

0 2957 313 3030 'Opidmalis
349 2965 689 3024 iocunditatiS‚
741 2968 850 3032 quia
891 2967 1240 3018 Sanctissimus
1291 2966 1520 3015 (lominus
1559 2965 1687 3030 Papa
1742 2963 1999 3029 cogitabit:
2051 2963 2194 3014 ‘Ecce

0 3067 4 3084 ·
37 3054 168 3102 hnc
204 3050 345 3102 video
382 3051 513 3117 quod
552 3050 670 3102 nibil
711 3060 783 3102 est
822 3053 868 3102 iu
908 3051 1171 3116 Theologis
1209 3052 1299 3102 nisi
1339 3065 1460 3116 pura
1501 3049 1704 3099 Invidia:
1755 3051 1805 3099 Si
1856 3050 1983 3099 euim
2033 3055 2190 3099 essent

5 3128 292 3202 theologi,
329 3136 481 3187 immo
518 3137 559 3187 si
597 3143 762 3187 essent
788 3137 1067 3195 Christiani,
1107 3137 1347 3188 deberent
1384 3137 1544 3202 potius
1582 3135 1969 3200 compassionem
2010 3133 2193 3184 babere

40 3207 100 3277 b
134 3219 275 3272 malis
310 3220 517 3272 alicuius
555 3220 817 3273 Christiani
856 3238 1002 3287 quam
1042 3223 1258 3286 gaudere
1306 3227 1354 3270 et
1407 3219 1654 3270 exultare'.
1732 3220 1792 3270 Et
1829 3220 2039 3270 credatis
2078 3218 2194 3270 mibi

37 3295 167 3378 *od
203 3305 300 3356 hoc
338 3305 545 3357 multum
584 3307 895 3373 promovebit
932 3323 1131 3359 causam
1159 3306 1388 3357 lobannis
1415 3304 1679 3363 Reuchliu,
1720 3310 1767 3354 et
1794 3320 1965 3355 omnes
1991 3305 2195 3356 credent

209 3407 268 3443 ex
307 3391 486 3442 invidia
526 3390 818 3442 tribulatur:
867 3393 997 3459 quod
1038 3399 1202 3443 tamen
1240 3392 1288 3440 in
1331 3391 1399 3440 rei
1441 3390 1640 3440 veritate
1681 3404 1928 3457 nunquam
1970 3404 2192 3456 comper-

117 3473 123 3476 *
180 3483 269 3528 est.
344 3477 467 3537 Quia
518 3475 598 3526 ille
646 3477 955 3528 adversarius
1005 3484 1174 3527 noster
1222 3492 1307 3524 seu
1363 3476 1524 3539 potius
1564 3476 1609 3525 iu
1650 3475 1844 3525 Christo
1884 3477 2093 3530 amicus,
2147 3483 2193 3524 et.

35 1394 51 1423 n

49 3635 78 3685 ,ἵ
152 3630 167 3660 ¹
198 3634 264 3676 10.
286 3637 330 3677 4.
360 3635 488 3675 Ioan.
513 3634 568 3674 (le
602 3635 735 3687 wicg.
759 3638 801 3675 5.
892 3632 906 3658 ⁴
938 3650 961 3673 e
996 3637 1035 3675 4.
1059 3634 1134 3675 bin.

56 3710 76 3747 G·
151 3702 171 3731 ⁸
202 3703 487 3747 Guilhelmns
519 3709 559 3745 5.
649 3704 666 3729 ‘¹
696 3706 756 3746 M.
782 3708 823 3746 4.
838 3710 876 3746 5.
967 3707 983 3727 ‘⁹
1015 3720 1038 3745 e
1063 3708 1104 3746 4.
1135 3718 1160 3758 ⁴2
1183 3708 1223 3745 5.
1315 3703 1348 3729 ¹⁰
1381 3701 1449 3744 Ιῇι
1481 3708 1520 3744 5.
1616 3703 1643 3729 ¹¹
1679 3719 1701 3743 e
1726 3706 1765 3745 4.
1799 3718 1823 3758 e
1847 3708 1887 3745 5.
1979 3703 2121 3752 Fineg
2151 3705 2189 3743 5.

47 3766 81 3820 Q
106 3776 348 3818 exsuctus
378 3780 419 3817 5.
531 3776 728 3817 Fineus:
760 3780 799 3818 5.
890 3776 922 3801 ¹⁰
954 3773 1258 3829 sententiam]
1298 3775 1536 3816 sententie}
1568 3778 1608 3818 4.
1661 3775 1802 3815 fnium
1834 3779 1873 3815 5.
1915 3773 2187 3813 senteutiam

0 3861 2 3867 ·
45 3838 196 3888 hunt
221 3852 400 3888 recente.
490 3845 526 3872 ²³
559 3860 583 3887 e
616 3849 656 3887 4.
688 3862 714 3901 ⁴?
746 3852 787 3888 5.
896 3847 1083 3888 Ioannis
1116 3847 1228 3887 Reu.
1251 3852 1289 3888 5.
1376 3845 1413 3871 ²⁰
1446 3846 1716 3886 bononis-ses
1739 3849 1779 3885 4.
1813 3844 2116 3885 Lououieusen
2148 3845 2188 3880 5.

44 3910 379 3959 ”conflentio
410 3924 450 3959 5.
540 3917 575 3943 ²⁹
608 3917 846 3971 Cogitabit
878 3922 921 3959 4.
1008 3918 1046 3943 ³⁰
1078 3947 1089 3957 .
1112 3919 1253 3958 Immo
1278 3920 1370 3957 4.5.
1460 3917 1495 3942 ³²
1527 3917 1588 3957 10.
1617 3916 1664 3956 tt.
1691 3919 1728 3955 4.
1766 3917 1825 3955 lo.
1853 3915 1927 3954 lev,
1952 3917 1990 3952 5.
