2456 4264
322 279 430 309 vor..
453 279 486 307 1.
547 273 603 307 38.
625 277 831 307 nuronm
852 278 1152 308 rnnanrusn.
1241 273 1298 307 39.
1322 278 1624 308 PADORMANM
1647 280 1993 311 FORNACOEICIS.
2162 261 2237 317 57

3 411 5 413 ’
47 411 236 463 ath-a
268 406 605 473 religiositate.
679 407 742 458 Et
779 423 891 461 cum
931 413 1147 471 arguunt
1184 408 1315 473 quod
1355 409 1577 473 ipsorum
1604 417 1890 474 argumenta
1918 427 2017 460 non
2045 414 2242 463 conclu-

2 529 6 532 -
36 480 206 563 [Qum
237 486 534 544 formaliter:
573 492 694 543 alias
732 509 790 543 ex
828 494 987 558 prima
1027 493 1217 542 ratione
1255 499 1547 557 sequeretur
1586 495 1718 558 quod
1756 495 1824 544 illi
1860 496 2123 546 Christiani
2161 501 2243 561 qui

0 592 8 628 ζ
158 587 161 589 ’
186 579 407 631 iderunt
441 585 646 644 propter
684 594 822 628 suam
861 576 1105 627 luxuriam
1144 584 1335 642 partein
1377 594 1523 645 unam
1564 595 1590 629 e
1628 596 1718 630 suo
1756 581 2000 638 membre,
2041 589 2093 632 ut
2129 598 2245 648 sepe

107 659 115 667 ’
190 666 231 710 1‘12
256 665 317 725 ‚it
359 665 412 713 in
450 663 756 728 secularibus
794 668 842 712 et
878 662 1216 727 spiritualibus
1254 665 1498 728 personis,
1539 665 1682 714 etiam
1723 666 2047 717 crederentur
2086 669 2132 717 in
2162 685 2244 717 ex-

101 753 114 761 ‘
273 748 455 800 iudicio
495 763 603 799 esse
640 748 798 812 Iudei:
837 748 923 798 sed
962 747 1058 797 hoc
1092 763 1317 799 asserere
1343 756 1415 799 est
1440 749 1727 814 hereticum,
1769 756 1816 800 et
1840 754 2060 814 magistri
2088 756 2245 803 nostri

48 843 67 878 ’4
143 833 168 897 J
222 856 284 879 ,μ’
344 835 596 899 pravitatis
640 833 957 898 inquisitores
1003 848 1313 898 nequaquam
1354 835 1655 892 concedunt,
1703 837 1815 900 quia
1855 838 1946 901 ipsi
1986 837 2245 902 aliquando

173 942 212 967 ω
237 925 377 972 ⁴sunt
413 919 686 969 defectuosi
722 919 774 967 in
811 919 900 968 ista
940 925 1106 983 parte;
1156 919 1244 969 sed
1283 919 1377 969 hoc
1415 935 1515 970 non
1555 922 1796 984 contingit
1833 922 1950 986 ipsis
1989 937 2045 971 ex
2087 939 2245 972 mere-

62 996 302 1069 quanm,
339 1005 426 1056 sed
464 1004 662 1069 quando
701 1005 750 1053 in
788 1002 978 1055 balneis
1016 1021 1069 1054 se
1107 1020 1208 1054 non
1247 1005 1520 1069 prevident.
1595 1004 1782 1054 Iccirco
1821 1020 2001 1070 precor
2028 1007 2246 1056 domina-

298 1095 512 1140 vestram
549 1089 800 1140 humiliter
840 1094 888 1139 et
925 1089 1176 1139 devotarie
1214 1090 1344 1154 quod
1384 1089 1540 1139 velitis
1578 1097 1736 1139 vestra
1777 1090 2048 1140 descisione
2087 1092 2246 1142 deter-

70 1179 199 1239 ’,πε
238 1179 271 1227 ’θ
306 1176 381 1226 rei
415 1177 699 1232 veritatem,
749 1180 798 1225 et
844 1176 1152 1238 interrogare
1199 1190 1406 1224 uxorem
1455 1174 1640 1224 domini
1686 1175 1885 1224 loannis
1922 1175 2246 1234 Pfess'erkorn,

55 1276 284 1327 221quo
322 1276 436 1312 eum
483 1276 539 1310 ea
576 1259 706 1311 ben'e
743 1260 905 1318 statiS,
960 1266 1007 1310 et
1043 1259 1123 1309 illa
1163 1275 1262 1308 non
1301 1260 1662 1310 verecundatur
1702 1260 1866 1310 dicere
1905 1276 2070 1310 coram
2111 1262 2247 1312 vohis

31 1351 370 1415 *murique
415 1345 559 1396 vultis
606 1350 814 1411 propter
867 1344 998 1395 illam
1051 1345 1358 1395 amicabilem
1407 1347 1830 1396 conversationem
1872 1361 2030 1410 quam
2057 1347 2247 1397 habetis

31 1435 208 1507 m
231 1433 342 1482 viro
392 1447 498 1482 suo.
573 1431 636 1482 Et
684 1445 775 1495 ego
815 1432 960 1482 etiam
999 1431 1143 1481 audio
1167 1430 1314 1496 *quod
1355 1431 1471 1479 estis
1510 1432 1616 1481 eius
1654 1430 1934 1485 confessor:
1964 1439 2246 1497 propterea

61 1515 280 1585 patmus
314 1529 437 1568 eam·
462 1515 763 1583 compellere
802 1517 894 1567 sub
933 1532 1060 1582 pena
1099 1522 1268 1581 sancte
1307 1515 1610 1581 obedientie:
1662 1517 1860 1567 dicatis:
1903 1517 2124 1567 ‘Domina
2163 1520 2245 1574 mi,

60 1600 230 1666 nolite
265 1602 614 1665 verecundari,
664 1618 756 1668 ego
795 1603 897 1652 scio
937 1603 1066 1668 quod
1109 1603 1224 1653 estis
1261 1601 1466 1652 honesta
1506 1616 1742 1666 persona,
1793 1603 1919 1652 sicut
1957 1609 2029 1653 est
2067 1619 2160 1652 nna
2200 1604 2246 1653 in

46 1674 303 1749 ‘ebionim
340 1703 442 1738 non
466 1694 581 1753 peto
607 1688 923 1755 inhonestum
951 1705 977 1738 a
1003 1688 1157 1744 vobis,
1195 1688 1280 1738 sed
1308 1693 1361 1737 ut
1386 1687 1706 1738 manifestetis
1732 1687 1852 1737 mihi
1877 1689 1949 1738 rei
1979 1690 2246 1745 veritatem,

45 1760 246 1825 ‘atrum
280 1775 487 1824 maritus
524 1780 685 1824 vester
721 1773 873 1824 hahet
911 1776 1191 1840 preputium
1230 1773 1304 1824 vel
1343 1774 1474 1822 non?
1513 1772 1684 1822 dicatis
1721 1773 1954 1822 audacter
1980 1775 2083 1823 sine
2112 1790 2246 1824 vere-

71 1859 270 1918 mdia,
309 1861 480 1910 amere
518 1859 614 1917 dei,
654 1860 771 1924 quid
810 1859 1029 1909 tacetis?
1104 1859 1284 1910 Verum
1326 1873 1418 1922 ego
1457 1858 1571 1908 nolo
1599 1875 1684 1909 vos
1711 1859 1919 1908 docere:
1962 1875 2045 1908 vos
2073 1859 2247 1909 melius

58 1945 210 2002 „scitis
254 1945 503 2011 quomodo
550 1943 739 1995 dehetis
787 1960 873 1994 vos
920 1944 1106 1994 habere
1155 1960 1266 1994 cum
1317 1942 1636 2000 uulneribus,
1687 1959 1833 2009 quam
1884 1959 1991 2008 ego.
2071 1944 2245 1994 Datum

71 2030 256 2096 raptim
293 2045 354 2080 ex
391 2029 699 2096 Erphurdiaz
739 2046 798 2080 ex
837 2029 1078 2080 Dracone.

2 1512 13 1545 —⁴
5 1452 13 1501 Δ-
0 1377 14 1429 Aa>
0 1092 13 1357 ἀα-Μ’.--
0 831 11 1080 *lm—*⁴3

77 941 83 950 .,
81 925 88 930 v

0 1799 16 1978 ff⁸ff¹i=ssu*.e
4 1758 13 1790 ⁴⁴..
11 1732 13 1740 .
0 1637 14 1721 ‘'-
5 1620 13 1628 ι

1116 2264 1202 2326 38.

562 2383 1170 2446 Padormannus
1218 2384 1758 2446 Fornacificis

1019 2500 1295 2550 licentiatus

691 2598 1024 2669 Magistro
1064 2597 1349 2652 Ortvino
1389 2597 1626 2651 Gratio

27 2643 85 2671 a*
147 2656 150 2658 ,

25 2688 81 2805 ξ
163 2756 172 2762 ,
572 2686 574 2688 ¹
759 2691 978 2750 Salutem
1006 2699 1407 2750 salutarissimam
1435 2699 1566 2749 dicit.

46 2796 53 2805 ⁹
99 2829 106 2839 ·
172 2834 186 2848 ·
215 2812 386 2880 Nuper
430 2814 697 2880 scripsistis
745 2814 806 2864 ad
844 2830 922 2865 me
961 2815 1022 2865 de
1063 2813 1295 2872 Colonia,
1347 2819 1395 2864 et
1442 2813 1829 2878 reprehendistis
1867 2830 1945 2863 me
1985 2814 2114 2878 quod
2155 2828 2246 2878 ego

7 2921 13 2926 ·
75 2911 177 2950 non
211 2887 484 2952 scriberem
523 2900 584 2950 ad
622 2915 724 2958 voS‚
766 2916 825 2951 ex
865 2916 963 2966 quo
1003 2899 1195 2950 dixistis
1233 2900 1363 2965 quod
1405 2915 1494 2965 pre
1532 2898 1637 2949 aliis
1677 2899 1887 2949 libenter
1926 2898 2246 2964 legitismeas

32 2979 287 3055 pheras,
333 2986 466 3052 quod
515 2985 700 3037 habent
750 2985 937 3036 honum
985 2985 1175 3042 stilum,
1228 3000 1422 3035 necnon
1472 2984 1751 3050 procedunt
1803 2990 1937 3034 recte
1975 2984 2242 3033 secundnm

267 3070 587 3138 epistolandi,
639 3087 788 3137 quam
827 3071 989 3122 andivi
1027 3088 1054 3121 a
1093 3077 1254 3120 vestra
1294 3071 1560 3135 prestantia
1601 3071 1646 3119 in
1688 3068 1904 3119 Colonia.
1980 3069 2083 3134 Ego
2123 3070 2243 3118 seri-

86 3143 92 3149 *
184 3177 235 3201 ιιι
274 3156 439 3208 vobis:
480 3164 596 3207 ‘non
635 3157 794 3207 haheo
834 3172 1032 3222 semper
1072 3158 1400 3206 inventionem
1442 3162 1491 3206 et
1530 3155 1784 3204 materiam
1815 3160 1866 3203 nt
1893 3169 2024 3203 nnnc
2052 3152 2241 3203 habeo'.

40 3254 41 3259 ’
76 3296 101 3317 ί
129 3265 177 3285 2-
206 3241 397 3294 debetis
435 3248 608 3294 notare
645 3243 776 3309 quod
816 3245 911 3293 iam
952 3242 1032 3291 hic
1073 3241 1354 3291 celebratur
1402 3240 1764 3306 quodlibetnm,
1818 3247 1865 3289 et
1904 3240 2119 3304 magistri
2160 3240 2245 3288 do-

119 3346 157 3367 ··”
195 3349 255 3371 2...
305 3345 334 3380 e
371 3328 639 3393 expediunt
676 3344 728 3379 se
768 3327 1087 3379 artificialiter
1125 3343 1237 3377 cum
1280 3341 1453 3390 magna
1493 3326 1714 3375 doctrina
1754 3325 1802 3373 in
1843 3325 2243 3378 determinandis,

65 3398 79 3464 ζ
119 3412 343 3471 lendis,
384 3414 723 3480 proponendis
762 3413 1124 3479 questionibuS,
1177 3413 1503 3476 argumentiS,
1556 3410 1983 3476 probleumatibns
2022 3411 2069 3459 in
2113 3411 2242 3458 «unni

81 3496 92 3505 ⁴
145 3503 148 3511 '
213 3497 251 3550 ⁹.
322 3498 384 3549 Et
433 3515 544 3549 cum
584 3499 679 3548 hoc
715 3505 858 3563 poete
898 3505 945 3548 et
985 3505 1209 3547 oratores
1247 3502 1489 3562 apparent
1529 3495 1664 3546 valde
1703 3496 1951 3545 artificiosi
1991 3511 2047 3544 ac
2086 3496 2241 3543 scien-

116 3595 132 3617 ‘·
169 3597 211 3641 ;
259 3585 390 3636 inter
435 3600 559 3650 quos
597 3590 670 3634 est
710 3599 836 3634 unns
875 3582 1105 3633 notabilis
1145 3588 1192 3631 et
1230 3579 1523 3645 magistralis
1563 3582 1611 3630 in
1652 3579 1732 3630 illa
1773 3587 1877 3630 arte
1917 3596 2004 3646 pre¹
2045 3581 2237 3631 ceteris,

187 3763 203 3793 ¹
230 3767 293 3809 Et
323 3770 380 3810 ea
411 3771 529 3812 1....3.
560 3781 642 3822 pro
674 3769 735 3810 Et
767 3768 908 3817 nmui,
940 3770 1027 3809 sive
1065 3768 1234 3809 Etiam.
1352 3765 1368 3790 ⁵
1401 3765 1565 3806 iuditio
1598 3768 1638 3806 2.
1762 3762 1796 3789 ¹⁰
1827 3739 1955 3807 d.'10.
1980 3762 2155 3816 pfef.1.
2196 3761 2234 3799 «ι.

101 3849 141 3859 '⁴
183 3837 301 3893 pfef.
327 3842 371 3880 3.
460 3836 496 3865 ¹⁴
527 3869 538 3880 .
560 3839 746 3880 Dicatie
778 3842 817 3883 1.

49 3938 51 3943 ι
110 3948 114 3950 ,
185 3905 224 3936 ¹⁴
252 3907 361 3954 Gra.
384 3911 423 3955 1.
510 3907 549 3936 ³⁰
577 3909 730 3952 haheo
763 3914 801 3952 2.
889 3909 922 3936 ⁸¹
958 3907 1237 3963 quotlibetfi:
1270 3911 1312 3948 2.
